1847 2356
808 159 135 15 SAKREGISTER

1633 154 42 20 437

87 435 151 28 Eringsboda
253 435 101 28 socken;
371 444 21 13 se
410 435 203 23 Provinsialläkare
629 436 72 27 (1923:
713 436 26 27 4).

87 502 108 26 Erixson,
211 502 22 21 C.
249 501 34 25 A.,
300 509 117 14 amanuens
433 503 7 20 i
456 503 248 26 generalpoststyrelsen;
721 510 22 14 se
759 502 123 26 Pensioner,
895 504 32 20 be-

132 533 80 27 viljade
229 532 78 28 (1927).

87 596 154 27 Erlandsson,
258 598 142 27 värnpliktige
416 605 25 13 nr
456 598 23 20 M
495 598 28 20 24
540 596 119 28 212/1918.

118 629 53 26 Ang.
188 629 88 26 pension
293 629 22 20 åt
330 629 54 19 hans
400 628 68 24 fader;
486 634 21 14 se
525 627 122 25 Pensioner,
665 628 106 26 beviljade
787 628 79 26 (1921).

87 693 80 25 Ersta;
184 701 22 14 se
222 692 168 28 Avsöndringar
405 693 73 26 (1925:
493 693 24 26 1).

86 758 105 27 Ervalla;
209 767 21 13 se
247 758 275 27 Knektelegomedelskassa
538 758 80 26 (1921).

86 829 149 27 Ersättning.

116 862 37 20 RD
169 861 110 26 medgiver
294 862 32 19 att
341 860 33 20 till
391 861 96 25 envoyén
499 860 88 20 friherre
599 860 21 19 C.
633 861 24 19 A.
670 860 119 20 Beck-Friis
801 861 41 24 må,
855 863 74 18 utöver

131 892 36 20 det
183 891 34 20 till
232 891 80 20 honom
329 890 7 20 i
352 890 54 20 hans
422 889 121 21 dåvarande
560 889 106 27 egenskap
682 896 26 14 av
719 890 97 21 minister
826 891 8 19 i
845 891 83 20 Madrid

131 921 68 21 under
222 921 23 20 år
266 920 56 20 1919
340 919 123 21 utbetalade
479 919 96 26 bidraget
593 919 63 21 1000
673 919 31 20 kr.
721 920 33 20 till
770 921 158 26 uppvärmning

131 952 39 20 och
188 950 112 27 belysning
317 957 25 13 av
359 950 215 25 beskickningshuset
585 950 6 19 i
603 949 94 20 nämnda
713 949 54 25 stad,
787 957 25 13 av
824 950 104 22 ordinarie

130 980 186 27 förslagsanslaget
330 979 194 24 skrivmaterialier,
540 986 109 19 expenser,
665 979 155 27 renskrivning,
829 980 46 25 ved,
885 981 43 26 ljus

131 1018 28 13 m.
176 1018 28 13 m.
217 1010 106 21 utbetalas
335 1010 118 25 ersättning
464 1009 32 20 för
507 1009 87 26 utgifter
605 1009 33 20 för
649 1009 89 20 berörda
749 1009 99 21 ändamål
861 1011 67 20 under

131 1040 96 21 nämnda
242 1040 23 20 år
281 1040 49 20 med
349 1039 62 21 1970
427 1039 31 20 kr.

116 1101 50 20 Ord.
178 1099 185 27 förslagsanslaget
376 1099 33 20 till
421 1099 117 26 ersättning
549 1099 21 20 åt
581 1105 105 20 personer,
699 1099 131 26 menigheter
841 1100 39 20 och
892 1100 35 20 all-

132 1132 79 19 männa
222 1130 142 25 inrättningar
374 1129 33 20 för
418 1129 49 20 dem
476 1135 76 20 genom
561 1136 43 19 nya
612 1129 133 26 strafflagens
753 1129 111 21 införande
873 1130 55 20 från-

132 1161 83 26 gångna
227 1159 147 21 bötesandelar
386 1161 104 24 upptages
501 1158 49 21 med
562 1159 63 20 halva
637 1159 99 26 beloppet
747 1159 51 21 eller
810 1159 26 20 13
845 1160 42 20 450
896 1160 30 20 kr.

89 1229 4 4 2
116 1221 38 20 RD
174 1219 114 27 medgiver,
308 1220 32 19 att
355 1225 26 14 av
398 1219 109 20 allmänna
523 1218 165 27 besparingarna
704 1218 68 21 under
788 1218 33 21 9:e
837 1219 40 20 HT
893 1221 35 19 må

131 1250 34 21 till
189 1250 115 25 delägarna
319 1250 7 19 i
341 1249 140 26 Jukkasjärvi
504 1248 27 27 by
547 1249 7 19 i
570 1248 138 27 Jukkasjärvi
732 1249 76 20 socken
825 1256 26 13 av
867 1250 60 20 Norr-

132 1281 85 19 bottens
233 1279 35 20 län
284 1279 108 20 utbetalas
406 1280 30 19 ett
447 1278 78 26 belopp
536 1285 26 14 av
573 1278 12 20 4
596 1278 42 20 013
650 1278 31 20 kr.
695 1278 27 20 14
733 1280 34 19 öre
779 1279 33 20 till
824 1279 103 21 täckande

131 1317 27 13 av
177 1310 55 20 vissa
248 1308 114 21 kostnader
372 1309 34 20 för
417 1308 155 26 hantlangning
583 1308 39 20 och
633 1308 111 26 godemän,
757 1315 46 14 som
815 1308 123 27 delägarna
921 1304 18 35 |

132 1340 36 20 vid
185 1339 43 27 byn
244 1339 90 26 ågånget
350 1338 47 26 laga
413 1338 64 20 skifte
493 1338 41 20 fått
550 1338 119 20 vidkännas
685 1338 33 20 till
735 1338 55 27 följd
801 1345 26 14 av
836 1339 91 20 brister
913 1334 10 36 i

132 1368 158 22 vederbörande
306 1368 201 26 förrättningsmans
524 1368 77 20 arbete.

116 1429 50 20 Ord.
191 1428 187 26 förslagsanslaget
396 1428 33 20 till
449 1428 117 25 ersättning
582 1428 21 19 åt
619 1434 105 20 personer,
741 1428 131 26 menigheter
888 1429 39 20 och

131 1459 111 20 allmänna
256 1458 142 26 inrättningar
414 1458 33 20 för
463 1457 49 21 dem
528 1464 76 19 genom
621 1464 42 20 nya
674 1457 132 27 strafflagens
816 1458 111 21 införande

131 1489 132 26 frångångna
279 1488 148 20 bötesandelar
443 1488 101 26 uppföres
560 1487 50 21 med
628 1487 78 21 24300
722 1487 31 20 kr.

116 1548 43 21 Till
175 1547 119 21 beredande
310 1554 26 14 av
352 1548 118 25 ersättning
485 1548 22 19 åt
523 1548 77 25 ägarna
616 1554 26 13 av
657 1547 36 21 två
704 1547 136 27 förolyckade
851 1550 75 18 motor-

132 1579 60 19 båtar
215 1578 84 20 anvisas
322 1578 33 20 för
379 1577 125 26 budgetåret
529 1576 126 28 1923/1924
679 1579 30 18 ett
732 1578 59 19 extra
809 1577 74 27 anslag
902 1585 25 13 av

133 1608 26 20 16
170 1608 42 20 000
229 1608 30 20 kr.

116 1668 38 20 RD
170 1667 115 26 medgiver,
302 1668 32 19 att
349 1667 34 20 till
400 1666 136 21 bestridande
552 1673 26 14 av
594 1667 92 20 kronans
703 1667 65 26 utgift
781 1667 33 20 till
824 1667 103 27 åtlydnad

132 1704 26 14 av
174 1697 71 21 KM:ts
261 1698 8 19 i
284 1697 233 26 statsrådsprotokollet
533 1698 49 19 över
598 1696 185 21 försvarsärenden
794 1697 42 20 den
847 1697 12 20 2
871 1704 56 14 mars

133 1727 56 21 1923
213 1727 144 21 omförmälda
380 1727 50 20 dom
455 1726 41 21 den
513 1727 12 19 2
542 1727 51 20 febr.
611 1726 56 21 1923
684 1727 36 19 må
735 1728 51 19 utav
802 1726 35 21 det
853 1727 8 20 i
876 1727 50 21 riks-

132 1759 69 19 staten
217 1757 33 21 för
261 1757 58 20 tiden
332 1757 11 20 1
353 1756 103 27 jan.—30
473 1757 48 26 juni
534 1756 56 20 1923
602 1756 33 20 till
646 1756 137 21 oförutsedda
793 1757 88 26 utgifter
891 1757 36 20 vid

131 1787 62 21 sidan
217 1794 26 14 av
266 1786 164 21 huvudtitlarna
453 1786 107 27 uppförda
578 1786 163 26 förslagsanslag
756 1787 12 19 å
785 1786 41 21 500
837 1786 42 21 000
896 1787 30 20 kr.

131 1819 59 24 tagas
206 1817 7 20 i
229 1817 93 26 anspråk
341 1818 30 19 ett
384 1816 78 26 belopp
479 1823 25 14 av
521 1817 61 25 högst
599 1816 26 20 26
637 1816 41 21 275
695 1816 30 20 kr.
744 1816 26 20 97
788 1818 35 19 öre
839 1816 40 26 (för
895 1817 32 20 be-

132 1847 108 21 stridande
257 1853 26 14 av
299 1846 119 21 kostnaden
435 1847 7 19 i
458 1846 116 26 anledning
585 1853 26 13 av
622 1846 81 20 kronan
715 1846 79 20 ådömd
805 1846 122 27 skyldighet

132 1878 31 19 att
173 1877 34 20 till
219 1876 120 21 Vaxholms
354 1883 43 20 nya
408 1876 244 26 ångfartygsaktiebolag
662 1876 73 26 utgiva
745 1876 43 20 viss
797 1876 129 26 ersättning).

117 1937 74 20 Såsom
216 1936 117 26 ersättning
354 1936 33 20 för
406 1936 41 20 den
463 1936 83 24 förlust,
563 1942 46 14 som
626 1936 76 20 firman
719 1936 21 20 C.
758 1936 22 20 B.
797 1931 129 29 Åkerström,

132 1966 132 24 Stockholm,
280 1966 49 20 lidit
344 1966 37 20 vid
395 1966 95 20 leverans
502 1972 26 14 av
539 1966 106 20 stubbved
656 1966 33 20 till
701 1965 98 21 tekniska
810 1966 117 26 högskolan

131 1996 69 20 under
215 1997 23 19 år
256 1995 63 25 1921,
331 1996 84 20 anvisas
425 1996 33 20 för
469 1995 125 27 budgetåret
606 1994 126 30 1923/1924
743 1997 31 19 ett
785 1997 58 19 extra
854 1996 74 25 anslag

132 2033 27 14 av
179 2025 78 21 24361
279 2026 39 25 kr.,
336 2027 31 19 att
382 2026 53 20 efter
451 2026 72 20 KM:ts
539 2025 134 27 beprövande
689 2025 33 21 till
739 2025 64 26 sagda
820 2026 61 20 firma
896 2028 30 18 ut-

133 2056 81 21 betalas
230 2055 50 22 med
297 2056 62 26 högst
375 2056 95 20 nämnda
486 2056 84 26 belopp.

959 252 21 144 1883epsYIY

1003 206 66 80 SR

1016 299 18 104 198[9ALLYS
1016 240 17 47 199

1035 370 17 53 ”doxd
1036 298 21 64 s):len

1075 276 93 17 Motioner

1231 246 94 18 Utskotts-

1220 276 111 18 utlåtanden

1196 306 45 18 eller
1255 306 98 18 memorial

1398 228 51 18 Riks:

1388 258 72 23 dagens

1402 289 46 17 skri-

1395 319 62 17 velser

1518 259 117 17 Kamrarnas

1503 288 145 23 förhandlingar

1344 375 17 44 epIs

1445 374 17 19 =

1445 395 17 11 &

1397 384 17 17 4

1397 402 60 17 HI

1491 373 67 17 Första

1488 397 70 17 kamm.

1592 373 64 17 Andra

1589 397 70 17 kamm.

944 860 51 23 1921

944 1099 55 23 1922

943 1428 56 22 1923

1345 1434 22 15 15

1494 1220 31 20 19:
1537 1226 9 14 6

1507 1429 18 19 9:

1521 1677 3 11 :
1536 1673 24 15 36

1593 862 33 20 53:
1638 867 23 16 67

1592 1548 34 20 25:
1637 1553 25 15 80

1593 1668 33 20 25:
1637 1673 24 15 32

1592 1936 33 19 26:
1637 1940 24 16 10
