1854 2357
163 156 43 21 522
898 162 136 16 SAKREGISTER

181 440 182 21 Folkskoleväsen.

169 476 22 16 15
211 471 28 20 På
255 472 60 19 extra
334 472 42 18 stat
392 471 70 20 såsom
478 470 105 21 särskilda
599 471 214 26 reservationsanslag
829 471 84 21 anvisas
929 471 45 22 dels
988 472 32 20 för

225 500 159 27 uppehållande
403 507 26 13 av
445 500 164 21 verksamheten
625 501 37 20 vid
677 503 80 18 statens
773 501 246 21 småskoleseminarium

224 531 8 19 i
243 530 102 27 Lycksele
358 530 26 20 25
395 530 42 20 000
449 530 38 25 kr.,
500 530 45 21 dels
556 530 39 21 ock
608 531 33 20 för
651 531 158 26 uppehållande
821 538 26 14 av
858 531 161 21 verksamheten

225 560 36 21 vid
278 562 80 19 statens
374 560 247 21 småskoleseminarium
637 561 8 20 i
661 561 128 26 Hagaström
806 561 26 20 31
843 560 42 22 000
903 561 30 21 kr.

169 626 22 15 16
208 620 41 21 Till
258 620 115 21 understöd
380 620 68 21 under
455 621 22 20 år
483 620 56 21 1922
546 621 22 20 åt
575 621 95 26 följande
677 621 98 20 enskilda
782 621 237 25 småskoleseminarier,

227 651 60 26 »Nya
302 650 243 21 småskoleseminariet>
563 651 72 25 (Alma
651 651 118 26 Detthows)
784 651 7 20 i
807 651 132 25 Stockholm,
956 652 25 20 G.
994 652 25 20 V.

225 681 64 20 Uléns
312 681 139 20 seminarium
467 681 8 20 i
490 681 65 20 Borås
575 681 40 21 och
631 681 23 20 L.
672 682 23 19 A.
714 681 128 21 Cederboms
858 682 138 20 seminarium
1013 682 7 20 i

225 711 72 24 Skara,
309 711 85 21 anvisas
410 712 27 25 på
453 712 60 19 extra
528 712 43 19 stat
586 713 30 19 ett
631 711 170 26 förslagsanslag,
817 711 68 27 högst,
899 711 25 21 12
934 711 42 22 000
988 712 31 20 kr.

168 775 24 17 17
210 771 28 20 På
254 772 60 19 extra
330 772 43 19 stat
389 770 90 27 beviljas
495 770 33 21 till
544 771 228 26 fortbildningskurser
782 771 33 20 för
826 771 67 21 lärare
904 771 36 21 vid
951 773 69 25 egent-

224 800 42 26 liga
289 800 119 21 folkskolor
430 801 40 20 och
494 801 118 20 småskolor
631 801 96 27 följande
746 801 223 27 reservationsanslag:
986 802 33 20 till

224 830 227 26 fortbildningskurser
467 831 6 19 i
485 830 119 21 allmänhet
621 831 26 20 75
657 831 42 20 000
716 831 37 25 kr.,
765 831 33 20 till
809 831 104 21 särskilda
923 831 96 21 fortbild-

224 860 138 27 ningskurser
377 861 7 19 i
400 861 123 26 gymnastik
539 860 80 21 41600
636 861 38 24 kr.,
692 861 33 20 till
741 861 105 21 särskilda
861 861 158 27 fortbildnings-

224 890 90 21 kurser
296 886 22 34 i
325 890 240 26 skolträdgårdsskötsel
578 890 26 21 19
615 890 42 21 300
669 891 39 24 kr.,
720 892 56 19 samt
787 891 32 21 till
831 891 105 21 särskilda
946 891 74 21 kurser

224 921 6 19 i
247 921 94 25 simning
357 921 40 20 och
413 920 137 26 livräddning
566 920 65 21 4680
648 921 31 20 kr.

169 979 21 16 18
209 974 82 21 Motion
306 981 35 13 om
358 974 74 26 anslag
447 974 33 20 för
495 974 189 27 upprätthållande
700 981 26 14 av
742 975 122 27 inspektion
875 981 26 15 av
912 975 107 21 undervis-

223 1004 79 26 ningen
318 1004 7 20 i
340 1004 124 26 gymnastik
488 1004 49 21 med
560 1004 36 21 lek
619 1005 40 20 och
682 1004 66 21 idrott
763 1004 37 22 vid
816 1005 123 25 folkskolor,
955 1005 64 26 högre

223 1034 119 21 folkskolor
352 1036 56 19 samt
420 1034 148 21 läroanstalter
578 1035 33 20 för
622 1034 138 21 dövstumma
770 1035 40 20 och
821 1035 33 20 för
862 1035 74 20 blinda
944 1035 75 21 avslås.

168 1099 22 15 19
208 1093 49 21 Ord.
281 1093 187 27 förslagsanslaget
491 1093 33 21 till
548 1094 128 26 statsbidrag
699 1094 33 20 till
748 1094 100 26 avlöning
863 1095 22 20 åt
900 1094 67 21 lärare
984 1094 35 21 vid

223 1123 118 21 folkskolor
357 1123 96 21 minskas
470 1123 49 21 med
536 1124 12 19 2
559 1123 42 21 656
611 1123 42 21 000
670 1124 30 20 kr.
719 1124 33 20 till
768 1123 27 21 39
806 1124 42 20 500
858 1123 42 22 000
916 1124 31 21 kr.

166 1182 25 16 20
209 1177 49 20 Ord.
275 1177 192 26 förslagsanslaget,
484 1177 68 26 högst,
569 1177 33 20 för
618 1177 119 21 beredande
753 1184 26 14 av
794 1178 114 27 möjlighet
921 1178 33 20 till
965 1178 53 21 skol-

223 1208 55 25 gång
301 1214 76 19 genom
401 1207 163 26 inackordering
579 1207 7 20 i
603 1207 97 21 skolhem
723 1207 52 21 eller
798 1207 97 21 enskilda
918 1208 50 21 hem
987 1208 33 21 för

224 1237 138 26 skolpliktiga
378 1237 52 20 barn
446 1244 26 13 av
488 1237 81 26 fattiga,
584 1237 95 26 avlägset
693 1237 81 21 boende
785 1237 103 21 föräldrar
899 1238 60 27 höjes
970 1238 49 21 med

224 1267 28 20 50
261 1267 43 20 000
321 1267 30 20 kr.
369 1267 34 20 till
421 1266 41 21 125
472 1266 42 21 000
531 1267 30 20 kr.

167 1332 23 16 21
210 1327 31 20 Av
265 1326 36 21 det
323 1328 51 19 utav
389 1326 113 26 riksdagen
526 1326 106 27 beviljade
651 1327 96 26 anslaget
762 1328 12 20 å
790 1327 42 20 240
842 1327 42 21 000
902 1329 29 20 kr.
949 1328 68 21 såsom

224 1356 74 26 bidrag
321 1356 34 21 till
374 1356 233 27 skolhemsbyggnader
623 1357 39 20 och
679 1357 60 20 deras
755 1357 113 26 inredning
883 1359 59 20 inom
958 1358 60 27 lapp-

224 1386 221 26 marksförsamlingar
466 1386 50 21 med
539 1386 47 21 icke
608 1387 145 29 finsktalande
771 1387 124 27 befolkning
914 1388 7 20 i
937 1388 81 20 Väster-

224 1417 84 20 bottens
333 1417 38 20 och
388 1416 139 21 Norrbottens
541 1416 35 21 län
593 1418 56 19 samt
664 1417 59 20 inom
740 1417 115 20 Överkalix
871 1418 125 26 församling
1012 1418 7 20 i

223 1446 139 21 Norrbottens
381 1446 35 20 län
436 1446 84 21 anvisas
540 1447 27 25 på
583 1448 59 19 extra
658 1448 42 19 stat
716 1448 31 19 ett
762 1448 216 25 reservationsanslag
993 1454 26 14 av

224 1476 27 20 80
261 1476 42 21 000
320 1476 30 20 kr.

166 1535 25 16 22
209 1529 42 21 Till
275 1529 119 21 beredande
414 1536 26 14 av
459 1529 113 27 möjlighet
591 1530 33 20 till
640 1530 103 27 skolgång
757 1530 34 21 för
806 1531 82 26 fattiga,
905 1532 27 26 på
947 1531 72 27 längre

224 1559 90 21 avstånd
329 1560 47 20 från
392 1559 60 21 skola
468 1560 82 20 boende
567 1560 140 27 skolpliktiga
722 1560 52 21 barn
788 1561 60 20 inom
859 1561 109 26 Hotagens
979 1562 40 20 och

224 1589 136 21 Frostvikens
375 1589 150 27 församlingar
541 1590 84 21 anvisas
641 1591 27 26 på
684 1592 60 19 extra
755 1592 42 19 stat
807 1592 31 19 ett
848 1591 170 27 förslagsanslag,

224 1620 68 26 högst,
311 1620 12 20 3
333 1619 42 21 000
392 1620 31 20 kr.

166 1679 24 15 23
209 1673 42 21 Till
267 1673 119 21 avlönande
403 1680 25 14 av
440 1673 66 21 lärare
520 1674 22 20 åt
552 1673 38 21 vid
600 1674 191 21 vanföreanstalter
802 1674 40 21 och
852 1674 168 21 kustsanatorier

224 1704 87 25 intagna
327 1704 52 20 barn
394 1703 8 21 i
418 1703 121 21 skolåldern
555 1704 84 20 anvisas
655 1704 28 26 på
698 1706 61 19 extra
774 1706 43 19 stat
832 1704 78 22 20000
926 1705 37 24 kr.;
980 1705 39 21 och

223 1733 110 27 medgiver
349 1733 37 21 RD
402 1735 32 19 att
450 1740 25 14 ur
491 1733 96 21 nämnda
602 1734 74 26 anslag
691 1734 130 27 statsbidrag
836 1735 36 20 må
887 1735 26 20 fr.
925 1741 18 14 o.
956 1741 28 14 m.
996 1736 24 19 år

225 1763 55 21 1921
293 1764 51 25 utgå
354 1763 34 20 till
399 1763 118 21 avlönande
528 1770 27 14 av
565 1763 67 21 lärare
643 1764 37 20 vid
691 1764 117 27 sällskapet
816 1764 203 27 Eugeniahemmets

224 1793 60 21 skola
307 1793 67 26 enligt
396 1793 112 21 enahanda
529 1793 98 27 grunder,
650 1800 45 14 som
716 1796 35 18 äro
770 1794 98 26 gällande
887 1794 132 21 beträffande

224 1823 128 26 statsbidrag
367 1823 34 20 till
417 1823 100 26 avlöning
533 1824 22 20 åt
570 1823 66 21 lärare
652 1823 36 21 vid
704 1824 57 21 vissa
776 1824 188 21 vanföranstalters
979 1825 39 20 och

224 1853 178 21 kustsanatoriers
418 1853 78 20 skolor.

166 1918 24 16 24
209 1913 37 20 RD
271 1913 108 26 medgiver
403 1913 42 21 viss
469 1913 80 26 ökning
564 1920 26 14 av
606 1913 88 21 arvodet
709 1913 33 20 till
758 1913 67 21 lärare
840 1914 8 20 i
863 1914 155 26 fortsättnings-

223 1943 61 20 skola
302 1943 40 20 och
362 1943 197 26 ersättningsskola;
584 1943 39 20 och
643 1943 60 27 höjes
723 1943 44 21 ord.
784 1944 186 26 förslagsanslaget
985 1944 33 21 till

223 1972 116 21 understöd
362 1973 34 20 för
417 1973 119 20 avlönande
560 1979 26 14 av
609 1973 67 20 lärare
692 1973 36 21 vid
744 1973 210 27 fortsättningsskola
969 1974 49 21 med

224 2002 42 21 825
277 2002 42 20 000
341 2002 31 21 kr.
390 2002 34 21 till
446 2003 64 20 2875
520 2002 42 21 000
586 2003 39 24 kr.;
650 2003 39 20 och
705 2003 85 21 anvisas
805 2004 34 20 för
855 2003 118 22 beredande
992 2010 26 14 av

224 2032 212 27 arvodesförhöjning
452 2033 22 20 åt
487 2032 66 21 lärare
564 2033 36 20 vid
608 2033 209 26 fortsättningsskola
828 2034 27 26 på
865 2036 61 18 extra
936 2035 42 20 stat
989 2036 30 19 ett

224 2062 164 26 förslagsanslag
404 2069 26 14 av
447 2062 42 21 540
499 2063 42 20 000
555 2063 30 20 kr.

1132 225 17 18 =

1108 243 36 18 oc

1055 255 17 26 2
1108 258 41 32 28
1324 251 94 47 RR
1612 264 117 18 Kamrarnas

1055 286 17 26 z
1108 293 41 28 22
1266 281 72 30 SSR
1399 286 27 28 a
1597 294 144 23 förhandlingar

1055 316 18 12 2
1109 313 35 27 178
1266 319 2 16 |
1288 310 47 18 eller
1347 311 98 18 memorial

1051 332 259 60 2
1748 362 13 2 |

1055 376 18 11 >
1109 373 35 23 lag
1282 376 58 19 RR
1583 378 69 18 Första
1657 374 20 32 |
1686 378 65 18 Andra

1046 387 21 41 is
1108 387 36 40 38
1282 394 58 40 Zlå
1377 388 17 28 Z
1436 400 17 24 -
1580 402 71 18 kamm.
1650 395 27 35 |
1683 403 70 18 kamm,

1307 442 2 22 Fa

1035 472 53 21 19211
1109 472 39 21 1:8
1286 471 23 30 6)
1329 474 9 20 1
1363 474 82 21 8Ah3
1584 469 34 39 26:
1629 480 25 16 49
1655 469 21 39 |
1679 476 33 20 31:
1725 481 35 15 151

1307 503 2 16 |
1414 508 1 23 I

1414 533 1 11 I

1414 545 1 11 I

1266 559 2 18 |
1414 559 1 36 |

1414 596 1 21 I

1059 630 7 10 >
1287 623 51 21 6/1
1364 624 38 21 BA
1414 625 45 33 134
1585 621 33 34 26:
1630 630 23 16 49
1659 621 18 34 |
1679 625 32 20 31:
1725 630 35 16 151

1414 660 2 19 I

1414 681 2 31 |

1414 715 2 27 |

1058 780 9 11 >
1286 774 12 20 6)
1328 773 10 21 11
1364 765 96 31 8Al135
1584 771 32 34 26:
1628 780 24 16 49
1656 771 54 34 |31:
1724 780 35 16 151

1159 903 2 34 |
1664 906 2 28 |

1058 984 7 11 >
1159 964 2 50 |
1286 977 12 20 6)
1328 977 11 21 11
1364 978 40 20 8A
1422 983 37 16 137
1571 974 46 34 26:
1628 983 24 16 49
1656 974 18 34 |
1678 974 33 34 31:
1723 983 36 16 151

1057 1104 8 9 >
1286 1096 12 20 6
1329 1060 73 86 1i8A
1422 1102 38 16 138
1584 1097 34 21 26:
1629 1103 24 15 49
1666 1091 1 30 |
1678 1087 33 42 31:
1723 1102 36 15 151

1057 1187 8 11 >
1286 1180 23 39 6/1
1329 1181 131 32 8Ah88
1584 1182 33 20 26:
1629 1186 23 16 49
1655 1163 19 50 |
1673 1163 37 50 31:
1723 1163 44 50 151]

1349 1216 2 27 cd

1308 1253 1 19 I

1307 1280 2 21 |
1665 1266 1 33 |

1058 1337 7 10 »
1286 1315 23 45 6)
1330 1330 8 20 1
1364 1331 96 20 8Al138
1584 1332 27 19 26:
1629 1336 24 15 49
1660 1326 14 34 |
1677 1330 25 20 31:
1723 1335 35 15 151

1307 1380 2 19 Ile

1307 1434 43 39 2

1307 1480 2 31 |
1349 1473 1 12 I

1307 1513 1 14 I

1057 1539 9 11 »
1286 1532 12 20 6!
1328 1532 75 21 118A
1422 1538 38 16 139
1583 1528 33 36 26:
1628 1538 24 16 49
1670 1532 33 20 31:
1714 1532 47 20 151d

1057 1683 8 11 »
1286 1676 11 20 6)
1328 1675 10 21 11
1364 1677 40 20 8A
1423 1681 38 16 140
1584 1671 33 36 26:
1629 1682 24 15 49
1656 1671 19 36 |
1678 1671 33 36 31:
1723 1681 36 15 154

1415 1736 1 11 I

1416 1803 1 35 |

1416 1840 1 28 |

1416 1872 1 43 |
1666 1877 1 27 |

1057 1921 8 11 »
1286 1915 12 20 6!
1328 1914 10 21 11
1366 1914 39 21 8A
1416 1919 46 17 140
1576 1910 34 38 26:
1622 1910 83 38 49/31:
1715 1914 47 20 154d

1416 1939 1 34 |
1666 1949 2 22 |

1416 1985 1 52 |
1667 2009 1 10 I

1416 2034 58 55 fd
1667 2038 1 17 |

1849 2118 3 22 AROR
1833 2075 21 13 Or
1833 2033 21 34 NT
1833 2019 21 15 TN
1833 2003 21 10 2n
1833 1995 21 9 2
1833 1940 21 44 VRAK

1832 2323 22 34 PR
1845 2234 7 118 rk
1832 2232 22 21 EA
1832 2200 22 19 är
1832 2188 22 13 SN
