1842 2356
812 157 135 15 SAKREGISTER

91 434 169 27 Avsöndringar
275 442 26 13 m.
318 441 26 14 m.

106 465 62 21 Inom
186 464 96 22 Kalmar
298 465 45 20 län:

80 500 24 16 18
121 495 38 21 RD
175 495 116 26 medgiver,
308 496 31 19 att
354 496 31 19 tre
401 495 7 19 i
419 494 232 26 statsrådsprotokollet
662 494 92 26 angivna
764 494 63 20 lotter
837 501 26 13 av
874 494 56 20 hem-

136 527 74 19 manet
232 525 105 20 Norrhult
355 531 25 14 nr
396 524 12 20 2
424 524 8 20 i
448 524 103 26 Hjorteds
570 524 84 23 socken,
671 524 107 26 nämligen
795 522 38 28 2/,,
850 524 81 20 mantal

136 555 104 21 Norrhult
262 562 26 13 nr
304 555 12 20 2
333 555 40 20 litt.
400 554 39 25 Bb,
464 554 49 27 5/,,,
537 554 82 20 mantal
643 554 103 20 Norrhult
764 561 26 13 nr
806 554 12 20 2
834 554 41 20 litt.
895 554 35 23 Be,

136 585 69 20 kallat
227 584 90 24 Axhult,
337 584 39 20 och
396 582 47 29 /,,,
464 584 81 20 mantal
561 584 104 20 Norrhult
680 590 25 14 nr
721 584 12 19 2
750 583 42 21 litt.
809 583 38 25 Bd,
864 583 68 21 kallat

136 614 128 25 Brännkärr,
288 615 36 19 må
347 620 37 14 var
407 614 33 20 för
456 614 31 26 sig
503 613 50 21 med
569 613 135 26 saluvärden,
720 620 46 13 som
782 613 37 21 vid
834 614 23 19 år
874 613 56 20 1925

136 644 116 21 verkställd
276 644 156 27 uppskattning
455 644 120 24 beräknats,
599 643 99 27 försäljas
717 643 49 21 med
782 643 150 21 hembudsrätt

137 675 33 19 för
191 674 123 21 nuvarande
333 673 145 21 arrendatorer
494 674 39 20 och
550 673 132 21 beträffande
698 673 84 20 Axhult
797 673 39 20 och
852 673 78 20 Bränn-

136 704 49 20 kärr
208 704 49 20 med
273 704 7 20 i
296 703 233 26 statsrådsprotokollet
545 703 92 26 angivna
652 703 112 20 förbehåll.

79 774 23 16 19
120 769 37 20 RD
173 769 115 26 medgiver,
305 769 45 20 dels
366 770 32 19 att
413 768 34 21 till
463 768 48 20 a.-b.
528 769 135 20 Järnforsens
678 768 143 20 möbelfabrik
837 769 36 19 må
886 770 46 18 mot

135 806 26 13 en
183 799 150 26 köpeskilling,
357 799 19 26 ej
401 798 165 26 understigande
586 798 80 20 27300
682 798 37 23 kr.,
736 798 98 27 försäljas
851 798 78 20 5.4110

135 829 76 20 hektar
234 835 26 14 av
283 829 57 20 förra
362 828 220 26 trumpetarbostället
598 827 27 28 !/,
642 828 82 20 mantal
740 828 99 20 Prästnäs
854 835 26 13 nr
896 827 10 21 1
925 828 5 18 i

135 858 83 21 Målilla
233 858 85 25 socken,
334 859 67 26 jämte
417 858 33 20 till
467 857 95 21 nämnda
578 857 89 21 boställe
683 857 94 21 hörande
792 859 116 19 vattenrätt
924 858 6 19 i

135 889 77 23 Emån,
229 888 79 21 0.0550
326 888 76 20 hektar
412 894 26 14 av
452 888 8 19 1
474 887 82 21 mantal
568 887 105 21 Klövdala
684 894 26 13 nr
725 887 9 20 1
748 887 49 21 med
808 887 122 27 utjordarna

135 918 107 21 Klövdala
257 925 26 13 nr
300 918 10 20 1
328 918 39 20 och
385 918 12 19 2
413 918 8 19 i
436 917 78 21 Järeda
532 917 78 21 socken
629 924 26 14 av
674 924 83 13 samma
771 917 43 25 län,
831 917 45 20 dels
891 917 39 20 ock

135 950 32 19 att
182 948 127 26 lägenheten
320 948 120 20 Trekanten
452 954 35 13 om
499 947 79 21 0.5170
590 947 76 21 hektar
676 948 36 19 må
722 947 123 27 frånskiljas
856 947 74 20 krono-

136 978 81 27 parken
234 977 107 21 Klövdala
357 977 39 21 och
412 977 105 27 försäljas.

77 1048 26 16 20
120 1044 38 20 RD
174 1043 109 27 medgiver
298 1044 33 20 för
347 1044 33 20 sin
396 1043 41 25 del,
454 1045 31 18 att
501 1043 41 20 den
558 1043 34 20 del
608 1049 26 14 av
650 1043 41 20 den
704 1043 32 20 för
746 1043 64 26 högre
821 1043 109 20 allmänna

136 1074 119 20 läroverket
270 1074 7 20 i
293 1073 89 21 Kalmar
398 1080 29 13 nu
443 1073 98 20 använda
557 1073 39 20 och
613 1080 26 13 av
656 1075 106 18 tomterna
777 1080 25 13 nr
818 1073 50 25 328,
880 1073 49 25 329,

136 1104 49 24 330,
204 1103 49 25 331,
270 1103 50 25 332,
338 1103 42 20 333
397 1103 39 21 och
453 1103 43 20 334
512 1105 57 18 samt
584 1103 64 20 halva
662 1105 82 18 tomten
761 1110 25 13 nr
798 1103 42 20 335
851 1103 7 20 i
869 1109 62 14 norra

136 1134 107 20 kvarteret
253 1140 26 14 av
290 1133 122 21 stadsdelen
421 1133 162 20 Kvarnholmen
592 1133 114 20 bestående
714 1133 135 26 fastigheten,
858 1133 72 20 vilken
939 1148 1 4 |

136 1163 46 21 icke
206 1163 66 20 redan
295 1163 74 20 tillhör
392 1163 89 20 Kalmar
500 1162 53 25 stad,
571 1163 35 19 må
622 1162 50 21 med
687 1162 124 27 äganderätt
826 1163 104 20 överlåtas

136 1193 33 20 till
185 1193 75 21 staden
276 1193 68 20 under
360 1192 78 21 villkor
453 1194 32 19 att
500 1192 81 24 staden,
598 1192 58 21 inom
673 1199 26 13 av
711 1193 61 20 KM:t
783 1192 97 21 bestämd
891 1192 38 25 tid,

136 1223 175 20 tillhandahåller
326 1222 150 21 läroverkshus
492 1222 49 20 med
557 1222 155 26 gymnastiksal
728 1222 39 20 och
779 1222 93 27 lekplan,
884 1229 45 13 som

136 1260 26 13 av
181 1253 61 20 KM:t
261 1253 53 20 efter
329 1252 159 20 vederbörande
504 1252 160 26 myndigheters
679 1252 94 20 hörande
789 1254 76 24 prövas
881 1259 50 13 vara

136 1289 26 14 av
178 1282 84 26 fullgod
279 1282 153 24 beskaffenhet,
449 1284 101 19 ävensom
567 1281 75 21 bostad
658 1282 51 20 eller
724 1282 7 20 i
742 1282 88 26 behörig
841 1282 90 26 ordning

136 1312 98 21 bestämd
250 1312 181 26 hyresersättning
447 1312 22 20 åt
483 1311 77 21 rektor.

105 1378 62 20 Inom
185 1377 166 21 Kristianstads
366 1377 45 20 län:

77 1413 24 15 21
120 1408 38 20 RD
174 1408 115 26 medgiver,
306 1409 32 18 att
353 1408 36 19 nio
405 1408 7 19 i
428 1406 232 27 statsrådsprotokollet
675 1407 143 20 omförmälda
829 1407 100 21 områden

135 1438 37 20 må
186 1438 48 19 från
245 1437 200 26 kronoegendomen
457 1435 27 29 ?/,
496 1436 82 21 mantal
592 1436 124 27 Arkelstorp
727 1444 25 13 nr
764 1437 10 20 1
787 1437 7 20 i
803 1437 128 27 Oppmanna

136 1468 77 20 socken
229 1469 47 19 vart
290 1467 34 20 för
339 1467 32 26 sig
386 1467 105 26 försäljas.

79 1544 24 16 22
121 1539 38 20 RD
175 1538 109 27 medgiver
298 1538 128 27 försäljning
441 1545 26 14 av
483 1538 30 20 tio
528 1538 8 20 i
547 1538 231 26 statsrådsprotokollet
789 1539 142 20 omförmälda

137 1569 122 25 lägenheter
274 1568 49 21 med
340 1575 26 14 av
382 1568 261 27 uppskattningsmännen
659 1568 92 26 angivna
766 1569 101 20 områden
883 1569 47 20 från

136 1598 200 27 kronoegendomen
352 1596 27 30 1/,
396 1598 81 20 mantal
493 1598 86 26 Tollarp
595 1605 26 13 nr
637 1598 12 20 5
666 1598 39 20 och
722 1599 13 20 8
748 1598 7 20 i
767 1599 76 20 Västra
854 1599 76 20 Vrams

136 1628 85 21 socken.

79 1698 24 16 238
121 1693 38 21 RD
174 1693 116 26 medgiver,
306 1695 32 18 att
353 1693 65 20 sedan
434 1692 198 27 kronoegendomen
649 1692 28 28 1/,
691 1693 82 21 mantal
784 1694 86 20 Kroken
882 1701 25 13 nr
918 1694 11 20 1

136 1723 7 20 i
158 1723 115 26 Riseberga
296 1723 77 20 socken
397 1722 63 21 blivit
482 1729 76 19 genom
577 1722 153 27 ägostyckning
745 1724 8 19 i
769 1723 94 27 enlighet
881 1723 49 21 med

135 1753 272 27 uppskattningsmännens
430 1752 79 26 förslag
531 1752 64 20 delad
613 1753 8 19 i
639 1754 31 19 tre
693 1753 69 24 lotter,
781 1753 27 20 de
824 1753 49 20 med
889 1753 40 21 litt.

136 1783 17 20 B
169 1783 39 20 och
226 1783 15 20 C
257 1782 131 21 betecknade
411 1782 92 20 lotterna
526 1783 34 19 må
584 1788 37 14 var
639 1782 33 21 för
687 1783 32 26 sig
734 1783 49 20 med
799 1783 7 20 i
822 1783 108 20 statsråds-

136 1812 129 27 protokollet
288 1813 77 25 angiva
387 1812 116 20 områdena
521 1811 122 28 upplåtas
627 1807 23 36 i
659 1812 94 27 enlighet
768 1812 49 21 med
833 1813 98 26 gällande

137 1842 92 27 grunder
247 1843 33 20 för
298 1842 133 27 upplåtande
447 1848 25 14 av
488 1841 238 27 egnahemslägenheter
741 1843 46 20 från
804 1842 126 27 kronoeger.-

137 1872 80 21 domar.

79 1937 24 16 24
121 1932 38 20 RD
183 1932 115 26 medgiver,
322 1933 32 19 att
377 1931 65 21 sedan
465 1931 127 26 lägenheten
616 1931 129 27 Oppmanna
767 1939 25 13 nr
809 1932 26 20 15
852 1933 7 19 i
875 1933 55 26 Opp-

137 1969 80 14 manna
240 1962 77 20 socken
338 1961 63 21 blivit
416 1962 28 26 på
460 1963 42 19 sätt
517 1962 13 19 å
545 1961 42 20 den
603 1962 7 19 i
626 1961 88 21 ärendet
729 1962 110 21 företedda
855 1962 75 21 kartan

137 1992 91 26 angivits
244 1992 63 20 delad
323 1992 7 20 i
346 1992 37 20 två
398 1991 63 21 lotter
476 1991 111 20 desamma
602 1992 37 20 må
654 1992 105 26 försäljas,
771 1992 41 20 den
824 1992 49 20 med
885 1994 46 24 ägo-

136 2022 81 26 figuren
234 2029 25 13 nr
275 2021 11 21 1
305 2021 130 21 betecknade
451 2021 66 20 lotten
533 2027 35 14 om
581 2021 78 21 0.0500
672 2021 75 21 hektar
758 2022 6 20 i
776 2022 94 26 enlighet
881 2022 50 20 med

136 2051 99 27 gällande
258 2051 92 27 grunder
373 2051 33 20 för
428 2050 132 27 upplåtande
582 2058 26 14 av
628 2051 237 26 egnahemslägenheter
884 2052 46 20 från

1639 153 43 21 179

1022 221 40 32 se
1403 227 53 17 Riks-

968 248 16 26 5
1026 252 31 25 0
1121 273 4 4 S
1237 240 94 42 Utskotts-
1393 256 72 23 dagens
1523 257 117 17 Kamrarnas

968 279 16 12 x
1022 275 11 8 |”
1045 278 17 11 >
1080 273 94 18 |Motioner
1225 274 111 18 utlåtanden
1407 287 39 17 ski
1507 287 146 17 förbändlingar

968 296 16 24 2
1021 294 41 32 Fe
1201 304 47 17 eller
1261 304 97 17 memorial
1619 293 11 16 8

967 325 12 12 :
1022 320 40 19 Hd.
1400 316 62 18 velser

955 329 24 27 ac
1021 338 38 11 <>

967 356 17 24 2
1021 350 35 39 Ze
1161 352 15 2 Å
1194 363 58 24 gr
1327 357 38 28 I
1386 353 86 31 ole
1484 366 79 31 Första
1577 359 2 20 |
1596 371 66 17 Andra

968 385 11 9 6
1021 390 36 30 "3
1082 381 33 17 FE
1134 381 35 17 JAK
1193 387 59 33 Blå
1289 381 17 27 z
1327 387 1 41 |
1348 383 71 33 25
1461 386 6 31 |
1493 395 70 17 kamm.
1563 382 26 40 |
1593 395 71 17 kamm.

1327 435 2 55 |
1578 438 1 27 |

947 495 55 20 19261
1019 495 41 21 102
1184 496 26 20 10
1221 506 1 3 |
1290 492 39 51 2
1364 497 101 20 817611
1497 480 65 50 27:48
1561 480 14 50 |
1598 498 69 21 27:30

1023 530 33 22 p4
1578 547 2 3 I

1327 590 2 30 |

969 777 8 11 »
1018 769 42 21 1102
1129 769 81 21 375110
1289 770 27 21 38!
1363 770 100 22 sll76lh1]
1496 772 69 20 27:48
1589 772 34 20 127:
1634 772 42 21 30d

1022 804 34 23 p.3

969 1052 8 10 »
1104 1045 14 20 4|
1159 1044 51 21 72110
1287 1045 28 20 40
1390 1045 41 20 178
1488 1046 33 21 27:
1532 1046 42 21 49d|
1589 1047 33 20 27:
1633 1047 41 21 85d

969 1415 8 11 +
1025 1408 27 20 [25
1184 1408 26 20 10
1304 1409 10 20 2
1362 1410 188 21 159002)
1597 1410 53 21 128

1036 1443 20 18 .4

969 1547 8 10 >
993 1535 23 35 |
1025 1540 27 20 25
1185 1539 25 20 10
1305 1541 67 21 20,19
1403 1541 62 21 00118
1496 1542 120 21 10:12-1,1:
1627 1547 24 15 29

1022 1574 34 23 p-5

969 1702 8 10 >
990 1690 26 34 |
1025 1694 27 20 25
1184 1694 27 20 10
1304 1696 246 21 TIELONE6O|E81-0:19--1
1598 1697 53 21 0c98

1022 1729 34 22 p.6

969 1940 8 10 +!)
1025 1933 26 20 25
1185 1932 25 21 10
1305 1934 10 19 T1
1349 1935 267 21 10)=65118-6:12:5]-7:
1628 1941 24 15 23

1022 1968 33 22 pt
