1837 2353
151 147 40 19 634
848 147 167 17 SAKREGIS”

1016 147 54 17 TER

170 439 119 20 HOTELL-
305 439 53 20 OCH
373 434 340 29 RESTAURANGNÄRINGEN;
728 445 22 14 se
767 439 124 25 Inteckning
905 438 105 26 (1934:1).

170 493 127 24 HOTELL-,
318 492 198 21 RESTAURANG-
538 492 53 20 OCH
612 487 231 30 KAFÉPERSONAL;
865 498 21 14 se
907 492 105 20 Arbetstid

198 522 95 26 (1937:
269 508 32 45 1;
311 522 58 21 1939:
380 522 24 27 1).

170 577 56 20 HOV
241 577 28 19 Nr
285 577 21 24 1;
321 583 21 14 se
357 576 159 26 Avsöndringar
530 576 70 26 (1935:
612 576 40 26 36).

170 628 208 27 HOVHÅLLNING;
392 636 22 14 se
427 630 120 20 Hovstaten.

171 684 218 21 HOVKAPELLETS
403 679 310 29 PENSIONSINRÄTTNING;
726 690 22 14 se
760 684 166 20 Pensionsväsen
940 684 70 26 (1935:

202 716 29 22 19;
249 714 59 20 1936:
321 716 16 21 5;
355 714 59 20 1937:
427 716 17 21 5;
461 713 59 21 1938:
532 716 18 21 2,
567 714 26 26 9).

169 764 133 25 HOVRÄTT
318 763 53 26 FÖR
389 763 54 25 FÖR
458 763 110 25 VÄSTRA
585 768 125 24 SVERIGE;
726 774 21 13 se
759 768 140 20 Hovrätterna
911 768 71 26 (1936:
992 770 18 22 4;

199 799 60 19 1939:
269 799 28 25 3).

171 848 166 24 HOVRÄTTEN
352 847 54 25 FÖR
418 847 73 25 ÖVRE
505 852 162 24 NORRLAND;
681 858 22 13 se
717 852 144 20 Hovrätterna.

171 902 167 24 HOVRÄTTEN
359 901 73 25 ÖVER
456 903 92 23 SKÅNE
570 905 54 21 OCH
647 905 149 25 BLEKINGE;
819 912 22 13 se
863 905 147 26 Hovrätterna;

200 936 97 21 Skånska
312 936 119 20 Hovrätten.

171 991 215 25 HOVRÄTTERNA.

198 1026 42 20 AK
258 1025 72 21 avslår
347 1026 84 19 motion
448 1031 49 20 ang.
515 1025 44 20 viss
577 1025 142 20 hovrätterna
737 1025 75 26 tillagd
830 1025 130 26 befogenhet
977 1027 35 19 att

212 1055 118 20 verkställa
344 1055 108 26 prövning
464 1061 28 14 av
505 1055 41 19 och
558 1055 98 20 meddela
670 1055 161 19 förordnanden
844 1055 24 20 åt
880 1056 62 18 extra
955 1055 56 20 ordi-

214 1085 58 20 narie
286 1085 140 25 tjänstemän.

174 1135 8 16 1
200 1132 42 20 RD
254 1134 91 24 antager
357 1132 33 20 för
402 1132 32 20 sin
447 1132 34 20 del
493 1132 79 26 förslag
584 1132 32 20 till
628 1132 35 26 lag
675 1138 35 14 om
723 1132 147 26 upphävande
881 1138 28 14 av
921 1132 26 20 27
960 1132 49 26 kap.

215 1162 24 19 16
254 1162 9 25 $
277 1161 207 27 rättegångsbalken
499 1163 57 19 samt
570 1161 39 21 229
624 1162 9 24 $
648 1161 192 27 utsökningslagen
855 1161 155 27 (upphävande

213 1198 28 14 av
258 1192 192 20 bestämmelserna
467 1197 35 14 om
519 1191 141 26 kungörande
677 1191 6 20 i
700 1191 109 20 allmänna
826 1191 139 26 tidningarna
982 1197 28 14 av

213 1221 153 20 hovrätternas
380 1221 7 20 i
401 1221 133 20 besvärsmål
548 1220 127 21 meddelade
689 1221 87 26 utslag).

173 1272 10 17 2
199 1269 42 20 RD
252 1269 80 26 uppför
341 1269 25 20 fr.
377 1275 18 14 o.
406 1275 28 14 m.
446 1269 41 20 den
499 1269 8 19 1
518 1269 40 25 juli
569 1268 59 24 1933,
639 1269 49 20 med
699 1268 138 21 uteslutande
847 1275 25 13 ur
882 1269 128 26 övergångs-

213 1300 72 19 staten
304 1299 33 20 för
356 1299 54 20 Svea
429 1299 90 19 hovrätt
537 1305 28 13 av
584 1305 25 13 en
629 1298 208 26 notariebefattning
855 1298 7 20 i
880 1298 129 27 lönegraden

213 1329 18 19 B
241 1329 26 20 22
281 1330 58 18 samt
352 1335 26 13 ur
391 1329 45 19 ord.
451 1328 186 26 avlöningsstaten
651 1328 34 20 för
698 1328 117 20 hovrätten
829 1334 28 14 av
871 1334 26 14 en
910 1328 100 21 kontors-

214 1358 221 26 biträdesbefattning
449 1358 7 20 i
470 1358 129 26 lönegraden
615 1358 46 23 B/4,
678 1358 11 20 å
705 1357 42 21 den
762 1358 45 20 ord.
823 1357 186 27 avlöningsstaten

215 1390 30 18 tre
264 1388 172 20 kanslibiträden
456 1388 6 20 i
481 1388 129 26 lönegraden
630 1388 15 19 B
648 1388 29 22 7;
697 1388 40 20 och
756 1387 126 27 godkänner
901 1387 42 21 RD
963 1388 45 20 ord.

213 1418 160 26 avlöningsstat
387 1418 33 20 för
435 1418 54 20 Svea
504 1418 89 20 hovrätt
607 1419 35 19 att
655 1418 110 26 tillämpas
779 1417 26 21 fr.
815 1424 19 13 o.
844 1424 29 14 m.
888 1418 42 20 den
946 1418 8 19 1
970 1418 39 26 juli

216 1448 58 23 1933;
293 1448 40 20 och
351 1448 97 20 minskar
465 1448 42 19 RD
526 1448 45 19 ord.
590 1447 189 27 förslagsanslaget
796 1447 33 20 till
847 1447 55 21 Svea
920 1448 90 20 hovrätt

213 1478 49 19 med
278 1477 26 21 28
314 1477 40 20 600
369 1478 32 19 kr.
416 1477 34 20 till
465 1477 40 20 804
514 1477 40 20 600
569 1477 39 23 kr.;
625 1477 39 20 och
680 1477 87 20 anvisar
782 1477 42 20 RD
840 1477 33 20 till
888 1477 122 21 avlönande

213 1513 28 14 av
254 1513 25 14 en
293 1509 61 18 extra
367 1507 96 20 ledamot
475 1507 6 20 i
495 1507 54 20 Svea
562 1507 90 20 hovrätt
664 1509 33 18 ett
709 1508 62 19 extra
784 1507 75 26 anslag
870 1508 13 19 å
895 1507 13 20 8
917 1507 41 20 580
969 1508 40 23 kr.;

214 1537 39 20 och
266 1537 127 26 godkänner
406 1537 42 20 RD
463 1537 45 20 ord.
522 1537 159 26 avlöningsstat
694 1537 34 20 för
741 1537 56 20 Göta
811 1537 96 23 hovrätt,
921 1538 35 19 att
968 1537 42 20 till-

213 1567 84 26 lämpas
312 1567 24 20 fr.
347 1573 18 14 o.
376 1573 28 14 m.
420 1567 40 20 den
478 1567 6 19 1
501 1567 39 25 juli
555 1567 59 23 1933;
630 1567 39 20 och
683 1566 97 21 minskar
794 1566 42 21 RD
851 1567 45 20 ord.
911 1567 100 26 förslags-

213 1597 99 26 anslaget
327 1597 33 19 till
376 1597 56 20 Göta
449 1597 90 20 hovrätt
554 1597 49 19 med
622 1597 24 20 18
655 1596 40 20 460
711 1597 31 19 kr.
760 1596 32 20 till
808 1596 40 20 376
857 1596 41 20 640
913 1597 40 23 kr.;
970 1597 40 20 och

213 1626 126 26 godkänner
353 1626 42 20 RD
410 1626 45 20 ord.
470 1626 159 26 avlöningsstat
643 1626 33 20 för
689 1626 117 20 hovrätten
821 1628 51 18 över
886 1626 71 21 Skåne
970 1627 40 20 och

214 1656 110 26 Blekinge,
342 1657 35 19 att
393 1656 111 26 tillämpas
521 1656 25 20 fr.
557 1662 19 14 o.
585 1662 29 14 m.
633 1656 41 20 den
694 1656 7 20 1
720 1656 40 26 juli
779 1656 59 23 1933;
857 1656 40 20 och
914 1656 97 21 minskar

214 1685 42 21 RD
270 1686 45 20 ord.
328 1686 190 26 förslagsanslaget
530 1686 33 19 till
576 1686 117 20 hovrätten
706 1687 52 18 över
771 1685 71 21 Skåne
854 1686 41 19 och
907 1685 104 27 Blekinge

214 1716 48 19 med
276 1716 12 20 3
298 1715 40 20 800
351 1716 32 19 kr.
397 1716 33 19 till
443 1715 41 20 207
493 1715 41 20 900
546 1716 40 23 kr.;
600 1715 41 20 och
654 1715 72 21 avslår
739 1715 42 20 RD
796 1715 74 20 KM:ts
883 1715 80 27 förslag
975 1722 36 14 om

214 1745 74 26 anslag
306 1745 33 20 för
356 1745 93 26 tillfällig
466 1745 148 26 förstärkning
631 1751 28 14 av
677 1745 153 20 hovrätternas
847 1745 163 21 arbetskrafter.

176 1826 7 16 1
200 1823 42 20 RD
262 1823 96 20 minskar
377 1823 45 20 ord.
442 1823 98 26 anslaget
559 1822 32 20 till
609 1822 131 26 justitiestat
759 1823 68 20 under
846 1823 57 20 Göta
922 1823 90 20 hovrätt

213 1853 50 19 med
277 1853 12 19 2
299 1852 40 20 600
353 1852 31 20 kr.
399 1853 33 19 till
446 1852 85 20 262113
545 1852 31 20 kr.
592 1854 57 18 samt
663 1853 46 19 ord.
723 1852 98 27 anslaget
834 1852 34 20 till
880 1852 131 26 justitiestat

214 1883 68 19 under
301 1883 117 19 hovrätten
437 1883 52 19 över
507 1882 71 20 Skåne
597 1882 40 20 och
656 1882 104 27 Blekinge
778 1882 49 20 med
846 1882 63 20 2900
927 1882 32 20 kr.
978 1882 33 21 till

215 1912 84 20 103113
314 1912 31 20 kr.

174 1963 10 16 2
201 1960 41 20 RD
256 1960 126 26 godkänner
396 1960 44 20 ord.
455 1960 160 26 avlöningsstat
627 1960 34 20 för
674 1960 55 20 Svea
743 1960 97 23 hovrätt,
854 1962 35 18 att
901 1960 110 26 tillämpas

213 1990 25 20 fr.
249 1996 19 14 o.
278 1996 29 14 m.
322 1990 41 20 den
379 1990 8 19 1
402 1990 40 26 juli
458 1990 59 23 1934;
532 1990 40 19 och
586 1990 61 26 höjer
660 1989 42 21 RD
716 1990 46 20 ord.
776 1990 189 26 förslagsanslaget
979 1990 32 20 till

214 2020 55 20 Svea
283 2020 90 20 hovrätt
386 2020 50 19 med
449 2019 72 20 81400
534 2020 32 19 kr.
580 2019 33 20 till
626 2019 40 21 886
675 2019 41 20 000
729 2020 40 23 kr.;
783 2020 40 19 och
836 2019 111 27 medgiver
960 2020 50 23 RD,

1038 304 26 20 År

1090 250 56 18 Kungl.]

1093 280 53 18 Maj:ts

1093 312 50 16 propir

1100 340 37 14 eller

1159 272 91 17 Motioner

1305 224 97 17 Utskotts-

1294 254 117 20 utlåtanden,

1276 284 95 16 memorial
1385 284 43 16 eller

1287 314 133 17 betänkanden

1475 224 54 16 Riks-

1467 254 70 21 dagens

1478 284 46 16 skri-

1471 314 60 17 velser

1599 242 116 17 Kamrarnas

1586 272 140 20 förhandlingar

1612 302 88 20 (prot.nr)

1093 370 55 14 skriv:r|

1161 380 33 16 FK

1212 380 34 16 AK

1351 380 90 16 Nummer

1268 361 17 57 Saml.

1310 374 17 44 Avd

1458 380 90 16 Nummer

1571 368 67 16 Första
1643 364 24 30 |
1675 368 64 16 Andra

1571 392 69 16 kamm.
1640 388 27 30 |
1672 392 70 16 kamm.

1030 1823 53 20 1934

1030 1960 52 20 1934

214 2051 34 18 att
265 2049 32 20 till
315 2049 128 27 avlöningar
459 2049 33 20 till
509 2049 102 20 icke-ord.
630 2049 215 26 befattningshavare
863 2049 6 20 i
886 2049 55 21 Svea
959 2049 52 20 hov-

1030 1025 50 21 1931]
1107 1037 27 2 —

1030 1132 52 20 1933]
1108 1132 25 20 15

1028 1268 53 21 19331
1100 1269 17 20 1:
1128 1271 10 18 2

1094 1300 21 20 pt
1128 1299 16 19 9,

1095 1324 45 15 11—

1088 1347 56 19 13,15

1097 1370 40 21 224

1101 1823 39 20 1:2

1090 1854 21 20 pt
1126 1853 21 17 10]

1095 1877 44 16 —11

1215 1024 40 21 326

1216 1269 38 20 153

1275 1269 13 20 6
1290 1265 14 35 |
1319 1265 31 35 11
1364 1269 39 20 130

1277 1823 52 21 611
1388 1823 58 20 2.8.8

1277 1960 51 20 611
1388 1960 58 20 2.s.3

1481 1133 26 19 23

1467 1269 40 20 333

1495 1823 13 20 2.
1522 1824 31 19 s.5)

1595 1036 28 3 ==>1
1673 1026 66 20 19:71

1570 1269 34 20 45:
1616 1271 36 17 111|
1671 1269 34 21 48:
1717 1271 37 18 138

1573 1823 67 20 11:17.
1674 1823 67 20 [11:00

1574 1960 31 20 11:
1618 1962 22 18 17
1644 1956 22 34 |
1674 1960 32 20 11:
1717 1961 24 18 35
