1851 2358
174 151 42 20 372
910 158 136 15 SAKREGISTER

584 211 96 2 —
1040 215 1 9 i
1313 212 31 2 —
1592 213 186 17 —

1278 216 1 8 i

1278 231 1 13 |

1278 248 1 33 |
1323 241 106 39 Utskotts-
1491 250 73 35 dagens
1622 258 116 18 Kamrarnas

1278 284 1 11 I

1278 296 1 12 |

1324 275 110 18 utlåtanden
1496 280 56 35 skri-
1607 288 144 22 förhandlingar

1278 310 1 3 |
1300 305 46 18 eller
1359 306 98 17 memorial

1277 343 2 9 |

1594 372 68 18 Första
1677 360 1 26 |
1696 371 38 18 ÄN
1778 373 1 4 I

1591 396 72 18 kamm.
1664 392 24 31 |
1693 396 69 17 kamm.
1777 399 2 30 |

1062 250 22 146 IBSTEPSAIA

1120 298 17 105 198[9ALYS
1120 238 17 47 199

1139 368 17 54 ”doad
1144 338 36 30 =
1139 288 32 47 fen”
1139 240 33 45 Bun

1291 362 10 23 To
1310 366 10 13 |

1170 364 40 36 IFK
1209 360 14 50 |
1224 384 43 40 ar

1170 248 2 15 |

1134 264 38 78 El
1178 267 94 35 Motioner

1148 309 7 41 2.
1160 313 11 28 |

1170 344 10 11 L

1170 415 1 14 |

1170 437 1 7 '

193 432 177 36 Dyrtidstillägg.
1223 438 2 26 I

194 472 9 15 9
221 467 42 20 För
279 467 119 20 beredande
414 474 26 13 av
456 467 157 26 dyrtidstillägg
629 468 21 19 åt
661 463 209 42 befattningshavare
882 467 36 21 vid
931 442 98 56 tekniska
1038 446 62 42 |1923
1223 467 2 25 I
1297 468 12 20 6

236 497 76 20 skolan
328 497 7 20 i
352 497 131 25 Stockholm,
508 497 161 26 bergsskolorna
684 498 6 19 i
707 497 106 27 Filipstad
834 497 38 21 och
889 497 68 21 Falun
974 499 56 19 samt
1223 494 2 17 I

236 527 117 20 vävskolan
361 527 8 20 i
377 527 65 20 Borås
458 514 84 34 anvisas
557 528 33 20 för
606 527 124 26 budgetåret
742 526 126 29 1923/1924
879 529 30 19 ett
920 529 60 19 extra
991 528 39 20 för-

236 557 131 26 slagsanslag
377 564 26 14 av
420 557 27 20 35
458 557 42 21 000
517 557 31 20 kr.

1587 469 33 20 35:
1633 474 38 15 148
1697 469 33 20 37:
1742 473 24 16 67

1124 468 12 20 oo

1140 468 11 20 cm

236 648 103 26 styrelsen
357 648 21 20 C.
396 649 24 19 A.
438 647 109 21 Hasselrot
564 647 119 21 föranleder
699 648 45 20 icke
761 648 68 26 någon
847 648 55 20 RD:s
918 647 78 27 åtgärd.

181 712 19 16 11
222 708 37 20 RD
275 708 123 26 godkänner
414 708 79 26 förslag
508 708 33 20 till
557 708 137 26 kungörelser
711 708 48 21 med
776 708 109 20 allmänna
895 708 93 26 grunder
998 708 33 20 för
1032 704 18 35 |
1073 719 3 3 »
1117 708 41 20 1209
1223 724 1 4 I
1297 709 11 20 6

236 738 157 26 dyrtidstillägg
408 739 22 19 åt
446 738 45 21 dels
507 738 66 20 lärare
589 738 36 21 vid
641 738 52 20 folk-
710 738 39 20 och
765 738 118 21 småskolor
899 745 28 13 m.
944 738 28 23 fl.,
985 737 45 21 dels
1223 737 1 4 I

237 768 66 20 lärare
327 768 36 20 vid
387 768 172 26 privatläroverk,
584 768 45 21 dels
654 768 38 20 ock
715 768 66 21 lärare
805 768 36 21 vid
860 768 168 25 folkhögskolor;

236 798 39 20 och
299 798 114 26 medgives,
437 800 31 19 att
490 798 33 20 för
546 798 58 21 tiden
623 799 25 19 fr.
665 805 19 14 o.
701 805 28 13 m.
753 798 41 21 den
812 798 10 20 1
839 798 41 27 juli
905 797 56 21 1923
986 798 54 26 tills:

236 828 72 20 vidare
327 828 33 20 till
379 828 47 21 dess
442 828 134 21 annorlunda
592 828 110 21 förordnas
718 828 158 27 dyrtidstillägg
891 829 36 19 må
942 828 51 26 utgå
1009 828 22 20 åt

236 858 56 21 vissa
315 858 118 21 lärarinnor
455 858 36 21 vid
516 858 124 21 fackskolan
656 859 33 19 för
710 858 71 26 huslig
796 858 100 21 ekonomi
912 859 7 19 i
935 858 94 26 Uppsala

236 890 56 18 samt
310 888 36 20 vid
362 890 31 18 tre
409 888 7 20 i
432 888 232 27 statsrådsprotokollet
679 890 49 19 över
744 888 228 21 ecklesiastikärenden
989 887 39 21 den

236 918 12 19 9
265 918 93 21 februari
376 918 55 20 1923
448 918 131 21 omnämnda
589 918 199 21 statsunderstödda
798 918 147 21 läroanstalter
956 918 32 20 för
999 920 30 18 ut-

236 948 101 20 bildande
353 955 26 14 av
394 948 118 21 lärarinnor
527 949 7 19 i
550 948 130 21 handarbete
696 949 7 19 i
719 948 145 26 huvudsaklig
875 948 95 26 enlighet
980 947 49 21 med

235 978 26 20 de
285 978 109 20 allmänna
417 978 98 26 grunder,
532 985 45 14 som
594 979 119 26 föreslagits
730 978 131 21 beträffande
873 978 157 27 dyrtidstillägg

235 1009 21 19 åt
279 1008 157 26 övningslärare
460 1008 36 21 vid
515 1008 174 27 privatläroverk,
706 1008 54 21 dock
776 1010 31 19 att
822 1008 34 21 för
871 1008 107 20 lärarinna
993 1007 36 21 vid

235 1038 142 20 omförmälda
388 1038 110 20 fackskola
509 1038 159 26 dyrtidstillägg
679 1039 35 20 må
724 1039 51 25 utgå
786 1038 90 20 allenast
887 1039 12 19 å
910 1038 82 20 hälften
1003 1044 26 14 av

235 1068 41 20 den
292 1068 33 20 för
340 1068 58 27 varje
414 1068 39 20 fall
469 1067 112 21 bestämda
597 1068 223 26 minimiavlöningen;
838 1068 40 20 och
889 1067 140 27 bemyndigas

234 1098 61 20 KM:t
318 1100 32 18 att
368 1098 86 20 utfärda
472 1098 26 20 de
514 1100 97 19 närmare
627 1098 138 25 föreskrifter,
782 1104 45 14 som
844 1098 33 20 för
892 1097 138 27 tillämpning

234 1134 26 14 av
283 1128 123 20 förberörda
430 1128 109 20 allmänna
555 1128 92 26 grunder
663 1129 36 19 må
715 1128 96 20 befinnas
827 1127 145 26 erforderliga;
990 1127 38 20 och

234 1158 84 20 anvisas
336 1158 34 20 till
386 1158 136 21 bestridande
538 1165 26 14 av
580 1158 114 21 kostnader
710 1158 32 20 för
758 1157 157 27 dyrtidstillägg
931 1158 21 19 åt
968 1163 60 15 ovan-

234 1188 94 20 nämnda
338 1188 149 27 lärargrupper
503 1188 32 20 för
546 1188 124 26 budgetåret
684 1186 126 29 1923/1924
821 1189 31 19 ett
862 1189 58 19 extra
933 1187 95 26 förslags-

234 1217 73 27 anslag
323 1225 26 13 av
366 1218 80 20 21300
456 1217 42 21 000
515 1218 30 20 kr.
1223 1225 1 23 |
1476 1220 1 12 I

1319 359 1 13 I

1318 504 2 19 I

1318 525 2 17 I

181 623 22 15 10
222 617 86 27 Förslag
324 625 46 18 ang.
388 617 116 27 personligt
519 617 158 27 dyrtidstillägg
693 618 21 20 åt
730 618 128 27 byråchefen
872 618 6 20 i
890 617 139 27 generalpost-
1124 617 27 21 72
1223 632 1 15 |
1297 618 52 31 6/1
1360 614 54 24 1109
1476 619 52 25 232
1594 618 70 21 36:15
1670 614 15 35 |
1689 618 33 21 38:
1735 624 37 15 120

1318 653 2 116 |
1340 708 86 20 Fjällen
1476 708 52 26 ler
1594 708 69 20 38:48
1666 702 19 36 |
1695 708 69 21 40:78

1318 772 1 22 I

1318 817 1 28 |

1318 862 1 25 |

1318 919 1 18 I

1318 949 1 13 I

1318 975 1 27 |

1318 1020 1 28 |

1318 1059 1 21 I

1318 1096 1 42 |

1296 1274 12 20 8
1387 1275 27 19 58
1478 1275 49 20 227
1594 1274 33 20 38:
1639 1280 23 15 57
1668 1269 19 35 |
1695 1273 33 20 40:
1740 1279 23 14 85

178 1282 22 15 12
218 1278 37 19 RD
274 1278 124 25 godkänner
413 1278 79 26 förslag
508 1278 32 20 till
557 1278 126 26 kungörelse
699 1277 49 21 med
765 1277 108 20 allmänna
889 1276 92 27 grunder
996 1277 33 19 för
1131 1291 11 3 2

233 1307 158 27 dyrtidstillägg
401 1308 23 20 åt
435 1308 209 26 befattningshavare
656 1308 6 20 i
674 1309 80 19 statens
765 1308 67 26 tjänst
843 1309 31 18 att
884 1307 55 26 gälla
947 1306 80 27 jämväl

234 1338 208 25 befattningshavare
459 1337 36 21 vid
510 1338 86 20 flottans
613 1338 163 26 pensionskassa
792 1339 56 18 samt
858 1339 80 18 statens
949 1336 78 21 anstalt

232 1368 33 19 för
281 1368 149 26 pensionering
446 1374 26 14 av
488 1367 162 21 folkskollärare
666 1375 28 13 m.
712 1367 27 24 fl.;
757 1367 40 20 och
813 1366 108 27 medgiver
937 1367 44 24 RD,
998 1367 29 19 att
1223 1374 1 13 |

232 1397 33 20 till
288 1397 211 26 befattningshavare
522 1397 35 21 vid
582 1398 86 20 flottans
692 1397 164 27 pensionskassa
877 1398 56 19 samt
948 1398 80 18 statens
1223 1393 1 4 |

232 1427 80 21 anstalt
327 1428 33 20 för
375 1428 151 26 pensionering
541 1434 26 14 av
583 1427 161 21 folkskollärare
756 1434 27 13 m.
796 1427 20 20 fl.
829 1426 157 27 dyrtidstillägg
996 1426 33 20 för

233 1457 124 26 budgetåret
374 1456 126 28 1923/1924
517 1458 36 19 må
569 1458 50 25 utgå
635 1464 26 14 av
677 1457 25 20 de
719 1457 77 24 medel,
808 1464 26 13 av
845 1456 59 21 vilka
914 1456 113 20 institutio-
1223 1455 1 14 |

232 1493 52 14 nens
300 1487 152 21 omkostnader
467 1488 6 19 i
490 1488 68 25 övrigt
575 1487 109 21 bestridas.
1223 1493 1 7 I

176 1552 22 14 13
216 1547 38 20 RD
272 1547 124 26 godkänner
411 1547 79 26 förslag
506 1547 33 20 till
555 1547 126 26 kungörelse
697 1547 50 20 med
763 1546 109 21 allmänna
888 1546 92 26 grunder
996 1546 32 19 för
1066 1552 6 3 >
1116 1543 42 21 |1:9
1169 1540 103 43 |182-1172-
1276 1517 32 53 ho
1387 1543 24 19 51
1476 1538 51 30 1303
1592 1542 34 20 40:
1638 1547 25 16 20
1666 1538 18 34 |
1694 1542 34 20 40:
1739 1547 24 14 88

231 1576 158 28 dyrtidstillägg
405 1578 21 20 åt
442 1577 211 26 befattningshavare
669 1578 7 19 i
692 1579 80 18 statens
789 1577 67 26 tjänst
871 1578 31 19 att
917 1577 7 19 i
935 1576 92 26 tillämp-
1107 1578 63 23 p-150,/
1169 1565 1 14 |
1176 1565 38 28 184
1218 1561 12 45 |
1234 1577 32 17 177
1476 1576 1 5 |

231 1607 42 26 liga
290 1607 59 21 delar
371 1607 56 26 gälla
450 1607 82 27 jämväl
548 1607 68 21 under
631 1606 287 27 jordbruksdepartementet
933 1605 94 21 hörande
1120 1601 29 35 184
1169 1619 1 3 |
1476 1583 6 70 |

231 1637 218 26 befattningshavare;
470 1638 40 20 och
529 1637 109 26 medgiver
656 1637 44 25 RD,
720 1639 32 18 att
770 1637 33 20 till
819 1636 209 26 befattningshavare
1131 1633 12 20 2
1223 1659 1 3 I
1476 1639 2 28 I

232 1667 35 20 vid
284 1669 80 19 statens
380 1667 103 21 domäner
498 1667 158 27 dyrtidstillägg
671 1667 33 20 för
718 1666 125 26 budgetåret
855 1664 127 29 1923/1924
993 1666 33 19 må
1222 1693 2 3 |
1476 1669 1 3 I

231 1698 50 24 utgå
292 1704 26 13 av
329 1697 26 20 de
366 1698 77 24 medel,
456 1704 26 14 av
493 1697 58 21 vilka
562 1697 84 21 verkets
657 1696 152 21 omkostnader
819 1697 7 19 i
838 1696 68 26 övrigt
914 1695 113 25 bestridas;
1476 1698 1 29 |

231 1727 39 20 och
286 1728 85 20 anvisas
386 1727 35 21 till
436 1727 137 21 bestridande
589 1734 26 13 av
632 1726 143 21 kostnaderna
790 1727 33 20 för
838 1725 159 28 dyrtidstillägg
1007 1726 22 19 åt
1222 1733 1 3 |

231 1757 209 26 befattningshavare
457 1757 35 21 vid
509 1759 80 19 statens
605 1756 244 27 reproduktionsanstalt
865 1756 68 20 under
945 1756 33 20 9:e
989 1755 39 20 HT
1222 1763 1 6 I

230 1787 33 20 för
281 1787 126 26 budgetåret
427 1786 127 28 1923/1924
570 1789 31 18 ett
616 1788 60 19 extra
692 1786 165 26 förslagsanslag
872 1793 26 13 av
914 1785 66 21 4500
997 1785 30 20 kr.

231 1818 31 19 att
284 1818 51 25 utgå
351 1817 7 20 i
373 1817 67 20 första
462 1817 59 20 hand
544 1824 25 13 av
585 1817 119 20 inkomster
719 1823 26 13 av
761 1818 80 19 statens
857 1815 171 27 reproduktions-
1222 1830 1 12 |

230 1846 88 25 anstalt;
335 1847 40 20 och
392 1847 84 20 anvisas
492 1847 34 20 till
543 1846 135 21 bestridande
695 1853 26 14 av
737 1846 143 20 kostnaderna
892 1845 33 20 för
938 1844 89 27 dyrtids-
1222 1857 1 9 I

230 1876 74 26 tillägg
319 1877 22 20 åt
357 1877 210 26 befattningshavare
584 1876 36 20 vid
636 1876 66 20 andra
718 1876 50 21 verk
785 1876 39 20 och
840 1875 146 21 institutioner
1001 1876 27 18 än
1317 1880 1 21 |

230 1908 80 18 statens
343 1906 244 27 reproduktionsanstalt
620 1906 68 20 under
722 1906 33 20 9:e
781 1906 40 19 HT
846 1906 33 19 för
904 1904 134 32 budgetåret
1317 1904 1 28 |
1475 1920 1 3 I
1675 1904 1 16 |

232 1934 127 30 1923/1924
375 1938 30 19 ett
422 1938 59 19 extra
497 1936 165 26 förslagsanslag
678 1943 25 13 av
721 1936 63 19 1375
795 1935 42 20 000
854 1935 30 20 kr.
1168 1946 1 6 |
1317 1934 1 19 |

1401 1997 11 19 No

175 2006 20 15 14
216 2002 36 19 RD
271 2003 85 19 anvisar
375 2002 46 21 dels
440 2003 69 19 såsom
529 2002 92 21 tillskott
637 2002 33 20 till
687 2001 157 26 dyrtidstillägg
860 2001 33 19 för
908 1998 130 26 lantbruks-|
1067 2013 2 3 >
1123 1997 26 20 19
1281 1997 26 20 10
1385 1997 12 19 5
1475 1989 57 44 1300]
1592 1992 34 39 40:
1637 1996 39 40 2051
1694 1995 33 21 40:
1739 2000 23 15 89

229 2032 121 26 ingenjörer
364 2032 39 20 och
414 2032 255 26 lantbruksstipendiater
679 2031 33 20 för
723 2031 125 26 budgetåret
860 2028 127 29 1923/1924
998 2031 39 19 ett
1475 2048 1 8 I

230 2063 60 19 extra
306 2062 165 26 förslagsanslag
487 2069 25 13 av
529 2062 28 20 25
567 2062 42 20 000
627 2062 38 24 kr.,
683 2061 45 20 dels
745 2061 68 20 såsom
832 2060 92 20 tillskott
935 2060 33 20 till
980 2059 57 27 dyr-
1026 2055 10 38 |
