<?xml version="1.0" encoding="UTF-8"?>
<alto xmlns="http://www.loc.gov/standards/alto/ns-v3#" xmlns:xlink="http://www.w3.org/1999/xlink" xmlns:xsi="http://www.w3.org/2001/XMLSchema-instance" xsi:schemaLocation="http://www.loc.gov/standards/alto/ns-v3# http://www.loc.gov/alto/v3/alto-3-0.xsd">
	<Description>
		<MeasurementUnit>pixel</MeasurementUnit>
		<sourceImageInformation>
			<fileName></fileName>
		</sourceImageInformation>
		<OCRProcessing ID="OCR_0">
			<ocrProcessingStep>
				<processingSoftware>
					<softwareName>tesseract 4.1.1</softwareName>
				</processingSoftware>
			</ocrProcessingStep>
		</OCRProcessing>
	</Description>
	<Layout>
		<Page WIDTH="1797" HEIGHT="2329" PHYSICAL_IMG_NR="0" ID="page_0">
			<PrintSpace HPOS="0" VPOS="0" WIDTH="1797" HEIGHT="2329">
				<ComposedBlock ID="cblock_0" HPOS="752" VPOS="75" WIDTH="908" HEIGHT="22">
					<TextBlock ID="block_0" HPOS="752" VPOS="75" WIDTH="908" HEIGHT="22">
						<TextLine ID="line_0" HPOS="752" VPOS="75" WIDTH="908" HEIGHT="22">
							<String ID="string_0" HPOS="752" VPOS="75" WIDTH="222" HEIGHT="19" WC="0.89" CONTENT="SAKREGISTER"/><SP WIDTH="660" VPOS="75" HPOS="974"/>
							<String ID="string_1" HPOS="1634" VPOS="76" WIDTH="26" HEIGHT="21" WC="0.84" CONTENT="71"/>
						</TextLine>
					</TextBlock>
				</ComposedBlock>
				<ComposedBlock ID="cblock_1" HPOS="68" VPOS="140" WIDTH="1595" HEIGHT="8">
					<TextBlock ID="block_1" HPOS="68" VPOS="140" WIDTH="1595" HEIGHT="8">
						<TextLine ID="line_1" HPOS="68" VPOS="140" WIDTH="1595" HEIGHT="8">
							<String ID="string_2" HPOS="68" VPOS="140" WIDTH="1595" HEIGHT="8" WC="0.95" CONTENT=" "/>
						</TextLine>
					</TextBlock>
				</ComposedBlock>
				<ComposedBlock ID="cblock_2" HPOS="1107" VPOS="202" WIDTH="555" HEIGHT="4">
					<TextBlock ID="block_2" HPOS="1107" VPOS="202" WIDTH="555" HEIGHT="4">
						<TextLine ID="line_2" HPOS="1107" VPOS="202" WIDTH="555" HEIGHT="4">
							<String ID="string_3" HPOS="1107" VPOS="202" WIDTH="555" HEIGHT="4" WC="0.95" CONTENT=" "/>
						</TextLine>
					</TextBlock>
				</ComposedBlock>
				<ComposedBlock ID="cblock_3" HPOS="0" VPOS="0" WIDTH="271" HEIGHT="251">
					<TextBlock ID="block_3" HPOS="0" VPOS="0" WIDTH="271" HEIGHT="251">
						<TextLine ID="line_3" HPOS="0" VPOS="0" WIDTH="271" HEIGHT="251">
							<String ID="string_4" HPOS="0" VPOS="0" WIDTH="271" HEIGHT="251" WC="0.95" CONTENT=" "/>
						</TextLine>
					</TextBlock>
				</ComposedBlock>
				<ComposedBlock ID="cblock_4" HPOS="984" VPOS="253" WIDTH="678" HEIGHT="8">
					<TextBlock ID="block_4" HPOS="984" VPOS="253" WIDTH="678" HEIGHT="8">
						<TextLine ID="line_4" HPOS="984" VPOS="253" WIDTH="678" HEIGHT="8">
							<String ID="string_5" HPOS="984" VPOS="253" WIDTH="678" HEIGHT="8" WC="0.95" CONTENT=" "/>
						</TextLine>
					</TextBlock>
				</ComposedBlock>
				<ComposedBlock ID="cblock_5" HPOS="82" VPOS="162" WIDTH="1556" HEIGHT="1149">
					<TextBlock ID="block_5" HPOS="990" VPOS="162" WIDTH="635" HEIGHT="77">
						<TextLine ID="line_5" HPOS="990" VPOS="162" WIDTH="611" HEIGHT="45">
							<String ID="string_6" HPOS="990" VPOS="188" WIDTH="14" HEIGHT="19" WC="0.0" CONTENT="/"/><SP WIDTH="116" VPOS="188" HPOS="1004"/>
							<String ID="string_7" HPOS="1120" VPOS="167" WIDTH="90" HEIGHT="17" WC="0.96" CONTENT="Motioner"/><SP WIDTH="57" VPOS="167" HPOS="1210"/>
							<String ID="string_8" HPOS="1267" VPOS="162" WIDTH="80" HEIGHT="30" WC="0.95" CONTENT="Utskott"/><SP WIDTH="50" VPOS="162" HPOS="1347"/>
							<String ID="string_9" HPOS="1397" VPOS="163" WIDTH="57" HEIGHT="36" WC="0.88" CONTENT="Skriv."/><SP WIDTH="44" VPOS="163" HPOS="1454"/>
							<String ID="string_10" HPOS="1498" VPOS="163" WIDTH="103" HEIGHT="30" WC="0.96" CONTENT="Protokoll"/>
						</TextLine>
						<TextLine ID="line_6" HPOS="1006" VPOS="191" WIDTH="432" HEIGHT="28">
							<String ID="string_11" HPOS="1006" VPOS="196" WIDTH="8" HEIGHT="11" WC="0.92" CONTENT="r"/><SP WIDTH="0" VPOS="196" HPOS="1014"/>
							<String ID="string_12" HPOS="1014" VPOS="187" WIDTH="19" HEIGHT="29" WC="0.93" CONTENT="|"/><SP WIDTH="4" VPOS="187" HPOS="1033"/>
							<String ID="string_13" HPOS="1037" VPOS="191" WIDTH="53" HEIGHT="21" WC="0.96" CONTENT="Prop."/><SP WIDTH="337" VPOS="191" HPOS="1090"/>
							<String ID="string_14" HPOS="1427" VPOS="208" WIDTH="11" HEIGHT="11" WC="0.43" CONTENT="i"/>
						</TextLine>
						<TextLine ID="line_7" HPOS="1119" VPOS="220" WIDTH="506" HEIGHT="19">
							<String ID="string_15" HPOS="1119" VPOS="220" WIDTH="30" HEIGHT="17" WC="0.96" CONTENT="FK"/><SP WIDTH="3" VPOS="220" HPOS="1149"/>
							<String ID="string_16" HPOS="1152" VPOS="216" WIDTH="23" HEIGHT="30" WC="0.96" CONTENT="|"/><SP WIDTH="9" VPOS="216" HPOS="1175"/>
							<String ID="string_17" HPOS="1184" VPOS="221" WIDTH="32" HEIGHT="16" WC="0.91" CONTENT="AK"/><SP WIDTH="21" VPOS="221" HPOS="1216"/>
							<String ID="string_18" HPOS="1237" VPOS="220" WIDTH="87" HEIGHT="18" WC="0.0" CONTENT="|SmllAvdl|"/><SP WIDTH="24" VPOS="220" HPOS="1324"/>
							<String ID="string_19" HPOS="1348" VPOS="221" WIDTH="25" HEIGHT="16" WC="0.95" CONTENT="Nr"/><SP WIDTH="122" VPOS="221" HPOS="1373"/>
							<String ID="string_20" HPOS="1495" VPOS="221" WIDTH="29" HEIGHT="17" WC="0.95" CONTENT="FK"/><SP WIDTH="70" VPOS="221" HPOS="1524"/>
							<String ID="string_21" HPOS="1594" VPOS="222" WIDTH="31" HEIGHT="17" WC="0.96" CONTENT="AK"/>
						</TextLine>
					</TextBlock>
					<TextBlock ID="block_6" HPOS="82" VPOS="260" WIDTH="678" HEIGHT="26">
						<TextLine ID="line_8" HPOS="82" VPOS="260" WIDTH="678" HEIGHT="26">
							<String ID="string_22" HPOS="82" VPOS="260" WIDTH="130" HEIGHT="24" WC="0.96" CONTENT="AVDRAG;"/><SP WIDTH="27" VPOS="260" HPOS="212"/>
							<String ID="string_23" HPOS="239" VPOS="267" WIDTH="24" HEIGHT="14" WC="0.96" CONTENT="se"/><SP WIDTH="9" VPOS="267" HPOS="263"/>
							<String ID="string_24" HPOS="272" VPOS="260" WIDTH="77" HEIGHT="21" WC="0.96" CONTENT="Enkla"/><SP WIDTH="9" VPOS="260" HPOS="349"/>
							<String ID="string_25" HPOS="358" VPOS="261" WIDTH="80" HEIGHT="25" WC="0.96" CONTENT="frågor"/><SP WIDTH="13" VPOS="261" HPOS="438"/>
							<String ID="string_26" HPOS="451" VPOS="261" WIDTH="79" HEIGHT="23" WC="0.93" CONTENT="(1951:"/><SP WIDTH="12" VPOS="261" HPOS="530"/>
							<String ID="string_27" HPOS="542" VPOS="261" WIDTH="48" HEIGHT="24" WC="0.91" CONTENT="23),"/><SP WIDTH="10" VPOS="261" HPOS="590"/>
							<String ID="string_28" HPOS="600" VPOS="261" WIDTH="160" HEIGHT="21" WC="0.89" CONTENT="Skatteväsen."/>
						</TextLine>
					</TextBlock>
					<TextBlock ID="block_7" HPOS="82" VPOS="313" WIDTH="888" HEIGHT="56">
						<TextLine ID="line_9" HPOS="82" VPOS="313" WIDTH="888" HEIGHT="25">
							<String ID="string_29" HPOS="82" VPOS="313" WIDTH="253" HEIGHT="22" WC="0.12" CONTENT="AVGAÄNGSALDERN"/><SP WIDTH="14" VPOS="313" HPOS="335"/>
							<String ID="string_30" HPOS="349" VPOS="314" WIDTH="58" HEIGHT="21" WC="0.91" CONTENT="FÖR"/><SP WIDTH="15" VPOS="314" HPOS="407"/>
							<String ID="string_31" HPOS="422" VPOS="314" WIDTH="99" HEIGHT="21" WC="0.96" CONTENT="CIVILA"/><SP WIDTH="13" VPOS="314" HPOS="521"/>
							<String ID="string_32" HPOS="534" VPOS="314" WIDTH="291" HEIGHT="24" WC="0.95" CONTENT="STATSTJÄNSTEMÄN;"/><SP WIDTH="35" VPOS="314" HPOS="825"/>
							<String ID="string_33" HPOS="860" VPOS="321" WIDTH="24" HEIGHT="14" WC="0.91" CONTENT="se"/><SP WIDTH="28" VPOS="321" HPOS="884"/>
							<String ID="string_34" HPOS="912" VPOS="315" WIDTH="58" HEIGHT="20" WC="0.91" CONTENT="Pen-"/>
						</TextLine>
						<TextLine ID="line_10" HPOS="126" VPOS="344" WIDTH="639" HEIGHT="25">
							<String ID="string_35" HPOS="126" VPOS="344" WIDTH="136" HEIGHT="21" WC="0.91" CONTENT="sionsväsen"/><SP WIDTH="14" VPOS="344" HPOS="262"/>
							<String ID="string_36" HPOS="276" VPOS="344" WIDTH="79" HEIGHT="24" WC="0.0" CONTENT="(1951:"/><SP WIDTH="14" VPOS="344" HPOS="355"/>
							<String ID="string_37" HPOS="369" VPOS="350" WIDTH="32" HEIGHT="18" WC="0.0" CONTENT="19,"/><SP WIDTH="11" VPOS="350" HPOS="401"/>
							<String ID="string_38" HPOS="412" VPOS="345" WIDTH="66" HEIGHT="20" WC="0.90" CONTENT="1952:"/><SP WIDTH="12" VPOS="345" HPOS="478"/>
							<String ID="string_39" HPOS="490" VPOS="345" WIDTH="48" HEIGHT="23" WC="0.95" CONTENT="26),"/><SP WIDTH="9" VPOS="345" HPOS="538"/>
							<String ID="string_40" HPOS="547" VPOS="345" WIDTH="145" HEIGHT="24" WC="0.96" CONTENT="Riksdagens"/><SP WIDTH="10" VPOS="345" HPOS="692"/>
							<String ID="string_41" HPOS="702" VPOS="345" WIDTH="63" HEIGHT="20" WC="0.96" CONTENT="verk."/>
						</TextLine>
					</TextBlock>
					<TextBlock ID="block_8" HPOS="82" VPOS="397" WIDTH="887" HEIGHT="26">
						<TextLine ID="line_11" HPOS="82" VPOS="397" WIDTH="887" HEIGHT="26">
							<String ID="string_42" HPOS="82" VPOS="397" WIDTH="168" HEIGHT="25" WC="0.91" CONTENT="AVGÄLDER;"/><SP WIDTH="13" VPOS="397" HPOS="250"/>
							<String ID="string_43" HPOS="263" VPOS="404" WIDTH="24" HEIGHT="15" WC="0.95" CONTENT="se"/><SP WIDTH="9" VPOS="404" HPOS="287"/>
							<String ID="string_44" HPOS="296" VPOS="398" WIDTH="77" HEIGHT="20" WC="0.96" CONTENT="Enkla"/><SP WIDTH="8" VPOS="398" HPOS="373"/>
							<String ID="string_45" HPOS="381" VPOS="398" WIDTH="80" HEIGHT="25" WC="0.96" CONTENT="frågor"/><SP WIDTH="13" VPOS="398" HPOS="461"/>
							<String ID="string_46" HPOS="474" VPOS="399" WIDTH="78" HEIGHT="23" WC="0.96" CONTENT="(1951:"/><SP WIDTH="13" VPOS="399" HPOS="552"/>
							<String ID="string_47" HPOS="565" VPOS="399" WIDTH="48" HEIGHT="23" WC="0.95" CONTENT="25),"/><SP WIDTH="9" VPOS="399" HPOS="613"/>
							<String ID="string_48" HPOS="622" VPOS="398" WIDTH="145" HEIGHT="21" WC="0.96" CONTENT="Halländska"/><SP WIDTH="10" VPOS="398" HPOS="767"/>
							<String ID="string_49" HPOS="777" VPOS="398" WIDTH="192" HEIGHT="25" WC="0.96" CONTENT="kyrkohemman."/>
						</TextLine>
					</TextBlock>
					<TextBlock ID="block_9" HPOS="83" VPOS="451" WIDTH="1555" HEIGHT="860">
						<TextLine ID="line_12" HPOS="83" VPOS="451" WIDTH="241" HEIGHT="22">
							<String ID="string_50" HPOS="83" VPOS="451" WIDTH="241" HEIGHT="22" WC="0.96" CONTENT="AVHANDLINGAR."/>
						</TextLine>
						<TextLine ID="line_13" HPOS="126" VPOS="481" WIDTH="1510" HEIGHT="27">
							<String ID="string_51" HPOS="126" VPOS="482" WIDTH="45" HEIGHT="20" WC="0.96" CONTENT="Till"/><SP WIDTH="14" VPOS="482" HPOS="171"/>
							<String ID="string_52" HPOS="185" VPOS="482" WIDTH="83" HEIGHT="26" WC="0.96" CONTENT="bidrag"/><SP WIDTH="12" VPOS="482" HPOS="268"/>
							<String ID="string_53" HPOS="280" VPOS="483" WIDTH="35" HEIGHT="20" WC="0.96" CONTENT="till"/><SP WIDTH="15" VPOS="483" HPOS="315"/>
							<String ID="string_54" HPOS="330" VPOS="482" WIDTH="104" HEIGHT="26" WC="0.96" CONTENT="Sveriges"/><SP WIDTH="14" VPOS="482" HPOS="434"/>
							<String ID="string_55" HPOS="448" VPOS="483" WIDTH="111" HEIGHT="20" WC="0.96" CONTENT="förenade"/><SP WIDTH="12" VPOS="483" HPOS="559"/>
							<String ID="string_56" HPOS="571" VPOS="482" WIDTH="165" HEIGHT="21" WC="0.96" CONTENT="studentkårer"/><SP WIDTH="13" VPOS="482" HPOS="736"/>
							<String ID="string_57" HPOS="749" VPOS="483" WIDTH="37" HEIGHT="20" WC="0.96" CONTENT="för"/><SP WIDTH="14" VPOS="483" HPOS="786"/>
							<String ID="string_58" HPOS="800" VPOS="482" WIDTH="129" HEIGHT="26" WC="0.93" CONTENT="redigering"/><SP WIDTH="13" VPOS="482" HPOS="929"/>
							<String ID="string_59" HPOS="942" VPOS="488" WIDTH="28" HEIGHT="14" WC="0.91" CONTENT="av|"/><SP WIDTH="22" VPOS="488" HPOS="970"/>
							<String ID="string_60" HPOS="992" VPOS="481" WIDTH="27" HEIGHT="22" WC="0.0" CONTENT="51"/><SP WIDTH="21" VPOS="481" HPOS="1019"/>
							<String ID="string_61" HPOS="1040" VPOS="484" WIDTH="50" HEIGHT="20" WC="0.56" CONTENT="1:10]"/><SP WIDTH="43" VPOS="484" HPOS="1090"/>
							<String ID="string_62" HPOS="1133" VPOS="495" WIDTH="26" HEIGHT="3" WC="0.27" CONTENT="—I"/><SP WIDTH="39" VPOS="495" HPOS="1159"/>
							<String ID="string_63" HPOS="1198" VPOS="495" WIDTH="26" HEIGHT="3" WC="0.62" CONTENT="—I"/><SP WIDTH="39" VPOS="495" HPOS="1224"/>
							<String ID="string_64" HPOS="1263" VPOS="483" WIDTH="14" HEIGHT="21" WC="0.32" CONTENT="6"/><SP WIDTH="22" VPOS="483" HPOS="1277"/>
							<String ID="string_65" HPOS="1299" VPOS="495" WIDTH="26" HEIGHT="3" WC="0.3" CONTENT="—l|"/><SP WIDTH="44" VPOS="495" HPOS="1325"/>
							<String ID="string_66" HPOS="1369" VPOS="483" WIDTH="13" HEIGHT="21" WC="0.67" CONTENT="81"/><SP WIDTH="53" VPOS="483" HPOS="1382"/>
							<String ID="string_67" HPOS="1435" VPOS="484" WIDTH="64" HEIGHT="20" WC="0.64" CONTENT="8114:"/><SP WIDTH="16" VPOS="484" HPOS="1499"/>
							<String ID="string_68" HPOS="1515" VPOS="488" WIDTH="21" HEIGHT="16" WC="0.93" CONTENT="56"/><SP WIDTH="30" VPOS="488" HPOS="1536"/>
							<String ID="string_69" HPOS="1566" VPOS="484" WIDTH="34" HEIGHT="20" WC="0.78" CONTENT="|14:"/><SP WIDTH="15" VPOS="484" HPOS="1600"/>
							<String ID="string_70" HPOS="1615" VPOS="488" WIDTH="21" HEIGHT="16" WC="0.96" CONTENT="41"/>
						</TextLine>
						<TextLine ID="line_14" HPOS="126" VPOS="509" WIDTH="1258" HEIGHT="34">
							<String ID="string_71" HPOS="126" VPOS="512" WIDTH="33" HEIGHT="20" WC="0.96" CONTENT="ett"/><SP WIDTH="12" VPOS="512" HPOS="159"/>
							<String ID="string_72" HPOS="171" VPOS="512" WIDTH="97" HEIGHT="25" WC="0.96" CONTENT="register"/><SP WIDTH="11" VPOS="512" HPOS="268"/>
							<String ID="string_73" HPOS="279" VPOS="513" WIDTH="54" HEIGHT="20" WC="0.96" CONTENT="över"/><SP WIDTH="11" VPOS="513" HPOS="333"/>
							<String ID="string_74" HPOS="344" VPOS="512" WIDTH="63" HEIGHT="20" WC="0.93" CONTENT="vissa"/><SP WIDTH="11" VPOS="512" HPOS="407"/>
							<String ID="string_75" HPOS="418" VPOS="512" WIDTH="114" HEIGHT="21" WC="0.92" CONTENT="licentiat-"/><SP WIDTH="10" VPOS="512" HPOS="532"/>
							<String ID="string_76" HPOS="542" VPOS="513" WIDTH="44" HEIGHT="20" WC="0.93" CONTENT="och"/><SP WIDTH="12" VPOS="513" HPOS="586"/>
							<String ID="string_77" HPOS="598" VPOS="512" WIDTH="267" HEIGHT="26" WC="0.91" CONTENT="doktorsavhandlingar"/><SP WIDTH="12" VPOS="512" HPOS="865"/>
							<String ID="string_78" HPOS="877" VPOS="512" WIDTH="92" HEIGHT="20" WC="0.96" CONTENT="anvisas"/><SP WIDTH="79" VPOS="512" HPOS="969"/>
							<String ID="string_79" HPOS="1048" VPOS="509" WIDTH="33" HEIGHT="34" WC="0.95" CONTENT="156"/><SP WIDTH="280" VPOS="509" HPOS="1081"/>
							<String ID="string_80" HPOS="1361" VPOS="518" WIDTH="23" HEIGHT="16" WC="0.96" CONTENT="64"/>
						</TextLine>
						<TextLine ID="line_15" HPOS="126" VPOS="542" WIDTH="111" HEIGHT="20">
							<String ID="string_81" HPOS="126" VPOS="542" WIDTH="13" HEIGHT="20" WC="0.95" CONTENT="2"/><SP WIDTH="10" VPOS="542" HPOS="139"/>
							<String ID="string_82" HPOS="149" VPOS="542" WIDTH="42" HEIGHT="20" WC="0.95" CONTENT="000"/><SP WIDTH="11" VPOS="542" HPOS="191"/>
							<String ID="string_83" HPOS="202" VPOS="542" WIDTH="35" HEIGHT="20" WC="0.95" CONTENT="kr."/>
						</TextLine>
						<TextLine ID="line_16" HPOS="126" VPOS="588" WIDTH="1511" HEIGHT="27">
							<String ID="string_84" HPOS="126" VPOS="588" WIDTH="39" HEIGHT="21" WC="0.91" CONTENT="RD"/><SP WIDTH="19" VPOS="588" HPOS="165"/>
							<String ID="string_85" HPOS="184" VPOS="589" WIDTH="95" HEIGHT="20" WC="0.96" CONTENT="anvisar"/><SP WIDTH="17" VPOS="589" HPOS="279"/>
							<String ID="string_86" HPOS="296" VPOS="589" WIDTH="36" HEIGHT="20" WC="0.96" CONTENT="till"/><SP WIDTH="17" VPOS="589" HPOS="332"/>
							<String ID="string_87" HPOS="349" VPOS="589" WIDTH="82" HEIGHT="25" WC="0.96" CONTENT="bidrag"/><SP WIDTH="17" VPOS="589" HPOS="431"/>
							<String ID="string_88" HPOS="448" VPOS="590" WIDTH="35" HEIGHT="20" WC="0.96" CONTENT="till"/><SP WIDTH="19" VPOS="590" HPOS="483"/>
							<String ID="string_89" HPOS="502" VPOS="589" WIDTH="104" HEIGHT="26" WC="0.96" CONTENT="Sveriges"/><SP WIDTH="18" VPOS="589" HPOS="606"/>
							<String ID="string_90" HPOS="624" VPOS="589" WIDTH="110" HEIGHT="21" WC="0.96" CONTENT="förenade"/><SP WIDTH="18" VPOS="589" HPOS="734"/>
							<String ID="string_91" HPOS="752" VPOS="589" WIDTH="164" HEIGHT="21" WC="0.93" CONTENT="studentkårer"/><SP WIDTH="17" VPOS="589" HPOS="916"/>
							<String ID="string_92" HPOS="933" VPOS="588" WIDTH="37" HEIGHT="21" WC="0.84" CONTENT="för|"/><SP WIDTH="22" VPOS="588" HPOS="970"/>
							<String ID="string_93" HPOS="992" VPOS="588" WIDTH="30" HEIGHT="22" WC="0.37" CONTENT="52!"/><SP WIDTH="18" VPOS="588" HPOS="1022"/>
							<String ID="string_94" HPOS="1040" VPOS="590" WIDTH="50" HEIGHT="21" WC="0.54" CONTENT="1:10]"/><SP WIDTH="42" VPOS="590" HPOS="1090"/>
							<String ID="string_95" HPOS="1132" VPOS="602" WIDTH="27" HEIGHT="2" WC="0.42" CONTENT="—!I"/><SP WIDTH="39" VPOS="602" HPOS="1159"/>
							<String ID="string_96" HPOS="1198" VPOS="602" WIDTH="26" HEIGHT="2" WC="0.48" CONTENT="—I"/><SP WIDTH="39" VPOS="602" HPOS="1224"/>
							<String ID="string_97" HPOS="1263" VPOS="590" WIDTH="13" HEIGHT="20" WC="0.45" CONTENT="6)"/><SP WIDTH="23" VPOS="590" HPOS="1276"/>
							<String ID="string_98" HPOS="1299" VPOS="602" WIDTH="26" HEIGHT="3" WC="0.51" CONTENT="—|"/><SP WIDTH="44" VPOS="602" HPOS="1325"/>
							<String ID="string_99" HPOS="1369" VPOS="590" WIDTH="13" HEIGHT="20" WC="0.91" CONTENT="81"/><SP WIDTH="53" VPOS="590" HPOS="1382"/>
							<String ID="string_100" HPOS="1435" VPOS="591" WIDTH="64" HEIGHT="20" WC="0.23" CONTENT="8116:"/><SP WIDTH="16" VPOS="591" HPOS="1499"/>
							<String ID="string_101" HPOS="1515" VPOS="595" WIDTH="21" HEIGHT="15" WC="0.23" CONTENT="57"/><SP WIDTH="30" VPOS="595" HPOS="1536"/>
							<String ID="string_102" HPOS="1566" VPOS="591" WIDTH="34" HEIGHT="20" WC="0.42" CONTENT="16:"/><SP WIDTH="16" VPOS="591" HPOS="1600"/>
							<String ID="string_103" HPOS="1616" VPOS="595" WIDTH="21" HEIGHT="16" WC="0.96" CONTENT="53"/>
						</TextLine>
						<TextLine ID="line_17" HPOS="127" VPOS="618" WIDTH="1256" HEIGHT="26">
							<String ID="string_104" HPOS="127" VPOS="619" WIDTH="130" HEIGHT="25" WC="0.96" CONTENT="redigering"/><SP WIDTH="11" VPOS="619" HPOS="257"/>
							<String ID="string_105" HPOS="268" VPOS="625" WIDTH="28" HEIGHT="14" WC="0.96" CONTENT="av"/><SP WIDTH="11" VPOS="625" HPOS="296"/>
							<String ID="string_106" HPOS="307" VPOS="620" WIDTH="32" HEIGHT="19" WC="0.96" CONTENT="ett"/><SP WIDTH="11" VPOS="620" HPOS="339"/>
							<String ID="string_107" HPOS="350" VPOS="619" WIDTH="96" HEIGHT="25" WC="0.96" CONTENT="register"/><SP WIDTH="10" VPOS="619" HPOS="446"/>
							<String ID="string_108" HPOS="456" VPOS="620" WIDTH="54" HEIGHT="19" WC="0.96" CONTENT="över"/><SP WIDTH="10" VPOS="620" HPOS="510"/>
							<String ID="string_109" HPOS="520" VPOS="619" WIDTH="62" HEIGHT="21" WC="0.91" CONTENT="vissa"/><SP WIDTH="10" VPOS="619" HPOS="582"/>
							<String ID="string_110" HPOS="592" VPOS="619" WIDTH="114" HEIGHT="20" WC="0.91" CONTENT="licentiat-"/><SP WIDTH="10" VPOS="619" HPOS="706"/>
							<String ID="string_111" HPOS="716" VPOS="619" WIDTH="43" HEIGHT="20" WC="0.93" CONTENT="och"/><SP WIDTH="11" VPOS="619" HPOS="759"/>
							<String ID="string_112" HPOS="770" VPOS="618" WIDTH="199" HEIGHT="21" WC="0.92" CONTENT="doktorsavhand-"/><SP WIDTH="79" VPOS="618" HPOS="969"/>
							<String ID="string_113" HPOS="1048" VPOS="624" WIDTH="33" HEIGHT="16" WC="0.96" CONTENT="158"/><SP WIDTH="280" VPOS="624" HPOS="1081"/>
							<String ID="string_114" HPOS="1361" VPOS="624" WIDTH="22" HEIGHT="16" WC="0.96" CONTENT="63"/>
						</TextLine>
						<TextLine ID="line_18" HPOS="127" VPOS="648" WIDTH="194" HEIGHT="26">
							<String ID="string_115" HPOS="127" VPOS="649" WIDTH="75" HEIGHT="25" WC="0.95" CONTENT="lingar"/><SP WIDTH="9" VPOS="649" HPOS="202"/>
							<String ID="string_116" HPOS="211" VPOS="649" WIDTH="13" HEIGHT="20" WC="0.96" CONTENT="2"/><SP WIDTH="10" VPOS="649" HPOS="224"/>
							<String ID="string_117" HPOS="234" VPOS="648" WIDTH="42" HEIGHT="21" WC="0.96" CONTENT="000"/><SP WIDTH="10" VPOS="648" HPOS="276"/>
							<String ID="string_118" HPOS="286" VPOS="649" WIDTH="35" HEIGHT="20" WC="0.96" CONTENT="kr."/>
						</TextLine>
						<TextLine ID="line_19" HPOS="126" VPOS="695" WIDTH="1512" HEIGHT="26">
							<String ID="string_119" HPOS="126" VPOS="696" WIDTH="45" HEIGHT="20" WC="0.96" CONTENT="Till"/><SP WIDTH="14" VPOS="696" HPOS="171"/>
							<String ID="string_120" HPOS="185" VPOS="696" WIDTH="82" HEIGHT="25" WC="0.96" CONTENT="bidrag"/><SP WIDTH="13" VPOS="696" HPOS="267"/>
							<String ID="string_121" HPOS="280" VPOS="696" WIDTH="35" HEIGHT="20" WC="0.95" CONTENT="till"/><SP WIDTH="15" VPOS="696" HPOS="315"/>
							<String ID="string_122" HPOS="330" VPOS="696" WIDTH="104" HEIGHT="25" WC="0.96" CONTENT="Sveriges"/><SP WIDTH="14" VPOS="696" HPOS="434"/>
							<String ID="string_123" HPOS="448" VPOS="696" WIDTH="111" HEIGHT="21" WC="0.96" CONTENT="förenade"/><SP WIDTH="13" VPOS="696" HPOS="559"/>
							<String ID="string_124" HPOS="572" VPOS="696" WIDTH="164" HEIGHT="21" WC="0.96" CONTENT="studentkårer"/><SP WIDTH="13" VPOS="696" HPOS="736"/>
							<String ID="string_125" HPOS="749" VPOS="696" WIDTH="37" HEIGHT="20" WC="0.96" CONTENT="för"/><SP WIDTH="13" VPOS="696" HPOS="786"/>
							<String ID="string_126" HPOS="799" VPOS="696" WIDTH="130" HEIGHT="25" WC="0.93" CONTENT="redigering"/><SP WIDTH="13" VPOS="696" HPOS="929"/>
							<String ID="string_127" HPOS="942" VPOS="702" WIDTH="28" HEIGHT="14" WC="0.46" CONTENT="avl|"/><SP WIDTH="22" VPOS="702" HPOS="970"/>
							<String ID="string_128" HPOS="992" VPOS="695" WIDTH="30" HEIGHT="22" WC="0.32" CONTENT="53)"/><SP WIDTH="18" VPOS="695" HPOS="1022"/>
							<String ID="string_129" HPOS="1040" VPOS="697" WIDTH="50" HEIGHT="21" WC="0.67" CONTENT="1:10]"/><SP WIDTH="43" VPOS="697" HPOS="1090"/>
							<String ID="string_130" HPOS="1133" VPOS="709" WIDTH="26" HEIGHT="3" WC="0.39" CONTENT="—|"/><SP WIDTH="39" VPOS="709" HPOS="1159"/>
							<String ID="string_131" HPOS="1198" VPOS="709" WIDTH="26" HEIGHT="3" WC="0.88" CONTENT="—I"/><SP WIDTH="39" VPOS="709" HPOS="1224"/>
							<String ID="string_132" HPOS="1263" VPOS="697" WIDTH="13" HEIGHT="20" WC="0.50" CONTENT="6"/><SP WIDTH="23" VPOS="697" HPOS="1276"/>
							<String ID="string_133" HPOS="1299" VPOS="709" WIDTH="26" HEIGHT="3" WC="0.69" CONTENT="—"/><SP WIDTH="44" VPOS="709" HPOS="1325"/>
							<String ID="string_134" HPOS="1369" VPOS="698" WIDTH="14" HEIGHT="20" WC="0.83" CONTENT="81"/><SP WIDTH="52" VPOS="698" HPOS="1383"/>
							<String ID="string_135" HPOS="1435" VPOS="698" WIDTH="64" HEIGHT="20" WC="0.88" CONTENT="8115:"/><SP WIDTH="16" VPOS="698" HPOS="1499"/>
							<String ID="string_136" HPOS="1515" VPOS="702" WIDTH="20" HEIGHT="16" WC="0.92" CONTENT="91"/><SP WIDTH="31" VPOS="702" HPOS="1535"/>
							<String ID="string_137" HPOS="1566" VPOS="698" WIDTH="34" HEIGHT="20" WC="0.72" CONTENT="|15:"/><SP WIDTH="16" VPOS="698" HPOS="1600"/>
							<String ID="string_138" HPOS="1616" VPOS="702" WIDTH="22" HEIGHT="16" WC="0.96" CONTENT="93"/>
						</TextLine>
						<TextLine ID="line_20" HPOS="126" VPOS="726" WIDTH="1256" HEIGHT="25">
							<String ID="string_139" HPOS="126" VPOS="726" WIDTH="33" HEIGHT="20" WC="0.96" CONTENT="ett"/><SP WIDTH="12" VPOS="726" HPOS="159"/>
							<String ID="string_140" HPOS="171" VPOS="726" WIDTH="97" HEIGHT="25" WC="0.96" CONTENT="register"/><SP WIDTH="11" VPOS="726" HPOS="268"/>
							<String ID="string_141" HPOS="279" VPOS="726" WIDTH="55" HEIGHT="20" WC="0.96" CONTENT="över"/><SP WIDTH="11" VPOS="726" HPOS="334"/>
							<String ID="string_142" HPOS="345" VPOS="726" WIDTH="62" HEIGHT="20" WC="0.93" CONTENT="vissa"/><SP WIDTH="12" VPOS="726" HPOS="407"/>
							<String ID="string_143" HPOS="419" VPOS="726" WIDTH="113" HEIGHT="21" WC="0.91" CONTENT="licentiat-"/><SP WIDTH="11" VPOS="726" HPOS="532"/>
							<String ID="string_144" HPOS="543" VPOS="726" WIDTH="44" HEIGHT="20" WC="0.93" CONTENT="och"/><SP WIDTH="11" VPOS="726" HPOS="587"/>
							<String ID="string_145" HPOS="598" VPOS="726" WIDTH="267" HEIGHT="25" WC="0.91" CONTENT="doktorsavhandlingar"/><SP WIDTH="12" VPOS="726" HPOS="865"/>
							<String ID="string_146" HPOS="877" VPOS="726" WIDTH="93" HEIGHT="20" WC="0.96" CONTENT="anvisas"/><SP WIDTH="78" VPOS="726" HPOS="970"/>
							<String ID="string_147" HPOS="1048" VPOS="732" WIDTH="33" HEIGHT="15" WC="0.96" CONTENT="148"/><SP WIDTH="280" VPOS="732" HPOS="1081"/>
							<String ID="string_148" HPOS="1361" VPOS="731" WIDTH="21" HEIGHT="16" WC="0.96" CONTENT="61"/>
						</TextLine>
						<TextLine ID="line_21" HPOS="127" VPOS="755" WIDTH="109" HEIGHT="21">
							<String ID="string_149" HPOS="127" VPOS="755" WIDTH="12" HEIGHT="20" WC="0.93" CONTENT="2"/><SP WIDTH="10" VPOS="755" HPOS="139"/>
							<String ID="string_150" HPOS="149" VPOS="755" WIDTH="42" HEIGHT="21" WC="0.93" CONTENT="000"/><SP WIDTH="10" VPOS="755" HPOS="191"/>
							<String ID="string_151" HPOS="201" VPOS="756" WIDTH="35" HEIGHT="20" WC="0.96" CONTENT="kr."/>
						</TextLine>
						<TextLine ID="line_22" HPOS="127" VPOS="802" WIDTH="1511" HEIGHT="26">
							<String ID="string_152" HPOS="127" VPOS="802" WIDTH="39" HEIGHT="21" WC="0.92" CONTENT="RD"/><SP WIDTH="14" VPOS="802" HPOS="166"/>
							<String ID="string_153" HPOS="180" VPOS="803" WIDTH="94" HEIGHT="20" WC="0.96" CONTENT="anvisar"/><SP WIDTH="11" VPOS="803" HPOS="274"/>
							<String ID="string_154" HPOS="285" VPOS="803" WIDTH="35" HEIGHT="20" WC="0.95" CONTENT="till"/><SP WIDTH="12" VPOS="803" HPOS="320"/>
							<String ID="string_155" HPOS="332" VPOS="803" WIDTH="83" HEIGHT="25" WC="0.96" CONTENT="bidrag"/><SP WIDTH="11" VPOS="803" HPOS="415"/>
							<String ID="string_156" HPOS="426" VPOS="803" WIDTH="34" HEIGHT="20" WC="0.96" CONTENT="till"/><SP WIDTH="14" VPOS="803" HPOS="460"/>
							<String ID="string_157" HPOS="474" VPOS="803" WIDTH="103" HEIGHT="25" WC="0.96" CONTENT="Sveriges"/><SP WIDTH="12" VPOS="803" HPOS="577"/>
							<String ID="string_158" HPOS="589" VPOS="803" WIDTH="111" HEIGHT="21" WC="0.96" CONTENT="förenade"/><SP WIDTH="12" VPOS="803" HPOS="700"/>
							<String ID="string_159" HPOS="712" VPOS="803" WIDTH="164" HEIGHT="20" WC="0.96" CONTENT="studentkårer"/><SP WIDTH="12" VPOS="803" HPOS="876"/>
							<String ID="string_160" HPOS="888" VPOS="802" WIDTH="37" HEIGHT="21" WC="0.93" CONTENT="för"/><SP WIDTH="11" VPOS="802" HPOS="925"/>
							<String ID="string_161" HPOS="936" VPOS="808" WIDTH="34" HEIGHT="15" WC="0.24" CONTENT="re-|"/><SP WIDTH="22" VPOS="808" HPOS="970"/>
							<String ID="string_162" HPOS="992" VPOS="802" WIDTH="30" HEIGHT="22" WC="0.14" CONTENT="54|"/><SP WIDTH="18" VPOS="802" HPOS="1022"/>
							<String ID="string_163" HPOS="1040" VPOS="804" WIDTH="50" HEIGHT="21" WC="0.38" CONTENT="1:10]"/><SP WIDTH="42" VPOS="804" HPOS="1090"/>
							<String ID="string_164" HPOS="1132" VPOS="816" WIDTH="27" HEIGHT="2" WC="0.14" CONTENT="—|!|"/><SP WIDTH="39" VPOS="816" HPOS="1159"/>
							<String ID="string_165" HPOS="1198" VPOS="816" WIDTH="26" HEIGHT="2" WC="0.45" CONTENT="—I"/><SP WIDTH="39" VPOS="816" HPOS="1224"/>
							<String ID="string_166" HPOS="1263" VPOS="804" WIDTH="14" HEIGHT="20" WC="0.53" CONTENT="61"/><SP WIDTH="22" VPOS="804" HPOS="1277"/>
							<String ID="string_167" HPOS="1299" VPOS="816" WIDTH="25" HEIGHT="2" WC="0.70" CONTENT="—|"/><SP WIDTH="45" VPOS="816" HPOS="1324"/>
							<String ID="string_168" HPOS="1369" VPOS="804" WIDTH="13" HEIGHT="20" WC="0.95" CONTENT="8"/><SP WIDTH="53" VPOS="804" HPOS="1382"/>
							<String ID="string_169" HPOS="1435" VPOS="805" WIDTH="64" HEIGHT="20" WC="0.94" CONTENT="8117:"/><SP WIDTH="16" VPOS="805" HPOS="1499"/>
							<String ID="string_170" HPOS="1515" VPOS="809" WIDTH="22" HEIGHT="15" WC="0.90" CONTENT="22"/><SP WIDTH="29" VPOS="809" HPOS="1537"/>
							<String ID="string_171" HPOS="1566" VPOS="805" WIDTH="72" HEIGHT="20" WC="0.12" CONTENT="17:144"/>
						</TextLine>
						<TextLine ID="line_23" HPOS="127" VPOS="832" WIDTH="1256" HEIGHT="26">
							<String ID="string_172" HPOS="127" VPOS="832" WIDTH="105" HEIGHT="25" WC="0.92" CONTENT="digering"/><SP WIDTH="14" VPOS="832" HPOS="232"/>
							<String ID="string_173" HPOS="246" VPOS="839" WIDTH="28" HEIGHT="14" WC="0.96" CONTENT="av"/><SP WIDTH="13" VPOS="839" HPOS="274"/>
							<String ID="string_174" HPOS="287" VPOS="834" WIDTH="33" HEIGHT="19" WC="0.96" CONTENT="ett"/><SP WIDTH="14" VPOS="834" HPOS="320"/>
							<String ID="string_175" HPOS="334" VPOS="833" WIDTH="96" HEIGHT="25" WC="0.96" CONTENT="register"/><SP WIDTH="13" VPOS="833" HPOS="430"/>
							<String ID="string_176" HPOS="443" VPOS="833" WIDTH="54" HEIGHT="20" WC="0.96" CONTENT="över"/><SP WIDTH="14" VPOS="833" HPOS="497"/>
							<String ID="string_177" HPOS="511" VPOS="833" WIDTH="61" HEIGHT="20" WC="0.93" CONTENT="vissa"/><SP WIDTH="14" VPOS="833" HPOS="572"/>
							<String ID="string_178" HPOS="586" VPOS="833" WIDTH="113" HEIGHT="20" WC="0.91" CONTENT="licentiat-"/><SP WIDTH="14" VPOS="833" HPOS="699"/>
							<String ID="string_179" HPOS="713" VPOS="833" WIDTH="43" HEIGHT="20" WC="0.93" CONTENT="och"/><SP WIDTH="14" VPOS="833" HPOS="756"/>
							<String ID="string_180" HPOS="770" VPOS="832" WIDTH="200" HEIGHT="21" WC="0.90" CONTENT="doktorsavhand-"/><SP WIDTH="78" VPOS="832" HPOS="970"/>
							<String ID="string_181" HPOS="1048" VPOS="838" WIDTH="33" HEIGHT="15" WC="0.96" CONTENT="148"/><SP WIDTH="280" VPOS="838" HPOS="1081"/>
							<String ID="string_182" HPOS="1361" VPOS="838" WIDTH="22" HEIGHT="16" WC="0.95" CONTENT="77"/>
						</TextLine>
						<TextLine ID="line_24" HPOS="126" VPOS="862" WIDTH="195" HEIGHT="26">
							<String ID="string_183" HPOS="126" VPOS="862" WIDTH="76" HEIGHT="26" WC="0.96" CONTENT="lingar"/><SP WIDTH="9" VPOS="862" HPOS="202"/>
							<String ID="string_184" HPOS="211" VPOS="862" WIDTH="13" HEIGHT="21" WC="0.96" CONTENT="2"/><SP WIDTH="10" VPOS="862" HPOS="224"/>
							<String ID="string_185" HPOS="234" VPOS="862" WIDTH="42" HEIGHT="21" WC="0.96" CONTENT="500"/><SP WIDTH="10" VPOS="862" HPOS="276"/>
							<String ID="string_186" HPOS="286" VPOS="863" WIDTH="35" HEIGHT="20" WC="0.95" CONTENT="kr."/>
						</TextLine>
						<TextLine ID="line_25" HPOS="126" VPOS="909" WIDTH="1512" HEIGHT="27">
							<String ID="string_187" HPOS="126" VPOS="910" WIDTH="45" HEIGHT="20" WC="0.96" CONTENT="Till"/><SP WIDTH="14" VPOS="910" HPOS="171"/>
							<String ID="string_188" HPOS="185" VPOS="910" WIDTH="82" HEIGHT="25" WC="0.96" CONTENT="bidrag"/><SP WIDTH="13" VPOS="910" HPOS="267"/>
							<String ID="string_189" HPOS="280" VPOS="910" WIDTH="35" HEIGHT="20" WC="0.96" CONTENT="till"/><SP WIDTH="15" VPOS="910" HPOS="315"/>
							<String ID="string_190" HPOS="330" VPOS="910" WIDTH="104" HEIGHT="26" WC="0.96" CONTENT="Sveriges"/><SP WIDTH="14" VPOS="910" HPOS="434"/>
							<String ID="string_191" HPOS="448" VPOS="910" WIDTH="110" HEIGHT="20" WC="0.96" CONTENT="förenade"/><SP WIDTH="14" VPOS="910" HPOS="558"/>
							<String ID="string_192" HPOS="572" VPOS="910" WIDTH="164" HEIGHT="21" WC="0.96" CONTENT="studentkårer"/><SP WIDTH="13" VPOS="910" HPOS="736"/>
							<String ID="string_193" HPOS="749" VPOS="910" WIDTH="37" HEIGHT="20" WC="0.96" CONTENT="för"/><SP WIDTH="13" VPOS="910" HPOS="786"/>
							<String ID="string_194" HPOS="799" VPOS="910" WIDTH="130" HEIGHT="25" WC="0.93" CONTENT="redigering"/><SP WIDTH="13" VPOS="910" HPOS="929"/>
							<String ID="string_195" HPOS="942" VPOS="916" WIDTH="28" HEIGHT="14" WC="0.79" CONTENT="av|"/><SP WIDTH="22" VPOS="916" HPOS="970"/>
							<String ID="string_196" HPOS="992" VPOS="909" WIDTH="30" HEIGHT="22" WC="0.63" CONTENT="55l"/><SP WIDTH="18" VPOS="909" HPOS="1022"/>
							<String ID="string_197" HPOS="1040" VPOS="911" WIDTH="50" HEIGHT="20" WC="0.66" CONTENT="1:10]"/><SP WIDTH="43" VPOS="911" HPOS="1090"/>
							<String ID="string_198" HPOS="1133" VPOS="923" WIDTH="26" HEIGHT="3" WC="0.84" CONTENT="—I"/><SP WIDTH="39" VPOS="923" HPOS="1159"/>
							<String ID="string_199" HPOS="1198" VPOS="923" WIDTH="26" HEIGHT="2" WC="0.61" CONTENT="—I"/><SP WIDTH="39" VPOS="923" HPOS="1224"/>
							<String ID="string_200" HPOS="1263" VPOS="911" WIDTH="14" HEIGHT="20" WC="0.19" CONTENT="6)"/><SP WIDTH="22" VPOS="911" HPOS="1277"/>
							<String ID="string_201" HPOS="1299" VPOS="923" WIDTH="26" HEIGHT="3" WC="0.21" CONTENT="—|"/><SP WIDTH="44" VPOS="923" HPOS="1325"/>
							<String ID="string_202" HPOS="1369" VPOS="911" WIDTH="13" HEIGHT="21" WC="0.91" CONTENT="8"/><SP WIDTH="53" VPOS="911" HPOS="1382"/>
							<String ID="string_203" HPOS="1435" VPOS="911" WIDTH="64" HEIGHT="21" WC="0.95" CONTENT="8115:"/><SP WIDTH="16" VPOS="911" HPOS="1499"/>
							<String ID="string_204" HPOS="1515" VPOS="916" WIDTH="22" HEIGHT="15" WC="0.92" CONTENT="75"/><SP WIDTH="29" VPOS="916" HPOS="1537"/>
							<String ID="string_205" HPOS="1566" VPOS="912" WIDTH="72" HEIGHT="20" WC="0.71" CONTENT="|15:138"/>
						</TextLine>
						<TextLine ID="line_26" HPOS="127" VPOS="936" WIDTH="1256" HEIGHT="34">
							<String ID="string_206" HPOS="127" VPOS="940" WIDTH="32" HEIGHT="20" WC="0.96" CONTENT="ett"/><SP WIDTH="12" VPOS="940" HPOS="159"/>
							<String ID="string_207" HPOS="171" VPOS="940" WIDTH="96" HEIGHT="25" WC="0.96" CONTENT="register"/><SP WIDTH="12" VPOS="940" HPOS="267"/>
							<String ID="string_208" HPOS="279" VPOS="940" WIDTH="54" HEIGHT="20" WC="0.96" CONTENT="över"/><SP WIDTH="11" VPOS="940" HPOS="333"/>
							<String ID="string_209" HPOS="344" VPOS="940" WIDTH="63" HEIGHT="20" WC="0.93" CONTENT="vissa"/><SP WIDTH="11" VPOS="940" HPOS="407"/>
							<String ID="string_210" HPOS="418" VPOS="940" WIDTH="114" HEIGHT="20" WC="0.91" CONTENT="licentiat-"/><SP WIDTH="11" VPOS="940" HPOS="532"/>
							<String ID="string_211" HPOS="543" VPOS="940" WIDTH="43" HEIGHT="20" WC="0.93" CONTENT="och"/><SP WIDTH="12" VPOS="940" HPOS="586"/>
							<String ID="string_212" HPOS="598" VPOS="940" WIDTH="267" HEIGHT="25" WC="0.92" CONTENT="doktorsavhandlingar"/><SP WIDTH="11" VPOS="940" HPOS="865"/>
							<String ID="string_213" HPOS="876" VPOS="940" WIDTH="93" HEIGHT="20" WC="0.96" CONTENT="anvisas"/><SP WIDTH="79" VPOS="940" HPOS="969"/>
							<String ID="string_214" HPOS="1048" VPOS="936" WIDTH="34" HEIGHT="34" WC="0.96" CONTENT="155"/><SP WIDTH="279" VPOS="936" HPOS="1082"/>
							<String ID="string_215" HPOS="1361" VPOS="946" WIDTH="22" HEIGHT="15" WC="0.96" CONTENT="38"/>
						</TextLine>
						<TextLine ID="line_27" HPOS="126" VPOS="969" WIDTH="110" HEIGHT="21">
							<String ID="string_216" HPOS="126" VPOS="969" WIDTH="13" HEIGHT="20" WC="0.87" CONTENT="2"/><SP WIDTH="10" VPOS="969" HPOS="139"/>
							<String ID="string_217" HPOS="149" VPOS="969" WIDTH="42" HEIGHT="21" WC="0.87" CONTENT="200"/><SP WIDTH="10" VPOS="969" HPOS="191"/>
							<String ID="string_218" HPOS="201" VPOS="970" WIDTH="35" HEIGHT="20" WC="0.94" CONTENT="kr."/>
						</TextLine>
						<TextLine ID="line_28" HPOS="126" VPOS="1016" WIDTH="1512" HEIGHT="26">
							<String ID="string_219" HPOS="126" VPOS="1017" WIDTH="45" HEIGHT="20" WC="0.96" CONTENT="Till"/><SP WIDTH="14" VPOS="1017" HPOS="171"/>
							<String ID="string_220" HPOS="185" VPOS="1017" WIDTH="82" HEIGHT="25" WC="0.96" CONTENT="bidrag"/><SP WIDTH="13" VPOS="1017" HPOS="267"/>
							<String ID="string_221" HPOS="280" VPOS="1017" WIDTH="35" HEIGHT="20" WC="0.96" CONTENT="till"/><SP WIDTH="15" VPOS="1017" HPOS="315"/>
							<String ID="string_222" HPOS="330" VPOS="1017" WIDTH="103" HEIGHT="25" WC="0.96" CONTENT="Sveriges"/><SP WIDTH="14" VPOS="1017" HPOS="433"/>
							<String ID="string_223" HPOS="447" VPOS="1017" WIDTH="111" HEIGHT="21" WC="0.96" CONTENT="förenade"/><SP WIDTH="14" VPOS="1017" HPOS="558"/>
							<String ID="string_224" HPOS="572" VPOS="1017" WIDTH="164" HEIGHT="20" WC="0.96" CONTENT="studentkårer"/><SP WIDTH="13" VPOS="1017" HPOS="736"/>
							<String ID="string_225" HPOS="749" VPOS="1017" WIDTH="37" HEIGHT="20" WC="0.96" CONTENT="för"/><SP WIDTH="13" VPOS="1017" HPOS="786"/>
							<String ID="string_226" HPOS="799" VPOS="1017" WIDTH="130" HEIGHT="25" WC="0.93" CONTENT="redigering"/><SP WIDTH="13" VPOS="1017" HPOS="929"/>
							<String ID="string_227" HPOS="942" VPOS="1022" WIDTH="28" HEIGHT="14" WC="0.77" CONTENT="av|"/><SP WIDTH="22" VPOS="1022" HPOS="970"/>
							<String ID="string_228" HPOS="992" VPOS="1016" WIDTH="30" HEIGHT="22" WC="0.32" CONTENT="561"/><SP WIDTH="18" VPOS="1016" HPOS="1022"/>
							<String ID="string_229" HPOS="1040" VPOS="1018" WIDTH="50" HEIGHT="20" WC="0.60" CONTENT="1:10]"/><SP WIDTH="43" VPOS="1018" HPOS="1090"/>
							<String ID="string_230" HPOS="1133" VPOS="1030" WIDTH="26" HEIGHT="3" WC="0.12" CONTENT="—I"/><SP WIDTH="39" VPOS="1030" HPOS="1159"/>
							<String ID="string_231" HPOS="1198" VPOS="1030" WIDTH="26" HEIGHT="2" WC="0.13" CONTENT="—IJI"/><SP WIDTH="39" VPOS="1030" HPOS="1224"/>
							<String ID="string_232" HPOS="1263" VPOS="1018" WIDTH="13" HEIGHT="20" WC="0.48" CONTENT="61"/><SP WIDTH="23" VPOS="1018" HPOS="1276"/>
							<String ID="string_233" HPOS="1299" VPOS="1030" WIDTH="26" HEIGHT="2" WC="0.60" CONTENT="—|"/><SP WIDTH="29" VPOS="1030" HPOS="1325"/>
							<String ID="string_234" HPOS="1354" VPOS="1018" WIDTH="145" HEIGHT="21" WC="0.61" CONTENT="551156112:"/><SP WIDTH="15" VPOS="1018" HPOS="1499"/>
							<String ID="string_235" HPOS="1514" VPOS="1023" WIDTH="23" HEIGHT="15" WC="0.96" CONTENT="42"/><SP WIDTH="29" VPOS="1023" HPOS="1537"/>
							<String ID="string_236" HPOS="1566" VPOS="1018" WIDTH="34" HEIGHT="21" WC="0.79" CONTENT="112:"/><SP WIDTH="16" VPOS="1018" HPOS="1600"/>
							<String ID="string_237" HPOS="1616" VPOS="1023" WIDTH="22" HEIGHT="16" WC="0.96" CONTENT="88"/>
						</TextLine>
						<TextLine ID="line_29" HPOS="126" VPOS="1046" WIDTH="1257" HEIGHT="26">
							<String ID="string_238" HPOS="126" VPOS="1048" WIDTH="33" HEIGHT="19" WC="0.96" CONTENT="ett"/><SP WIDTH="12" VPOS="1048" HPOS="159"/>
							<String ID="string_239" HPOS="171" VPOS="1047" WIDTH="97" HEIGHT="25" WC="0.96" CONTENT="register"/><SP WIDTH="11" VPOS="1047" HPOS="268"/>
							<String ID="string_240" HPOS="279" VPOS="1048" WIDTH="54" HEIGHT="19" WC="0.96" CONTENT="över"/><SP WIDTH="11" VPOS="1048" HPOS="333"/>
							<String ID="string_241" HPOS="344" VPOS="1047" WIDTH="62" HEIGHT="20" WC="0.93" CONTENT="vissa"/><SP WIDTH="13" VPOS="1047" HPOS="406"/>
							<String ID="string_242" HPOS="419" VPOS="1047" WIDTH="113" HEIGHT="20" WC="0.91" CONTENT="licentiat-"/><SP WIDTH="11" VPOS="1047" HPOS="532"/>
							<String ID="string_243" HPOS="543" VPOS="1047" WIDTH="43" HEIGHT="20" WC="0.93" CONTENT="och"/><SP WIDTH="12" VPOS="1047" HPOS="586"/>
							<String ID="string_244" HPOS="598" VPOS="1047" WIDTH="267" HEIGHT="25" WC="0.92" CONTENT="doktorsavhandlingar"/><SP WIDTH="12" VPOS="1047" HPOS="865"/>
							<String ID="string_245" HPOS="877" VPOS="1046" WIDTH="92" HEIGHT="21" WC="0.96" CONTENT="anvisas"/><SP WIDTH="80" VPOS="1046" HPOS="969"/>
							<String ID="string_246" HPOS="1049" VPOS="1052" WIDTH="32" HEIGHT="15" WC="0.96" CONTENT="158"/><SP WIDTH="282" VPOS="1052" HPOS="1081"/>
							<String ID="string_247" HPOS="1363" VPOS="1053" WIDTH="20" HEIGHT="15" WC="0.96" CONTENT="13"/>
						</TextLine>
						<TextLine ID="line_30" HPOS="126" VPOS="1077" WIDTH="110" HEIGHT="20">
							<String ID="string_248" HPOS="126" VPOS="1077" WIDTH="13" HEIGHT="20" WC="0.94" CONTENT="2"/><SP WIDTH="9" VPOS="1077" HPOS="139"/>
							<String ID="string_249" HPOS="148" VPOS="1077" WIDTH="43" HEIGHT="20" WC="0.94" CONTENT="200"/><SP WIDTH="10" VPOS="1077" HPOS="191"/>
							<String ID="string_250" HPOS="201" VPOS="1077" WIDTH="35" HEIGHT="20" WC="0.95" CONTENT="kr."/>
						</TextLine>
						<TextLine ID="line_31" HPOS="126" VPOS="1123" WIDTH="1511" HEIGHT="27">
							<String ID="string_251" HPOS="126" VPOS="1124" WIDTH="45" HEIGHT="20" WC="0.96" CONTENT="Till"/><SP WIDTH="14" VPOS="1124" HPOS="171"/>
							<String ID="string_252" HPOS="185" VPOS="1124" WIDTH="82" HEIGHT="25" WC="0.96" CONTENT="bidrag"/><SP WIDTH="13" VPOS="1124" HPOS="267"/>
							<String ID="string_253" HPOS="280" VPOS="1125" WIDTH="35" HEIGHT="19" WC="0.96" CONTENT="till"/><SP WIDTH="15" VPOS="1125" HPOS="315"/>
							<String ID="string_254" HPOS="330" VPOS="1124" WIDTH="103" HEIGHT="26" WC="0.96" CONTENT="Sveriges"/><SP WIDTH="15" VPOS="1124" HPOS="433"/>
							<String ID="string_255" HPOS="448" VPOS="1124" WIDTH="110" HEIGHT="21" WC="0.96" CONTENT="förenade"/><SP WIDTH="14" VPOS="1124" HPOS="558"/>
							<String ID="string_256" HPOS="572" VPOS="1124" WIDTH="164" HEIGHT="21" WC="0.96" CONTENT="studentkårer"/><SP WIDTH="14" VPOS="1124" HPOS="736"/>
							<String ID="string_257" HPOS="750" VPOS="1124" WIDTH="36" HEIGHT="20" WC="0.96" CONTENT="för"/><SP WIDTH="13" VPOS="1124" HPOS="786"/>
							<String ID="string_258" HPOS="799" VPOS="1124" WIDTH="130" HEIGHT="25" WC="0.88" CONTENT="redigering"/><SP WIDTH="13" VPOS="1124" HPOS="929"/>
							<String ID="string_259" HPOS="942" VPOS="1129" WIDTH="28" HEIGHT="15" WC="0.80" CONTENT="av|"/><SP WIDTH="23" VPOS="1129" HPOS="970"/>
							<String ID="string_260" HPOS="993" VPOS="1123" WIDTH="29" HEIGHT="22" WC="0.33" CONTENT="571"/><SP WIDTH="18" VPOS="1123" HPOS="1022"/>
							<String ID="string_261" HPOS="1040" VPOS="1125" WIDTH="50" HEIGHT="20" WC="0.75" CONTENT="1:10]"/><SP WIDTH="43" VPOS="1125" HPOS="1090"/>
							<String ID="string_262" HPOS="1133" VPOS="1137" WIDTH="26" HEIGHT="3" WC="0.44" CONTENT="—|"/><SP WIDTH="39" VPOS="1137" HPOS="1159"/>
							<String ID="string_263" HPOS="1198" VPOS="1137" WIDTH="26" HEIGHT="3" WC="0.0" CONTENT="—|"/><SP WIDTH="39" VPOS="1137" HPOS="1224"/>
							<String ID="string_264" HPOS="1263" VPOS="1125" WIDTH="13" HEIGHT="20" WC="0.71" CONTENT="6)"/><SP WIDTH="23" VPOS="1125" HPOS="1276"/>
							<String ID="string_265" HPOS="1299" VPOS="1137" WIDTH="26" HEIGHT="3" WC="0.35" CONTENT="—|"/><SP WIDTH="29" VPOS="1137" HPOS="1325"/>
							<String ID="string_266" HPOS="1354" VPOS="1125" WIDTH="145" HEIGHT="21" WC="0.46" CONTENT="631184112:"/><SP WIDTH="16" VPOS="1125" HPOS="1499"/>
							<String ID="string_267" HPOS="1515" VPOS="1130" WIDTH="21" HEIGHT="15" WC="0.92" CONTENT="97"/><SP WIDTH="30" VPOS="1130" HPOS="1536"/>
							<String ID="string_268" HPOS="1566" VPOS="1125" WIDTH="71" HEIGHT="21" WC="0.56" CONTENT="|12:161"/>
						</TextLine>
						<TextLine ID="line_32" HPOS="127" VPOS="1151" WIDTH="1256" HEIGHT="33">
							<String ID="string_269" HPOS="127" VPOS="1155" WIDTH="32" HEIGHT="20" WC="0.96" CONTENT="ett"/><SP WIDTH="12" VPOS="1155" HPOS="159"/>
							<String ID="string_270" HPOS="171" VPOS="1154" WIDTH="97" HEIGHT="25" WC="0.96" CONTENT="register"/><SP WIDTH="11" VPOS="1154" HPOS="268"/>
							<String ID="string_271" HPOS="279" VPOS="1155" WIDTH="54" HEIGHT="19" WC="0.96" CONTENT="över"/><SP WIDTH="11" VPOS="1155" HPOS="333"/>
							<String ID="string_272" HPOS="344" VPOS="1154" WIDTH="63" HEIGHT="20" WC="0.93" CONTENT="vissa"/><SP WIDTH="12" VPOS="1154" HPOS="407"/>
							<String ID="string_273" HPOS="419" VPOS="1154" WIDTH="113" HEIGHT="20" WC="0.92" CONTENT="licentiat-"/><SP WIDTH="11" VPOS="1154" HPOS="532"/>
							<String ID="string_274" HPOS="543" VPOS="1154" WIDTH="43" HEIGHT="20" WC="0.93" CONTENT="och"/><SP WIDTH="12" VPOS="1154" HPOS="586"/>
							<String ID="string_275" HPOS="598" VPOS="1154" WIDTH="267" HEIGHT="25" WC="0.92" CONTENT="doktorsavhandlingar"/><SP WIDTH="12" VPOS="1154" HPOS="865"/>
							<String ID="string_276" HPOS="877" VPOS="1154" WIDTH="92" HEIGHT="20" WC="0.96" CONTENT="anvisas"/><SP WIDTH="80" VPOS="1154" HPOS="969"/>
							<String ID="string_277" HPOS="1049" VPOS="1151" WIDTH="32" HEIGHT="33" WC="0.96" CONTENT="155"/><SP WIDTH="281" VPOS="1151" HPOS="1081"/>
							<String ID="string_278" HPOS="1362" VPOS="1160" WIDTH="21" HEIGHT="16" WC="0.96" CONTENT="57"/>
						</TextLine>
						<TextLine ID="line_33" HPOS="126" VPOS="1184" WIDTH="110" HEIGHT="20">
							<String ID="string_279" HPOS="126" VPOS="1184" WIDTH="64" HEIGHT="20" WC="0.76" CONTENT="2200"/><SP WIDTH="11" VPOS="1184" HPOS="190"/>
							<String ID="string_280" HPOS="201" VPOS="1184" WIDTH="35" HEIGHT="20" WC="0.76" CONTENT="kr."/>
						</TextLine>
						<TextLine ID="line_34" HPOS="126" VPOS="1230" WIDTH="1512" HEIGHT="27">
							<String ID="string_281" HPOS="126" VPOS="1231" WIDTH="45" HEIGHT="20" WC="0.96" CONTENT="Till"/><SP WIDTH="14" VPOS="1231" HPOS="171"/>
							<String ID="string_282" HPOS="185" VPOS="1231" WIDTH="82" HEIGHT="25" WC="0.96" CONTENT="bidrag"/><SP WIDTH="13" VPOS="1231" HPOS="267"/>
							<String ID="string_283" HPOS="280" VPOS="1232" WIDTH="35" HEIGHT="20" WC="0.96" CONTENT="till"/><SP WIDTH="15" VPOS="1232" HPOS="315"/>
							<String ID="string_284" HPOS="330" VPOS="1231" WIDTH="103" HEIGHT="26" WC="0.96" CONTENT="Sveriges"/><SP WIDTH="15" VPOS="1231" HPOS="433"/>
							<String ID="string_285" HPOS="448" VPOS="1231" WIDTH="110" HEIGHT="21" WC="0.96" CONTENT="förenade"/><SP WIDTH="14" VPOS="1231" HPOS="558"/>
							<String ID="string_286" HPOS="572" VPOS="1231" WIDTH="164" HEIGHT="21" WC="0.96" CONTENT="studentkårer"/><SP WIDTH="13" VPOS="1231" HPOS="736"/>
							<String ID="string_287" HPOS="749" VPOS="1231" WIDTH="37" HEIGHT="20" WC="0.96" CONTENT="för"/><SP WIDTH="14" VPOS="1231" HPOS="786"/>
							<String ID="string_288" HPOS="800" VPOS="1231" WIDTH="129" HEIGHT="25" WC="0.93" CONTENT="redigering"/><SP WIDTH="13" VPOS="1231" HPOS="929"/>
							<String ID="string_289" HPOS="942" VPOS="1237" WIDTH="28" HEIGHT="14" WC="0.83" CONTENT="av|"/><SP WIDTH="23" VPOS="1237" HPOS="970"/>
							<String ID="string_290" HPOS="993" VPOS="1230" WIDTH="30" HEIGHT="22" WC="0.9" CONTENT="58)"/><SP WIDTH="17" VPOS="1230" HPOS="1023"/>
							<String ID="string_291" HPOS="1040" VPOS="1232" WIDTH="51" HEIGHT="21" WC="0.9" CONTENT="1:10)"/><SP WIDTH="42" VPOS="1232" HPOS="1091"/>
							<String ID="string_292" HPOS="1133" VPOS="1245" WIDTH="26" HEIGHT="2" WC="0.13" CONTENT="—!|"/><SP WIDTH="40" VPOS="1245" HPOS="1159"/>
							<String ID="string_293" HPOS="1199" VPOS="1245" WIDTH="25" HEIGHT="2" WC="0.41" CONTENT="—I"/><SP WIDTH="39" VPOS="1245" HPOS="1224"/>
							<String ID="string_294" HPOS="1263" VPOS="1232" WIDTH="14" HEIGHT="20" WC="0.18" CONTENT="6)"/><SP WIDTH="22" VPOS="1232" HPOS="1277"/>
							<String ID="string_295" HPOS="1299" VPOS="1244" WIDTH="26" HEIGHT="3" WC="0.23" CONTENT="—]"/><SP WIDTH="45" VPOS="1244" HPOS="1325"/>
							<String ID="string_296" HPOS="1370" VPOS="1233" WIDTH="13" HEIGHT="20" WC="0.62" CONTENT="81"/><SP WIDTH="52" VPOS="1233" HPOS="1383"/>
							<String ID="string_297" HPOS="1435" VPOS="1233" WIDTH="64" HEIGHT="20" WC="0.82" CONTENT="8110:"/><SP WIDTH="16" VPOS="1233" HPOS="1499"/>
							<String ID="string_298" HPOS="1515" VPOS="1237" WIDTH="22" HEIGHT="16" WC="0.85" CONTENT="20"/><SP WIDTH="29" VPOS="1237" HPOS="1537"/>
							<String ID="string_299" HPOS="1566" VPOS="1233" WIDTH="34" HEIGHT="20" WC="0.0" CONTENT="10:"/><SP WIDTH="16" VPOS="1233" HPOS="1600"/>
							<String ID="string_300" HPOS="1616" VPOS="1237" WIDTH="22" HEIGHT="15" WC="0.96" CONTENT="80"/>
						</TextLine>
						<TextLine ID="line_35" HPOS="127" VPOS="1257" WIDTH="1256" HEIGHT="34">
							<String ID="string_301" HPOS="127" VPOS="1262" WIDTH="32" HEIGHT="19" WC="0.96" CONTENT="ett"/><SP WIDTH="12" VPOS="1262" HPOS="159"/>
							<String ID="string_302" HPOS="171" VPOS="1261" WIDTH="97" HEIGHT="25" WC="0.96" CONTENT="register"/><SP WIDTH="11" VPOS="1261" HPOS="268"/>
							<String ID="string_303" HPOS="279" VPOS="1262" WIDTH="54" HEIGHT="19" WC="0.96" CONTENT="över"/><SP WIDTH="11" VPOS="1262" HPOS="333"/>
							<String ID="string_304" HPOS="344" VPOS="1261" WIDTH="62" HEIGHT="20" WC="0.93" CONTENT="vissa"/><SP WIDTH="13" VPOS="1261" HPOS="406"/>
							<String ID="string_305" HPOS="419" VPOS="1261" WIDTH="113" HEIGHT="20" WC="0.91" CONTENT="licentiat-"/><SP WIDTH="11" VPOS="1261" HPOS="532"/>
							<String ID="string_306" HPOS="543" VPOS="1262" WIDTH="43" HEIGHT="19" WC="0.93" CONTENT="och"/><SP WIDTH="12" VPOS="1262" HPOS="586"/>
							<String ID="string_307" HPOS="598" VPOS="1261" WIDTH="267" HEIGHT="25" WC="0.91" CONTENT="doktorsavhandlingar"/><SP WIDTH="12" VPOS="1261" HPOS="865"/>
							<String ID="string_308" HPOS="877" VPOS="1261" WIDTH="93" HEIGHT="20" WC="0.96" CONTENT="anvisas"/><SP WIDTH="79" VPOS="1261" HPOS="970"/>
							<String ID="string_309" HPOS="1049" VPOS="1257" WIDTH="33" HEIGHT="34" WC="0.96" CONTENT="147"/><SP WIDTH="280" VPOS="1257" HPOS="1082"/>
							<String ID="string_310" HPOS="1362" VPOS="1267" WIDTH="21" HEIGHT="16" WC="0.96" CONTENT="31"/>
						</TextLine>
						<TextLine ID="line_36" HPOS="126" VPOS="1291" WIDTH="110" HEIGHT="20">
							<String ID="string_311" HPOS="126" VPOS="1291" WIDTH="13" HEIGHT="20" WC="0.91" CONTENT="2"/><SP WIDTH="10" VPOS="1291" HPOS="139"/>
							<String ID="string_312" HPOS="149" VPOS="1291" WIDTH="42" HEIGHT="20" WC="0.91" CONTENT="200"/><SP WIDTH="10" VPOS="1291" HPOS="191"/>
							<String ID="string_313" HPOS="201" VPOS="1291" WIDTH="35" HEIGHT="20" WC="0.95" CONTENT="kr."/>
						</TextLine>
					</TextBlock>
				</ComposedBlock>
				<ComposedBlock ID="cblock_6" HPOS="127" VPOS="1320" WIDTH="843" HEIGHT="55">
					<TextBlock ID="block_10" HPOS="127" VPOS="1320" WIDTH="843" HEIGHT="55">
						<TextLine ID="line_37" HPOS="127" VPOS="1320" WIDTH="843" HEIGHT="26">
							<String ID="string_314" HPOS="127" VPOS="1321" WIDTH="27" HEIGHT="20" WC="0.96" CONTENT="Se"/><SP WIDTH="14" VPOS="1321" HPOS="154"/>
							<String ID="string_315" HPOS="168" VPOS="1321" WIDTH="44" HEIGHT="19" WC="0.93" CONTENT="ock"/><SP WIDTH="13" VPOS="1321" HPOS="212"/>
							<String ID="string_316" HPOS="225" VPOS="1320" WIDTH="282" HEIGHT="25" WC="0.91" CONTENT="Doktorsavhandlingar,"/><SP WIDTH="15" VPOS="1320" HPOS="507"/>
							<String ID="string_317" HPOS="522" VPOS="1320" WIDTH="117" HEIGHT="21" WC="0.96" CONTENT="Tekniska"/><SP WIDTH="13" VPOS="1320" HPOS="639"/>
							<String ID="string_318" HPOS="652" VPOS="1320" WIDTH="165" HEIGHT="26" WC="0.93" CONTENT="högskolorna,"/><SP WIDTH="14" VPOS="1320" HPOS="817"/>
							<String ID="string_319" HPOS="831" VPOS="1320" WIDTH="139" HEIGHT="21" WC="0.91" CONTENT="Universite-"/>
						</TextLine>
						<TextLine ID="line_38" HPOS="127" VPOS="1350" WIDTH="315" HEIGHT="25">
							<String ID="string_320" HPOS="127" VPOS="1351" WIDTH="46" HEIGHT="24" WC="0.93" CONTENT="ten,"/><SP WIDTH="10" VPOS="1351" HPOS="173"/>
							<String ID="string_321" HPOS="183" VPOS="1350" WIDTH="259" HEIGHT="25" WC="0.90" CONTENT="Veterinärhögskolan."/>
						</TextLine>
					</TextBlock>
				</ComposedBlock>
				<ComposedBlock ID="cblock_7" HPOS="82" VPOS="1403" WIDTH="888" HEIGHT="84">
					<TextBlock ID="block_11" HPOS="82" VPOS="1403" WIDTH="888" HEIGHT="84">
						<TextLine ID="line_39" HPOS="82" VPOS="1403" WIDTH="138" HEIGHT="21">
							<String ID="string_322" HPOS="82" VPOS="1403" WIDTH="138" HEIGHT="21" WC="0.96" CONTENT="AVLIDNA."/>
						</TextLine>
						<TextLine ID="line_40" HPOS="127" VPOS="1433" WIDTH="843" HEIGHT="27">
							<String ID="string_323" HPOS="127" VPOS="1433" WIDTH="58" HEIGHT="25" WC="0.96" CONTENT="Ang."/><SP WIDTH="10" VPOS="1433" HPOS="185"/>
							<String ID="string_324" HPOS="195" VPOS="1434" WIDTH="151" HEIGHT="25" WC="0.96" CONTENT="transporten"/><SP WIDTH="11" VPOS="1434" HPOS="346"/>
							<String ID="string_325" HPOS="357" VPOS="1440" WIDTH="27" HEIGHT="14" WC="0.96" CONTENT="av"/><SP WIDTH="11" VPOS="1440" HPOS="384"/>
							<String ID="string_326" HPOS="395" VPOS="1435" WIDTH="93" HEIGHT="20" WC="0.96" CONTENT="avlidna"/><SP WIDTH="10" VPOS="1435" HPOS="488"/>
							<String ID="string_327" HPOS="498" VPOS="1434" WIDTH="29" HEIGHT="25" WC="0.97" CONTENT="på"/><SP WIDTH="11" VPOS="1434" HPOS="527"/>
							<String ID="string_328" HPOS="538" VPOS="1436" WIDTH="89" HEIGHT="19" WC="0.96" CONTENT="statens"/><SP WIDTH="9" VPOS="1436" HPOS="627"/>
							<String ID="string_329" HPOS="636" VPOS="1435" WIDTH="126" HEIGHT="25" WC="0.96" CONTENT="järnvägar"/><SP WIDTH="10" VPOS="1435" HPOS="762"/>
							<String ID="string_330" HPOS="772" VPOS="1441" WIDTH="24" HEIGHT="14" WC="0.96" CONTENT="se"/><SP WIDTH="9" VPOS="1441" HPOS="796"/>
							<String ID="string_331" HPOS="805" VPOS="1434" WIDTH="76" HEIGHT="21" WC="0.95" CONTENT="Enkla"/><SP WIDTH="9" VPOS="1434" HPOS="881"/>
							<String ID="string_332" HPOS="890" VPOS="1434" WIDTH="80" HEIGHT="26" WC="0.95" CONTENT="frågor"/>
						</TextLine>
						<TextLine ID="line_41" HPOS="130" VPOS="1463" WIDTH="139" HEIGHT="24">
							<String ID="string_333" HPOS="130" VPOS="1463" WIDTH="79" HEIGHT="24" WC="0.73" CONTENT="(1958:"/><SP WIDTH="12" VPOS="1463" HPOS="209"/>
							<String ID="string_334" HPOS="221" VPOS="1464" WIDTH="48" HEIGHT="23" WC="0.68" CONTENT="27)."/>
						</TextLine>
					</TextBlock>
				</ComposedBlock>
				<ComposedBlock ID="cblock_8" HPOS="82" VPOS="1510" WIDTH="576" HEIGHT="26">
					<TextBlock ID="block_12" HPOS="82" VPOS="1510" WIDTH="576" HEIGHT="26">
						<TextLine ID="line_42" HPOS="82" VPOS="1510" WIDTH="576" HEIGHT="26">
							<String ID="string_335" HPOS="82" VPOS="1510" WIDTH="127" HEIGHT="24" WC="0.95" CONTENT="AVLOPP;"/><SP WIDTH="15" VPOS="1510" HPOS="209"/>
							<String ID="string_336" HPOS="224" VPOS="1517" WIDTH="23" HEIGHT="14" WC="0.95" CONTENT="se"/><SP WIDTH="10" VPOS="1517" HPOS="247"/>
							<String ID="string_337" HPOS="257" VPOS="1511" WIDTH="152" HEIGHT="25" WC="0.92" CONTENT="Folkhälsan,"/><SP WIDTH="12" VPOS="1511" HPOS="409"/>
							<String ID="string_338" HPOS="421" VPOS="1512" WIDTH="237" HEIGHT="24" WC="0.91" CONTENT="Vattenförsörjning."/>
						</TextLine>
					</TextBlock>
				</ComposedBlock>
				<ComposedBlock ID="cblock_9" HPOS="82" VPOS="1558" WIDTH="1576" HEIGHT="561">
					<TextBlock ID="block_13" HPOS="82" VPOS="1558" WIDTH="1576" HEIGHT="561">
						<TextLine ID="line_43" HPOS="82" VPOS="1558" WIDTH="289" HEIGHT="21">
							<String ID="string_339" HPOS="82" VPOS="1558" WIDTH="289" HEIGHT="21" WC="0.90" CONTENT="AVLÖNINGSANSLAG."/>
						</TextLine>
						<TextLine ID="line_44" HPOS="127" VPOS="1588" WIDTH="1531" HEIGHT="28">
							<String ID="string_340" HPOS="127" VPOS="1588" WIDTH="38" HEIGHT="20" WC="0.93" CONTENT="RD"/><SP WIDTH="18" VPOS="1588" HPOS="165"/>
							<String ID="string_341" HPOS="183" VPOS="1588" WIDTH="110" HEIGHT="24" WC="0.96" CONTENT="besluter,"/><SP WIDTH="18" VPOS="1588" HPOS="293"/>
							<String ID="string_342" HPOS="311" VPOS="1590" WIDTH="34" HEIGHT="19" WC="0.96" CONTENT="att"/><SP WIDTH="18" VPOS="1590" HPOS="345"/>
							<String ID="string_343" HPOS="363" VPOS="1589" WIDTH="28" HEIGHT="20" WC="0.93" CONTENT="de"/><SP WIDTH="17" VPOS="1589" HPOS="391"/>
							<String ID="string_344" HPOS="408" VPOS="1590" WIDTH="292" HEIGHT="25" WC="0.87" CONTENT="personalförteckningar,"/><SP WIDTH="18" VPOS="1590" HPOS="700"/>
							<String ID="string_345" HPOS="718" VPOS="1596" WIDTH="50" HEIGHT="14" WC="0.93" CONTENT="som"/><SP WIDTH="17" VPOS="1596" HPOS="768"/>
							<String ID="string_346" HPOS="785" VPOS="1590" WIDTH="39" HEIGHT="21" WC="0.91" CONTENT="RD"/><SP WIDTH="18" VPOS="1590" HPOS="824"/>
							<String ID="string_347" HPOS="842" VPOS="1590" WIDTH="128" HEIGHT="21" WC="0.11" CONTENT="fastställer"/><SP WIDTH="1" VPOS="1590" HPOS="970"/>
							<String ID="string_348" HPOS="971" VPOS="1584" WIDTH="10" HEIGHT="36" WC="0.11" CONTENT="|"/><SP WIDTH="12" VPOS="1584" HPOS="981"/>
							<String ID="string_349" HPOS="993" VPOS="1592" WIDTH="28" HEIGHT="22" WC="0.56" CONTENT="511"/><SP WIDTH="20" VPOS="1592" HPOS="1021"/>
							<String ID="string_350" HPOS="1041" VPOS="1594" WIDTH="34" HEIGHT="21" WC="0.56" CONTENT="1:2"/><SP WIDTH="41" VPOS="1594" HPOS="1075"/>
							<String ID="string_351" HPOS="1116" VPOS="1595" WIDTH="108" HEIGHT="20" WC="0.0" CONTENT="|177|1258]"/><SP WIDTH="40" VPOS="1595" HPOS="1224"/>
							<String ID="string_352" HPOS="1264" VPOS="1594" WIDTH="13" HEIGHT="21" WC="0.34" CONTENT="61"/><SP WIDTH="23" VPOS="1594" HPOS="1277"/>
							<String ID="string_353" HPOS="1300" VPOS="1606" WIDTH="26" HEIGHT="3" WC="0.57" CONTENT="—I|"/><SP WIDTH="30" VPOS="1606" HPOS="1326"/>
							<String ID="string_354" HPOS="1356" VPOS="1595" WIDTH="27" HEIGHT="20" WC="0.94" CONTENT="131"/><SP WIDTH="37" VPOS="1595" HPOS="1383"/>
							<String ID="string_355" HPOS="1420" VPOS="1595" WIDTH="29" HEIGHT="20" WC="0.92" CONTENT="441"/><SP WIDTH="30" VPOS="1595" HPOS="1449"/>
							<String ID="string_356" HPOS="1479" VPOS="1595" WIDTH="21" HEIGHT="21" WC="0.81" CONTENT="8:"/><SP WIDTH="16" VPOS="1595" HPOS="1500"/>
							<String ID="string_357" HPOS="1516" VPOS="1594" WIDTH="41" HEIGHT="21" WC="0.15" CONTENT="15d|"/><SP WIDTH="23" VPOS="1594" HPOS="1557"/>
							<String ID="string_358" HPOS="1580" VPOS="1595" WIDTH="21" HEIGHT="20" WC="0.96" CONTENT="8:"/><SP WIDTH="16" VPOS="1595" HPOS="1601"/>
							<String ID="string_359" HPOS="1617" VPOS="1594" WIDTH="41" HEIGHT="21" WC="0.78" CONTENT="eid"/>
						</TextLine>
						<TextLine ID="line_45" HPOS="127" VPOS="1618" WIDTH="843" HEIGHT="27">
							<String ID="string_360" HPOS="127" VPOS="1618" WIDTH="72" HEIGHT="20" WC="0.91" CONTENT="innan"/><SP WIDTH="13" VPOS="1618" HPOS="199"/>
							<String ID="string_361" HPOS="212" VPOS="1618" WIDTH="39" HEIGHT="20" WC="0.91" CONTENT="RD"/><SP WIDTH="13" VPOS="1618" HPOS="251"/>
							<String ID="string_362" HPOS="264" VPOS="1619" WIDTH="117" HEIGHT="20" WC="0.96" CONTENT="meddelat"/><SP WIDTH="11" VPOS="1619" HPOS="381"/>
							<String ID="string_363" HPOS="392" VPOS="1619" WIDTH="76" HEIGHT="20" WC="0.96" CONTENT="beslut"/><SP WIDTH="12" VPOS="1619" HPOS="468"/>
							<String ID="string_364" HPOS="480" VPOS="1625" WIDTH="38" HEIGHT="14" WC="0.92" CONTENT="om"/><SP WIDTH="12" VPOS="1625" HPOS="518"/>
							<String ID="string_365" HPOS="530" VPOS="1620" WIDTH="167" HEIGHT="25" WC="0.92" CONTENT="lönereglering"/><SP WIDTH="12" VPOS="1620" HPOS="697"/>
							<String ID="string_366" HPOS="709" VPOS="1620" WIDTH="36" HEIGHT="20" WC="0.93" CONTENT="för"/><SP WIDTH="11" VPOS="1620" HPOS="745"/>
							<String ID="string_367" HPOS="756" VPOS="1620" WIDTH="137" HEIGHT="25" WC="0.93" CONTENT="byråchefer"/><SP WIDTH="12" VPOS="1620" HPOS="893"/>
							<String ID="string_368" HPOS="905" VPOS="1626" WIDTH="30" HEIGHT="14" WC="0.72" CONTENT="m."/><SP WIDTH="10" VPOS="1626" HPOS="935"/>
							<String ID="string_369" HPOS="945" VPOS="1620" WIDTH="25" HEIGHT="20" WC="0.95" CONTENT="fl."/>
						</TextLine>
						<TextLine ID="line_46" HPOS="127" VPOS="1648" WIDTH="843" HEIGHT="26">
							<String ID="string_370" HPOS="127" VPOS="1648" WIDTH="70" HEIGHT="25" WC="0.95" CONTENT="högre"/><SP WIDTH="15" VPOS="1648" HPOS="197"/>
							<String ID="string_371" HPOS="212" VPOS="1648" WIDTH="212" HEIGHT="25" WC="0.95" CONTENT="statstjänstemän,"/><SP WIDTH="15" VPOS="1648" HPOS="424"/>
							<String ID="string_372" HPOS="439" VPOS="1649" WIDTH="65" HEIGHT="20" WC="0.96" CONTENT="skola"/><SP WIDTH="14" VPOS="1649" HPOS="504"/>
							<String ID="string_373" HPOS="518" VPOS="1649" WIDTH="60" HEIGHT="25" WC="0.96" CONTENT="gälla"/><SP WIDTH="14" VPOS="1649" HPOS="578"/>
							<String ID="string_374" HPOS="592" VPOS="1649" WIDTH="82" HEIGHT="21" WC="0.96" CONTENT="endast"/><SP WIDTH="13" VPOS="1649" HPOS="674"/>
							<String ID="string_375" HPOS="687" VPOS="1650" WIDTH="7" HEIGHT="20" WC="0.96" CONTENT="i"/><SP WIDTH="14" VPOS="1650" HPOS="694"/>
							<String ID="string_376" HPOS="708" VPOS="1649" WIDTH="44" HEIGHT="21" WC="0.96" CONTENT="den"/><SP WIDTH="14" VPOS="1649" HPOS="752"/>
							<String ID="string_377" HPOS="766" VPOS="1650" WIDTH="55" HEIGHT="20" WC="0.96" CONTENT="mån"/><SP WIDTH="12" VPOS="1650" HPOS="821"/>
							<String ID="string_378" HPOS="833" VPOS="1649" WIDTH="51" HEIGHT="21" WC="0.96" CONTENT="icke"/><SP WIDTH="14" VPOS="1649" HPOS="884"/>
							<String ID="string_379" HPOS="898" VPOS="1650" WIDTH="72" HEIGHT="20" WC="0.96" CONTENT="annat"/>
						</TextLine>
						<TextLine ID="line_47" HPOS="128" VPOS="1677" WIDTH="842" HEIGHT="27">
							<String ID="string_380" HPOS="128" VPOS="1677" WIDTH="69" HEIGHT="25" WC="0.96" CONTENT="följer"/><SP WIDTH="13" VPOS="1677" HPOS="197"/>
							<String ID="string_381" HPOS="210" VPOS="1684" WIDTH="28" HEIGHT="14" WC="0.96" CONTENT="av"/><SP WIDTH="12" VPOS="1684" HPOS="238"/>
							<String ID="string_382" HPOS="250" VPOS="1678" WIDTH="44" HEIGHT="20" WC="0.93" CONTENT="vad"/><SP WIDTH="14" VPOS="1678" HPOS="294"/>
							<String ID="string_383" HPOS="308" VPOS="1678" WIDTH="39" HEIGHT="20" WC="0.92" CONTENT="RD"/><SP WIDTH="13" VPOS="1678" HPOS="347"/>
							<String ID="string_384" HPOS="360" VPOS="1679" WIDTH="7" HEIGHT="19" WC="0.96" CONTENT="i"/><SP WIDTH="12" VPOS="1679" HPOS="367"/>
							<String ID="string_385" HPOS="379" VPOS="1678" WIDTH="114" HEIGHT="21" WC="0.96" CONTENT="samband"/><SP WIDTH="13" VPOS="1678" HPOS="493"/>
							<String ID="string_386" HPOS="506" VPOS="1679" WIDTH="52" HEIGHT="20" WC="0.96" CONTENT="med"/><SP WIDTH="12" VPOS="1679" HPOS="558"/>
							<String ID="string_387" HPOS="570" VPOS="1679" WIDTH="171" HEIGHT="25" WC="0.96" CONTENT="behandlingen"/><SP WIDTH="13" VPOS="1679" HPOS="741"/>
							<String ID="string_388" HPOS="754" VPOS="1686" WIDTH="28" HEIGHT="14" WC="0.96" CONTENT="av"/><SP WIDTH="11" VPOS="1686" HPOS="782"/>
							<String ID="string_389" HPOS="793" VPOS="1680" WIDTH="104" HEIGHT="20" WC="0.92" CONTENT="nämnda"/><SP WIDTH="12" VPOS="1680" HPOS="897"/>
							<String ID="string_390" HPOS="909" VPOS="1680" WIDTH="61" HEIGHT="20" WC="0.91" CONTENT="löne-"/>
						</TextLine>
						<TextLine ID="line_48" HPOS="127" VPOS="1707" WIDTH="844" HEIGHT="26">
							<String ID="string_391" HPOS="127" VPOS="1707" WIDTH="195" HEIGHT="26" WC="0.92" CONTENT="regleringsfråga"/><SP WIDTH="14" VPOS="1707" HPOS="322"/>
							<String ID="string_392" HPOS="336" VPOS="1708" WIDTH="113" HEIGHT="23" WC="0.96" CONTENT="besluter;"/><SP WIDTH="15" VPOS="1708" HPOS="449"/>
							<String ID="string_393" HPOS="464" VPOS="1708" WIDTH="44" HEIGHT="20" WC="0.96" CONTENT="och"/><SP WIDTH="14" VPOS="1708" HPOS="508"/>
							<String ID="string_394" HPOS="522" VPOS="1708" WIDTH="102" HEIGHT="21" WC="0.93" CONTENT="besluter"/><SP WIDTH="14" VPOS="1708" HPOS="624"/>
							<String ID="string_395" HPOS="638" VPOS="1709" WIDTH="39" HEIGHT="20" WC="0.91" CONTENT="RD"/><SP WIDTH="15" VPOS="1709" HPOS="677"/>
							<String ID="string_396" HPOS="692" VPOS="1710" WIDTH="34" HEIGHT="19" WC="0.96" CONTENT="att"/><SP WIDTH="14" VPOS="1710" HPOS="726"/>
							<String ID="string_397" HPOS="740" VPOS="1709" WIDTH="39" HEIGHT="21" WC="0.93" CONTENT="det"/><SP WIDTH="13" VPOS="1709" HPOS="779"/>
							<String ID="string_398" HPOS="792" VPOS="1709" WIDTH="27" HEIGHT="21" WC="0.20" CONTENT="K.:"/><SP WIDTH="14" VPOS="1709" HPOS="819"/>
							<String ID="string_399" HPOS="833" VPOS="1709" WIDTH="45" HEIGHT="20" WC="0.95" CONTENT="M:t"/><SP WIDTH="14" VPOS="1709" HPOS="878"/>
							<String ID="string_400" HPOS="892" VPOS="1710" WIDTH="79" HEIGHT="19" WC="0.96" CONTENT="senast"/>
						</TextLine>
						<TextLine ID="line_49" HPOS="127" VPOS="1737" WIDTH="843" HEIGHT="27">
							<String ID="string_401" HPOS="127" VPOS="1737" WIDTH="36" HEIGHT="20" WC="0.95" CONTENT="för"/><SP WIDTH="23" VPOS="1737" HPOS="163"/>
							<String ID="string_402" HPOS="186" VPOS="1737" WIDTH="137" HEIGHT="25" WC="0.90" CONTENT="budgetåret"/><SP WIDTH="24" VPOS="1737" HPOS="323"/>
							<String ID="string_403" HPOS="347" VPOS="1738" WIDTH="89" HEIGHT="20" WC="0.90" CONTENT="1950/51"/><SP WIDTH="25" VPOS="1738" HPOS="436"/>
							<String ID="string_404" HPOS="461" VPOS="1738" WIDTH="108" HEIGHT="20" WC="0.93" CONTENT="lämnade"/><SP WIDTH="22" VPOS="1738" HPOS="569"/>
							<String ID="string_405" HPOS="591" VPOS="1738" WIDTH="196" HEIGHT="26" WC="0.91" CONTENT="bemyndigandet"/><SP WIDTH="21" VPOS="1738" HPOS="787"/>
							<String ID="string_406" HPOS="808" VPOS="1740" WIDTH="35" HEIGHT="19" WC="0.93" CONTENT="att"/><SP WIDTH="22" VPOS="1740" HPOS="843"/>
							<String ID="string_407" HPOS="865" VPOS="1739" WIDTH="105" HEIGHT="25" WC="0.91" CONTENT="medgiva"/>
						</TextLine>
						<TextLine ID="line_50" HPOS="127" VPOS="1767" WIDTH="843" HEIGHT="26">
							<String ID="string_408" HPOS="127" VPOS="1767" WIDTH="182" HEIGHT="20" WC="0.96" CONTENT="överskridande"/><SP WIDTH="14" VPOS="1767" HPOS="309"/>
							<String ID="string_409" HPOS="323" VPOS="1773" WIDTH="28" HEIGHT="14" WC="0.96" CONTENT="av"/><SP WIDTH="13" VPOS="1773" HPOS="351"/>
							<String ID="string_410" HPOS="364" VPOS="1772" WIDTH="83" HEIGHT="20" WC="0.93" CONTENT="genom"/><SP WIDTH="14" VPOS="1772" HPOS="447"/>
							<String ID="string_411" HPOS="461" VPOS="1768" WIDTH="64" HEIGHT="20" WC="0.92" CONTENT="RD:s"/><SP WIDTH="13" VPOS="1768" HPOS="525"/>
							<String ID="string_412" HPOS="538" VPOS="1768" WIDTH="76" HEIGHT="20" WC="0.93" CONTENT="beslut"/><SP WIDTH="13" VPOS="1768" HPOS="614"/>
							<String ID="string_413" HPOS="627" VPOS="1768" WIDTH="157" HEIGHT="21" WC="0.92" CONTENT="maximerade"/><SP WIDTH="14" VPOS="1768" HPOS="784"/>
							<String ID="string_414" HPOS="798" VPOS="1769" WIDTH="172" HEIGHT="24" WC="0.91" CONTENT="anslagsposter"/>
						</TextLine>
						<TextLine ID="line_51" HPOS="127" VPOS="1796" WIDTH="843" HEIGHT="26">
							<String ID="string_415" HPOS="127" VPOS="1796" WIDTH="35" HEIGHT="20" WC="0.96" CONTENT="till"/><SP WIDTH="12" VPOS="1796" HPOS="162"/>
							<String ID="string_416" HPOS="174" VPOS="1797" WIDTH="101" HEIGHT="19" WC="0.96" CONTENT="arvoden"/><SP WIDTH="11" VPOS="1797" HPOS="275"/>
							<String ID="string_417" HPOS="286" VPOS="1797" WIDTH="45" HEIGHT="20" WC="0.96" CONTENT="och"/><SP WIDTH="11" VPOS="1797" HPOS="331"/>
							<String ID="string_418" HPOS="342" VPOS="1797" WIDTH="116" HEIGHT="20" WC="0.96" CONTENT="särskilda"/><SP WIDTH="11" VPOS="1797" HPOS="458"/>
							<String ID="string_419" HPOS="469" VPOS="1798" WIDTH="164" HEIGHT="24" WC="0.96" CONTENT="ersättningar,"/><SP WIDTH="10" VPOS="1798" HPOS="633"/>
							<String ID="string_420" HPOS="643" VPOS="1798" WIDTH="122" HEIGHT="20" WC="0.96" CONTENT="bestämda"/><SP WIDTH="11" VPOS="1798" HPOS="765"/>
							<String ID="string_421" HPOS="776" VPOS="1804" WIDTH="28" HEIGHT="14" WC="0.92" CONTENT="av"/><SP WIDTH="11" VPOS="1804" HPOS="804"/>
							<String ID="string_422" HPOS="815" VPOS="1798" WIDTH="26" HEIGHT="20" WC="0.85" CONTENT="K."/><SP WIDTH="11" VPOS="1798" HPOS="841"/>
							<String ID="string_423" HPOS="852" VPOS="1798" WIDTH="52" HEIGHT="24" WC="0.94" CONTENT="M:t,"/><SP WIDTH="11" VPOS="1798" HPOS="904"/>
							<String ID="string_424" HPOS="915" VPOS="1799" WIDTH="55" HEIGHT="19" WC="0.96" CONTENT="eller"/>
						</TextLine>
						<TextLine ID="line_52" HPOS="127" VPOS="1826" WIDTH="842" HEIGHT="27">
							<String ID="string_425" HPOS="127" VPOS="1826" WIDTH="34" HEIGHT="20" WC="0.93" CONTENT="till"/><SP WIDTH="13" VPOS="1826" HPOS="161"/>
							<String ID="string_426" HPOS="174" VPOS="1826" WIDTH="137" HEIGHT="25" WC="0.92" CONTENT="avlöningar"/><SP WIDTH="10" VPOS="1826" HPOS="311"/>
							<String ID="string_427" HPOS="321" VPOS="1827" WIDTH="35" HEIGHT="19" WC="0.96" CONTENT="till"/><SP WIDTH="12" VPOS="1827" HPOS="356"/>
							<String ID="string_428" HPOS="368" VPOS="1827" WIDTH="51" HEIGHT="20" WC="0.96" CONTENT="icke"/><SP WIDTH="10" VPOS="1827" HPOS="419"/>
							<String ID="string_429" HPOS="429" VPOS="1827" WIDTH="49" HEIGHT="20" WC="0.95" CONTENT="ord."/><SP WIDTH="11" VPOS="1827" HPOS="478"/>
							<String ID="string_430" HPOS="489" VPOS="1828" WIDTH="108" HEIGHT="24" WC="0.96" CONTENT="personal"/><SP WIDTH="11" VPOS="1828" HPOS="597"/>
							<String ID="string_431" HPOS="608" VPOS="1827" WIDTH="60" HEIGHT="20" WC="0.96" CONTENT="skall"/><SP WIDTH="11" VPOS="1827" HPOS="668"/>
							<String ID="string_432" HPOS="679" VPOS="1827" WIDTH="58" HEIGHT="20" WC="0.96" CONTENT="efter"/><SP WIDTH="11" VPOS="1827" HPOS="737"/>
							<String ID="string_433" HPOS="748" VPOS="1827" WIDTH="116" HEIGHT="26" WC="0.96" CONTENT="utgången"/><SP WIDTH="12" VPOS="1827" HPOS="864"/>
							<String ID="string_434" HPOS="876" VPOS="1834" WIDTH="28" HEIGHT="14" WC="0.93" CONTENT="av"/><SP WIDTH="9" VPOS="1834" HPOS="904"/>
							<String ID="string_435" HPOS="913" VPOS="1828" WIDTH="56" HEIGHT="20" WC="0.93" CONTENT="bud-"/>
						</TextLine>
						<TextLine ID="line_53" HPOS="126" VPOS="1855" WIDTH="843" HEIGHT="27">
							<String ID="string_436" HPOS="126" VPOS="1855" WIDTH="89" HEIGHT="25" WC="0.91" CONTENT="getåret"/><SP WIDTH="16" VPOS="1855" HPOS="215"/>
							<String ID="string_437" HPOS="231" VPOS="1856" WIDTH="89" HEIGHT="20" WC="0.92" CONTENT="1950/51"/><SP WIDTH="18" VPOS="1856" HPOS="320"/>
							<String ID="string_438" HPOS="338" VPOS="1857" WIDTH="43" HEIGHT="24" WC="0.96" CONTENT="äga"/><SP WIDTH="16" VPOS="1857" HPOS="381"/>
							<String ID="string_439" HPOS="397" VPOS="1856" WIDTH="95" HEIGHT="21" WC="0.96" CONTENT="fortsatt"/><SP WIDTH="14" VPOS="1856" HPOS="492"/>
							<String ID="string_440" HPOS="506" VPOS="1857" WIDTH="106" HEIGHT="25" WC="0.96" CONTENT="giltighet"/><SP WIDTH="14" VPOS="1857" HPOS="612"/>
							<String ID="string_441" HPOS="626" VPOS="1857" WIDTH="74" HEIGHT="20" WC="0.96" CONTENT="under"/><SP WIDTH="15" VPOS="1857" HPOS="700"/>
							<String ID="string_442" HPOS="715" VPOS="1857" WIDTH="137" HEIGHT="25" WC="0.93" CONTENT="budgetåret"/><SP WIDTH="16" VPOS="1857" HPOS="852"/>
							<String ID="string_443" HPOS="868" VPOS="1857" WIDTH="101" HEIGHT="23" WC="0.91" CONTENT="1951/52;"/>
						</TextLine>
						<TextLine ID="line_54" HPOS="126" VPOS="1885" WIDTH="845" HEIGHT="27">
							<String ID="string_444" HPOS="126" VPOS="1885" WIDTH="43" HEIGHT="20" WC="0.93" CONTENT="och"/><SP WIDTH="17" VPOS="1885" HPOS="169"/>
							<String ID="string_445" HPOS="186" VPOS="1885" WIDTH="153" HEIGHT="26" WC="0.92" CONTENT="bemyndigar"/><SP WIDTH="17" VPOS="1885" HPOS="339"/>
							<String ID="string_446" HPOS="356" VPOS="1886" WIDTH="40" HEIGHT="20" WC="0.92" CONTENT="RD"/><SP WIDTH="17" VPOS="1886" HPOS="396"/>
							<String ID="string_447" HPOS="413" VPOS="1886" WIDTH="27" HEIGHT="20" WC="0.92" CONTENT="K."/><SP WIDTH="17" VPOS="1886" HPOS="440"/>
							<String ID="string_448" HPOS="457" VPOS="1886" WIDTH="45" HEIGHT="21" WC="0.96" CONTENT="M:t"/><SP WIDTH="17" VPOS="1886" HPOS="502"/>
							<String ID="string_449" HPOS="519" VPOS="1887" WIDTH="33" HEIGHT="20" WC="0.93" CONTENT="att"/><SP WIDTH="17" VPOS="1887" HPOS="552"/>
							<String ID="string_450" HPOS="569" VPOS="1887" WIDTH="105" HEIGHT="25" WC="0.92" CONTENT="medgiva"/><SP WIDTH="17" VPOS="1887" HPOS="674"/>
							<String ID="string_451" HPOS="691" VPOS="1887" WIDTH="38" HEIGHT="21" WC="0.96" CONTENT="det"/><SP WIDTH="16" VPOS="1887" HPOS="729"/>
							<String ID="string_452" HPOS="745" VPOS="1887" WIDTH="182" HEIGHT="20" WC="0.96" CONTENT="överskridande"/><SP WIDTH="16" VPOS="1887" HPOS="927"/>
							<String ID="string_453" HPOS="943" VPOS="1893" WIDTH="28" HEIGHT="14" WC="0.96" CONTENT="av"/>
						</TextLine>
						<TextLine ID="line_55" HPOS="126" VPOS="1915" WIDTH="844" HEIGHT="27">
							<String ID="string_454" HPOS="126" VPOS="1920" WIDTH="84" HEIGHT="20" WC="0.92" CONTENT="genom"/><SP WIDTH="16" VPOS="1920" HPOS="210"/>
							<String ID="string_455" HPOS="226" VPOS="1915" WIDTH="64" HEIGHT="20" WC="0.92" CONTENT="RD:s"/><SP WIDTH="16" VPOS="1915" HPOS="290"/>
							<String ID="string_456" HPOS="306" VPOS="1916" WIDTH="76" HEIGHT="20" WC="0.93" CONTENT="beslut"/><SP WIDTH="16" VPOS="1916" HPOS="382"/>
							<String ID="string_457" HPOS="398" VPOS="1916" WIDTH="157" HEIGHT="20" WC="0.92" CONTENT="maximerade"/><SP WIDTH="15" VPOS="1916" HPOS="555"/>
							<String ID="string_458" HPOS="570" VPOS="1917" WIDTH="81" HEIGHT="24" WC="0.96" CONTENT="anslag"/><SP WIDTH="15" VPOS="1917" HPOS="651"/>
							<String ID="string_459" HPOS="666" VPOS="1917" WIDTH="43" HEIGHT="20" WC="0.93" CONTENT="och"/><SP WIDTH="16" VPOS="1917" HPOS="709"/>
							<String ID="string_460" HPOS="725" VPOS="1916" WIDTH="180" HEIGHT="26" WC="0.91" CONTENT="anslagsposter,"/><SP WIDTH="16" VPOS="1916" HPOS="905"/>
							<String ID="string_461" HPOS="921" VPOS="1922" WIDTH="49" HEIGHT="15" WC="0.96" CONTENT="som"/>
						</TextLine>
						<TextLine ID="line_56" HPOS="127" VPOS="1945" WIDTH="844" HEIGHT="26">
							<String ID="string_462" HPOS="127" VPOS="1945" WIDTH="37" HEIGHT="20" WC="0.96" CONTENT="för"/><SP WIDTH="14" VPOS="1945" HPOS="164"/>
							<String ID="string_463" HPOS="178" VPOS="1945" WIDTH="138" HEIGHT="25" WC="0.93" CONTENT="budgetåret"/><SP WIDTH="16" VPOS="1945" HPOS="316"/>
							<String ID="string_464" HPOS="332" VPOS="1945" WIDTH="91" HEIGHT="21" WC="0.91" CONTENT="1951/52"/><SP WIDTH="16" VPOS="1945" HPOS="423"/>
							<String ID="string_465" HPOS="439" VPOS="1945" WIDTH="106" HEIGHT="25" WC="0.96" CONTENT="påkallas"/><SP WIDTH="15" VPOS="1945" HPOS="545"/>
							<String ID="string_466" HPOS="560" VPOS="1946" WIDTH="52" HEIGHT="20" WC="0.96" CONTENT="med"/><SP WIDTH="15" VPOS="1946" HPOS="612"/>
							<String ID="string_467" HPOS="627" VPOS="1946" WIDTH="92" HEIGHT="25" WC="0.96" CONTENT="hänsyn"/><SP WIDTH="15" VPOS="1946" HPOS="719"/>
							<String ID="string_468" HPOS="734" VPOS="1946" WIDTH="35" HEIGHT="20" WC="0.95" CONTENT="till"/><SP WIDTH="15" VPOS="1946" HPOS="769"/>
							<String ID="string_469" HPOS="784" VPOS="1946" WIDTH="144" HEIGHT="25" WC="0.95" CONTENT="regleringen"/><SP WIDTH="15" VPOS="1946" HPOS="928"/>
							<String ID="string_470" HPOS="943" VPOS="1952" WIDTH="28" HEIGHT="14" WC="0.95" CONTENT="av"/>
						</TextLine>
						<TextLine ID="line_57" HPOS="126" VPOS="1974" WIDTH="845" HEIGHT="27">
							<String ID="string_471" HPOS="126" VPOS="1974" WIDTH="240" HEIGHT="26" WC="0.92" CONTENT="befordringsgången"/><SP WIDTH="12" VPOS="1974" HPOS="366"/>
							<String ID="string_472" HPOS="378" VPOS="1975" WIDTH="37" HEIGHT="20" WC="0.93" CONTENT="för"/><SP WIDTH="11" VPOS="1975" HPOS="415"/>
							<String ID="string_473" HPOS="426" VPOS="1975" WIDTH="112" HEIGHT="20" WC="0.92" CONTENT="biträdes-"/><SP WIDTH="11" VPOS="1975" HPOS="538"/>
							<String ID="string_474" HPOS="549" VPOS="1976" WIDTH="43" HEIGHT="19" WC="0.93" CONTENT="och"/><SP WIDTH="12" VPOS="1976" HPOS="592"/>
							<String ID="string_475" HPOS="604" VPOS="1976" WIDTH="238" HEIGHT="25" WC="0.91" CONTENT="amanuenspersonal"/><SP WIDTH="12" VPOS="1976" HPOS="842"/>
							<String ID="string_476" HPOS="854" VPOS="1976" WIDTH="56" HEIGHT="20" WC="0.96" CONTENT="eller"/><SP WIDTH="11" VPOS="1976" HPOS="910"/>
							<String ID="string_477" HPOS="921" VPOS="1982" WIDTH="50" HEIGHT="14" WC="0.96" CONTENT="som"/>
						</TextLine>
						<TextLine ID="line_58" HPOS="127" VPOS="2004" WIDTH="844" HEIGHT="27">
							<String ID="string_478" HPOS="127" VPOS="2004" WIDTH="37" HEIGHT="20" WC="0.96" CONTENT="för"/><SP WIDTH="20" VPOS="2004" HPOS="164"/>
							<String ID="string_479" HPOS="184" VPOS="2005" WIDTH="160" HEIGHT="20" WC="0.96" CONTENT="innevarande"/><SP WIDTH="21" VPOS="2005" HPOS="344"/>
							<String ID="string_480" HPOS="365" VPOS="2005" WIDTH="55" HEIGHT="20" WC="0.96" CONTENT="eller"/><SP WIDTH="21" VPOS="2005" HPOS="420"/>
							<String ID="string_481" HPOS="441" VPOS="2005" WIDTH="196" HEIGHT="21" WC="0.96" CONTENT="nästkommande"/><SP WIDTH="20" VPOS="2005" HPOS="637"/>
							<String ID="string_482" HPOS="657" VPOS="2005" WIDTH="113" HEIGHT="26" WC="0.93" CONTENT="budgetår"/><SP WIDTH="21" VPOS="2005" HPOS="770"/>
							<String ID="string_483" HPOS="791" VPOS="2006" WIDTH="132" HEIGHT="20" WC="0.92" CONTENT="föranledes"/><SP WIDTH="21" VPOS="2006" HPOS="923"/>
							<String ID="string_484" HPOS="944" VPOS="2012" WIDTH="27" HEIGHT="14" WC="0.60" CONTENT="av"/>
						</TextLine>
						<TextLine ID="line_59" HPOS="127" VPOS="2034" WIDTH="844" HEIGHT="27">
							<String ID="string_485" HPOS="127" VPOS="2034" WIDTH="89" HEIGHT="21" WC="0.93" CONTENT="ändrad"/><SP WIDTH="18" VPOS="2034" HPOS="216"/>
							<String ID="string_486" HPOS="234" VPOS="2035" WIDTH="246" HEIGHT="25" WC="0.91" CONTENT="dyrortsgruppering;"/><SP WIDTH="19" VPOS="2035" HPOS="480"/>
							<String ID="string_487" HPOS="499" VPOS="2035" WIDTH="43" HEIGHT="20" WC="0.93" CONTENT="och"/><SP WIDTH="17" VPOS="2035" HPOS="542"/>
							<String ID="string_488" HPOS="559" VPOS="2035" WIDTH="117" HEIGHT="25" WC="0.92" CONTENT="medgiver"/><SP WIDTH="17" VPOS="2035" HPOS="676"/>
							<String ID="string_489" HPOS="693" VPOS="2035" WIDTH="39" HEIGHT="21" WC="0.91" CONTENT="RD"/><SP WIDTH="17" VPOS="2035" HPOS="732"/>
							<String ID="string_490" HPOS="749" VPOS="2037" WIDTH="34" HEIGHT="19" WC="0.93" CONTENT="att"/><SP WIDTH="17" VPOS="2037" HPOS="783"/>
							<String ID="string_491" HPOS="800" VPOS="2036" WIDTH="171" HEIGHT="25" WC="0.91" CONTENT="dyrtidstillägg"/>
						</TextLine>
						<TextLine ID="line_60" HPOS="128" VPOS="2064" WIDTH="843" HEIGHT="27">
							<String ID="string_492" HPOS="128" VPOS="2064" WIDTH="23" HEIGHT="20" WC="0.93" CONTENT="åt"/><SP WIDTH="10" VPOS="2064" HPOS="151"/>
							<String ID="string_493" HPOS="161" VPOS="2064" WIDTH="62" HEIGHT="21" WC="0.93" CONTENT="vissa"/><SP WIDTH="10" VPOS="2064" HPOS="223"/>
							<String ID="string_494" HPOS="233" VPOS="2064" WIDTH="232" HEIGHT="25" WC="0.91" CONTENT="befattningshavare"/><SP WIDTH="10" VPOS="2064" HPOS="465"/>
							<String ID="string_495" HPOS="475" VPOS="2065" WIDTH="7" HEIGHT="20" WC="0.96" CONTENT="i"/><SP WIDTH="10" VPOS="2065" HPOS="482"/>
							<String ID="string_496" HPOS="492" VPOS="2066" WIDTH="89" HEIGHT="19" WC="0.96" CONTENT="statens"/><SP WIDTH="10" VPOS="2066" HPOS="581"/>
							<String ID="string_497" HPOS="591" VPOS="2065" WIDTH="74" HEIGHT="25" WC="0.93" CONTENT="tjänst"/><SP WIDTH="10" VPOS="2065" HPOS="665"/>
							<String ID="string_498" HPOS="675" VPOS="2071" WIDTH="30" HEIGHT="15" WC="0.91" CONTENT="m."/><SP WIDTH="11" VPOS="2071" HPOS="705"/>
							<String ID="string_499" HPOS="716" VPOS="2065" WIDTH="24" HEIGHT="21" WC="0.95" CONTENT="fl."/><SP WIDTH="10" VPOS="2065" HPOS="740"/>
							<String ID="string_500" HPOS="750" VPOS="2066" WIDTH="75" HEIGHT="20" WC="0.95" CONTENT="under"/><SP WIDTH="9" VPOS="2066" HPOS="825"/>
							<String ID="string_501" HPOS="834" VPOS="2065" WIDTH="137" HEIGHT="26" WC="0.96" CONTENT="budgetåret"/>
						</TextLine>
						<TextLine ID="line_61" HPOS="129" VPOS="2094" WIDTH="842" HEIGHT="25">
							<String ID="string_502" HPOS="129" VPOS="2094" WIDTH="91" HEIGHT="21" WC="0.92" CONTENT="1951/52"/><SP WIDTH="17" VPOS="2094" HPOS="220"/>
							<String ID="string_503" HPOS="237" VPOS="2094" WIDTH="38" HEIGHT="20" WC="0.96" CONTENT="må"/><SP WIDTH="15" VPOS="2094" HPOS="275"/>
							<String ID="string_504" HPOS="290" VPOS="2094" WIDTH="56" HEIGHT="25" WC="0.96" CONTENT="utgå"/><SP WIDTH="16" VPOS="2094" HPOS="346"/>
							<String ID="string_505" HPOS="362" VPOS="2094" WIDTH="71" HEIGHT="25" WC="0.96" CONTENT="enligt"/><SP WIDTH="16" VPOS="2094" HPOS="433"/>
							<String ID="string_506" HPOS="449" VPOS="2094" WIDTH="28" HEIGHT="21" WC="0.96" CONTENT="de"/><SP WIDTH="16" VPOS="2094" HPOS="477"/>
							<String ID="string_507" HPOS="493" VPOS="2095" WIDTH="108" HEIGHT="20" WC="0.96" CONTENT="närmare"/><SP WIDTH="16" VPOS="2095" HPOS="601"/>
							<String ID="string_508" HPOS="617" VPOS="2095" WIDTH="154" HEIGHT="24" WC="0.96" CONTENT="föreskrifter,"/><SP WIDTH="16" VPOS="2095" HPOS="771"/>
							<String ID="string_509" HPOS="787" VPOS="2101" WIDTH="51" HEIGHT="14" WC="0.96" CONTENT="som"/><SP WIDTH="16" VPOS="2101" HPOS="838"/>
							<String ID="string_510" HPOS="854" VPOS="2095" WIDTH="117" HEIGHT="21" WC="0.96" CONTENT="meddelas"/>
						</TextLine>
					</TextBlock>
				</ComposedBlock>
				<ComposedBlock ID="cblock_10" HPOS="1" VPOS="411" WIDTH="9" HEIGHT="1654">
					<TextBlock ID="block_14" HPOS="1" VPOS="411" WIDTH="9" HEIGHT="1654">
						<TextLine ID="line_62" HPOS="1" VPOS="411" WIDTH="9" HEIGHT="1654">
							<String ID="string_511" HPOS="1" VPOS="411" WIDTH="9" HEIGHT="1654" WC="0.95" CONTENT=" "/>
						</TextLine>
					</TextBlock>
				</ComposedBlock>
				<ComposedBlock ID="cblock_11" HPOS="62" VPOS="146" WIDTH="8" HEIGHT="1978">
					<TextBlock ID="block_15" HPOS="62" VPOS="146" WIDTH="8" HEIGHT="1978">
						<TextLine ID="line_63" HPOS="62" VPOS="146" WIDTH="8" HEIGHT="1978">
							<String ID="string_512" HPOS="62" VPOS="146" WIDTH="8" HEIGHT="1978" WC="0.95" CONTENT=" "/>
						</TextLine>
					</TextBlock>
				</ComposedBlock>
				<ComposedBlock ID="cblock_12" HPOS="976" VPOS="143" WIDTH="7" HEIGHT="1982">
					<TextBlock ID="block_16" HPOS="976" VPOS="143" WIDTH="7" HEIGHT="1982">
						<TextLine ID="line_64" HPOS="976" VPOS="143" WIDTH="7" HEIGHT="1982">
							<String ID="string_513" HPOS="976" VPOS="143" WIDTH="7" HEIGHT="1982" WC="0.95" CONTENT=" "/>
						</TextLine>
					</TextBlock>
				</ComposedBlock>
				<ComposedBlock ID="cblock_13" HPOS="1023" VPOS="142" WIDTH="7" HEIGHT="1983">
					<TextBlock ID="block_17" HPOS="1023" VPOS="142" WIDTH="7" HEIGHT="1983">
						<TextLine ID="line_65" HPOS="1023" VPOS="142" WIDTH="7" HEIGHT="1983">
							<String ID="string_514" HPOS="1023" VPOS="142" WIDTH="7" HEIGHT="1983" WC="0.95" CONTENT=" "/>
						</TextLine>
					</TextBlock>
				</ComposedBlock>
				<ComposedBlock ID="cblock_14" HPOS="1100" VPOS="142" WIDTH="8" HEIGHT="1983">
					<TextBlock ID="block_18" HPOS="1100" VPOS="142" WIDTH="8" HEIGHT="1983">
						<TextLine ID="line_66" HPOS="1100" VPOS="142" WIDTH="8" HEIGHT="1983">
							<String ID="string_515" HPOS="1100" VPOS="142" WIDTH="8" HEIGHT="1983" WC="0.95" CONTENT=" "/>
						</TextLine>
					</TextBlock>
				</ComposedBlock>
				<ComposedBlock ID="cblock_15" HPOS="1231" VPOS="142" WIDTH="6" HEIGHT="1984">
					<TextBlock ID="block_19" HPOS="1231" VPOS="142" WIDTH="6" HEIGHT="1984">
						<TextLine ID="line_67" HPOS="1231" VPOS="142" WIDTH="6" HEIGHT="1984">
							<String ID="string_516" HPOS="1231" VPOS="142" WIDTH="6" HEIGHT="1984" WC="0.95" CONTENT=" "/>
						</TextLine>
					</TextBlock>
				</ComposedBlock>
				<ComposedBlock ID="cblock_16" HPOS="1391" VPOS="142" WIDTH="7" HEIGHT="1983">
					<TextBlock ID="block_20" HPOS="1391" VPOS="142" WIDTH="7" HEIGHT="1983">
						<TextLine ID="line_68" HPOS="1391" VPOS="142" WIDTH="7" HEIGHT="1983">
							<String ID="string_517" HPOS="1391" VPOS="142" WIDTH="7" HEIGHT="1983" WC="0.95" CONTENT=" "/>
						</TextLine>
					</TextBlock>
				</ComposedBlock>
				<ComposedBlock ID="cblock_17" HPOS="1457" VPOS="142" WIDTH="6" HEIGHT="1983">
					<TextBlock ID="block_21" HPOS="1457" VPOS="142" WIDTH="6" HEIGHT="1983">
						<TextLine ID="line_69" HPOS="1457" VPOS="142" WIDTH="6" HEIGHT="1983">
							<String ID="string_518" HPOS="1457" VPOS="142" WIDTH="6" HEIGHT="1983" WC="0.95" CONTENT=" "/>
						</TextLine>
					</TextBlock>
				</ComposedBlock>
				<ComposedBlock ID="cblock_18" HPOS="1658" VPOS="149" WIDTH="8" HEIGHT="1978">
					<TextBlock ID="block_22" HPOS="1658" VPOS="149" WIDTH="8" HEIGHT="1978">
						<TextLine ID="line_70" HPOS="1658" VPOS="149" WIDTH="8" HEIGHT="1978">
							<String ID="string_519" HPOS="1658" VPOS="149" WIDTH="8" HEIGHT="1978" WC="0.95" CONTENT=" "/>
						</TextLine>
					</TextBlock>
				</ComposedBlock>
				<ComposedBlock ID="cblock_19" HPOS="1167" VPOS="203" WIDTH="7" HEIGHT="1921">
					<TextBlock ID="block_23" HPOS="1167" VPOS="203" WIDTH="7" HEIGHT="1921">
						<TextLine ID="line_71" HPOS="1167" VPOS="203" WIDTH="7" HEIGHT="1921">
							<String ID="string_520" HPOS="1167" VPOS="203" WIDTH="7" HEIGHT="1921" WC="0.95" CONTENT=" "/>
						</TextLine>
					</TextBlock>
				</ComposedBlock>
				<ComposedBlock ID="cblock_20" HPOS="1279" VPOS="203" WIDTH="7" HEIGHT="1922">
					<TextBlock ID="block_24" HPOS="1279" VPOS="203" WIDTH="7" HEIGHT="1922">
						<TextLine ID="line_72" HPOS="1279" VPOS="203" WIDTH="7" HEIGHT="1922">
							<String ID="string_521" HPOS="1279" VPOS="203" WIDTH="7" HEIGHT="1922" WC="0.95" CONTENT=" "/>
						</TextLine>
					</TextBlock>
				</ComposedBlock>
				<ComposedBlock ID="cblock_21" HPOS="1327" VPOS="207" WIDTH="6" HEIGHT="1919">
					<TextBlock ID="block_25" HPOS="1327" VPOS="207" WIDTH="6" HEIGHT="1919">
						<TextLine ID="line_73" HPOS="1327" VPOS="207" WIDTH="6" HEIGHT="1919">
							<String ID="string_522" HPOS="1327" VPOS="207" WIDTH="6" HEIGHT="1919" WC="0.95" CONTENT=" "/>
						</TextLine>
					</TextBlock>
				</ComposedBlock>
				<ComposedBlock ID="cblock_22" HPOS="1558" VPOS="208" WIDTH="6" HEIGHT="1917">
					<TextBlock ID="block_26" HPOS="1558" VPOS="208" WIDTH="6" HEIGHT="1917">
						<TextLine ID="line_74" HPOS="1558" VPOS="208" WIDTH="6" HEIGHT="1917">
							<String ID="string_523" HPOS="1558" VPOS="208" WIDTH="6" HEIGHT="1917" WC="0.95" CONTENT=" "/>
						</TextLine>
					</TextBlock>
				</ComposedBlock>
				<ComposedBlock ID="cblock_23" HPOS="5" VPOS="2324" WIDTH="1076" HEIGHT="4">
					<TextBlock ID="block_27" HPOS="5" VPOS="2324" WIDTH="1076" HEIGHT="4">
						<TextLine ID="line_75" HPOS="5" VPOS="2324" WIDTH="1076" HEIGHT="4">
							<String ID="string_524" HPOS="5" VPOS="2324" WIDTH="1076" HEIGHT="4" WC="0.95" CONTENT=" "/>
						</TextLine>
					</TextBlock>
				</ComposedBlock>
				<ComposedBlock ID="cblock_24" HPOS="1789" VPOS="1" WIDTH="8" HEIGHT="2095">
					<TextBlock ID="block_28" HPOS="1789" VPOS="1" WIDTH="8" HEIGHT="2095">
						<TextLine ID="line_76" HPOS="1789" VPOS="1" WIDTH="8" HEIGHT="2095">
							<String ID="string_525" HPOS="1789" VPOS="1" WIDTH="8" HEIGHT="2095" WC="0.95" CONTENT=" "/>
						</TextLine>
					</TextBlock>
				</ComposedBlock>
			</PrintSpace>
		</Page>
	</Layout>
</alto>
