1848 2357
820 158 135 15 SAKREGISTER

101 433 68 27 Dolk,
185 433 26 23 K.
229 433 31 27 G.,
276 435 206 21 skrädderiarbetare
504 436 37 20 vid
564 436 133 26 Jönköpings
721 439 131 23 regementes
873 437 67 20 inten-

146 465 209 24 denturverkstäder;
373 472 21 13 se
411 465 124 24 Pensioner,
553 466 107 26 beviljade
675 466 80 26 (1922).

101 529 110 21 Domare.

131 560 49 21 Ord.
197 560 187 26 förslagsanslaget
399 560 33 21 till
449 561 117 25 ersättning
582 562 21 19 åt
619 561 93 25 domare,
727 562 81 19 vittnen
820 562 39 19 och
871 564 70 23 parter

145 592 104 25 upptages
265 590 49 20 med
331 590 63 20 halva
411 590 99 26 beloppet
526 590 51 21 eller
594 590 41 21 187
647 591 41 20 500
705 591 31 20 kr.

103 655 6 14 1
130 649 49 20 Ord.
198 650 185 26 förslagsanslaget
399 650 33 20 till
449 650 117 26 ersättning
582 651 22 19 åt
620 650 93 25 domare,
726 651 81 20 vittnen
819 651 39 20 och
870 654 70 24 parter

145 680 101 26 uppföres
263 679 49 21 med
329 680 42 20 550
381 680 42 20 000
440 680 31 20 kr.

102 744 9 15 2
130 739 37 20 RD
186 739 114 26 medgiver,
321 741 31 18 att
371 739 68 20 under
458 739 58 21 tiden
532 740 26 20 fr.
575 747 19 13 o.
611 747 28 13 m.
657 740 41 20 den
716 740 10 20 1
743 741 84 26 januari
848 740 57 21 1924
924 743 15 18 t.

143 776 19 13 o.
179 776 28 13 m.
225 769 40 20 den
283 769 27 20 30
326 769 48 26 juni
392 769 56 20 1926
469 770 35 19 må
523 770 47 19 från
589 769 37 21 det
644 769 68 21 under
729 770 33 20 2:a
778 770 40 20 HT
834 771 106 26 uppförda

143 799 43 20 ord.
204 799 186 26 förslagsanslaget
409 799 33 20 till
459 800 117 25 ersättning
592 800 22 20 åt
629 799 94 24 domare,
740 800 82 20 vittnen
839 801 39 20 och
895 808 44 19 par-

142 830 32 19 ter
190 829 51 25 utgå
257 829 33 20 till
306 829 150 20 tillförordnad
475 829 200 20 brottmålsdomare
686 830 8 19 i
704 830 139 20 Norrbottens
859 830 35 20 län
911 838 28 13 er-

143 859 95 25 sättning
256 859 33 20 för
308 859 170 26 rannsakningar
498 859 48 20 med
568 859 92 20 häktade
679 860 7 19 i
703 859 94 26 enlighet
816 860 48 20 med
884 861 56 20 vissa

143 889 92 25 angivna
250 888 99 26 grunder.

98 948 38 20 RD
147 947 115 26 medgiver,
275 950 31 18 att
316 948 47 20 från
375 948 37 20 det
422 949 7 19 i
440 948 115 21 riksstaten
569 951 110 24 upptagna
694 949 44 20 ord.
755 949 185 27 förslagsanslaget

143 977 33 21 till
193 978 118 26 ersättning
329 979 23 19 åt
370 978 93 25 domare,
482 979 84 20 vittnen
586 979 39 20 och
644 981 70 24 parter
732 980 36 19 må
787 979 103 21 bestridas
911 986 27 14 er-

143 1008 119 25 sättningar
277 1008 34 20 till
327 1008 80 20 sådana
423 1008 163 25 skrivbiträden,
604 1008 68 21 vilkas
688 1009 133 20 anställande
836 1010 7 19 i
854 1009 86 21 särskilt

144 1037 151 27 arbetstyngda
314 1037 113 26 domsagor
446 1038 73 20 kunna
538 1038 96 26 påkallas
653 1039 27 25 på
699 1039 69 25 grund
784 1045 26 14 av
826 1039 113 21 meddelad

143 1067 109 20 föreskrift
275 1074 35 13 om
334 1067 149 27 uppläggande
502 1068 32 20 för
553 1068 43 20 viss
615 1068 34 20 del
669 1075 25 13 av
713 1068 61 27 dylik
793 1068 101 27 domsaga
913 1076 26 13 av

143 1097 191 26 fastighetsböcker
350 1098 70 20 såsom
436 1098 33 20 för
485 1097 56 24 stad;
559 1098 39 20 och
615 1098 60 26 höjes
695 1105 83 13 samma
797 1099 73 26 anslag
890 1099 48 20 med

145 1127 40 20 190
196 1127 42 20 000
255 1127 30 20 kr.
304 1127 32 20 till
355 1127 41 20 740
405 1127 42 20 000
464 1127 30 20 kr.

128 1187 41 20 Det
184 1187 7 20 i
207 1187 114 20 riksstaten
337 1187 68 20 under
422 1187 33 20 2:a
471 1187 39 20 HT
526 1187 107 26 uppförda
648 1187 44 21 ord.
705 1188 185 26 förslagsanslaget
906 1189 33 20 till

143 1217 117 26 ersättning
276 1218 21 19 åt
316 1217 94 24 domare,
429 1217 83 20 vittnen
532 1217 39 20 och
590 1219 71 25 parter
679 1218 76 20 sänkes
774 1218 50 20 med
844 1218 42 21 300
896 1218 42 21 000

143 1247 31 19 kr.
190 1247 33 20 till
240 1247 43 20 440
293 1247 42 20 000
352 1247 41 23 kr.;
411 1247 39 20 och
467 1247 115 26 medgives,
598 1248 31 19 att
644 1247 47 20 från
707 1248 144 20 omförmälda
866 1249 73 26 anslag

143 1277 36 19 må
195 1277 51 26 utgå
261 1277 100 25 samtliga
376 1276 122 25 kostnader,
515 1277 50 20 med
580 1277 111 26 undantag
707 1284 26 14 av
749 1278 141 26 ersättningar
905 1285 33 14 en-

143 1306 38 25 ligt
197 1306 111 21 allmänna
323 1306 191 26 resereglementet,
526 1307 7 19 i
544 1307 116 26 anledning
670 1314 26 13 av
707 1307 80 21 sådana
802 1308 136 26 ansöknings-

144 1337 39 19 och
200 1336 163 26 stämningsmål
380 1336 36 20 vid
432 1336 26 20 de
475 1336 109 20 allmänna
601 1337 145 20 domstolarna
756 1338 40 20 och
807 1338 131 20 vattendom-

143 1366 92 20 stolarna
252 1368 56 18 samt
324 1366 275 26 lantrnäteriförrättningar
615 1367 39 20 och
671 1367 126 24 skiftesmål,
817 1368 45 20 vari
880 1368 58 20 talan

143 1396 81 20 utföres
235 1403 26 13 av
272 1396 363 20 kammaradvokatfiskalsämbetet
650 1397 33 20 för
694 1404 70 13 annan
776 1397 92 20 kronans
880 1404 58 20 egen-

143 1426 50 20 dom
209 1427 27 19 än
253 1426 66 20 sådan
336 1433 26 13 av
378 1426 135 20 ecklesiastik
530 1428 62 18 natur
608 1426 51 20 eller
674 1427 40 20 ock
730 1427 32 20 för
775 1427 36 20 det
823 1427 115 25 allmänna,

143 1458 101 18 ävensom
270 1456 58 20 lösen
352 1456 33 20 för
401 1455 26 21 de
443 1455 34 21 till
493 1456 150 20 kronoombud
661 1456 113 21 utfärdade
793 1457 147 26 expeditioner

143 1486 6 19 i
166 1485 44 20 mål
226 1486 40 20 och
283 1485 93 21 ärenden
392 1492 26 13 av
435 1492 29 13 nu
480 1486 91 25 angiven
587 1488 33 18 art
636 1488 38 18 rör.
687 1486 102 26 fastighet
802 1493 26 14 av
841 1487 98 20 ecklesia-

142 1516 43 19 stik
201 1517 72 22 natur;
291 1516 40 19 och
347 1515 109 26 medgives
476 1517 31 18 att
526 1515 68 21 under
613 1516 125 25 budgetåret
759 1515 125 28 1926/1927
904 1518 36 19 må

143 1545 47 20 från
210 1552 83 13 samma
313 1545 74 26 anslag
410 1546 51 25 utgå
484 1545 33 20 till
543 1545 150 21 tillförordnad
717 1546 223 21 brottmålsdomare
917 1541 27 35 i

144 1575 140 20 Norrbottens
304 1575 35 20 län
362 1575 117 25 ersättning
502 1575 33 20 för
558 1575 169 26 rannsakningar
749 1576 49 20 med
822 1576 92 20 häktade
932 1577 8 20 i

143 1605 95 26 enlighet
254 1605 56 24 med,
327 1605 38 20 där
381 1604 104 21 särskilda
504 1605 182 26 omständigheter
702 1606 19 26 ej
738 1606 110 20 föranleda
867 1608 72 23 annat,

143 1634 96 27 följande
263 1634 98 26 grunder,
386 1634 108 26 nämligen
513 1634 46 21 dels
575 1637 31 18 ett
621 1635 63 26 årligt
703 1635 77 21 arvode
796 1643 32 16 av,
845 1636 94 20 förutom

143 1664 164 27 dyrtidstillägg,
333 1664 64 21 3000
418 1664 38 24 kr.,
480 1664 46 20 dels
545 1664 27 20 40
592 1665 31 20 kr.
643 1665 33 20 för
694 1666 59 26 varje
775 1672 26 14 av
820 1666 119 20 brottmåls-

144 1694 101 21 domaren
261 1695 33 19 för
310 1694 66 21 sådan
397 1694 145 26 rannsakning
562 1695 67 20 hållet
648 1696 78 19 urtima
745 1696 46 25 ting
810 1695 51 21 eller
880 1698 60 18 extra

144 1724 159 21 sammanträde
319 1724 69 21 under
403 1724 89 26 lagtima
508 1724 53 26 ting,
577 1724 46 21 dels
640 1725 154 20 resekostnads-
811 1726 40 20 och
863 1726 76 20 trakta-

144 1755 189 25 mentsersättning
349 1754 66 26 enligt
431 1760 52 14 rese-
499 1754 39 20 och
552 1754 199 21 traktamentsklass
768 1756 10 19 I
785 1756 35 19 Bi
831 1755 109 21 allmänna

143 1784 192 26 resereglementet,
352 1784 54 20 dock
423 1784 50 20 med
489 1784 137 26 iakttagande
639 1786 31 19 att
680 1785 261 27 traktamentsersättning

143 1814 19 26 ej
183 1815 35 19 må
238 1814 104 20 beräknas
361 1814 33 20 för
412 1814 64 26 dygn,
496 1814 106 20 varunder
620 1814 128 26 förrättning
766 1817 35 24 ägt
820 1822 55 18 rum,
895 1815 45 20 dels

143 1844 39 20 ock
201 1844 33 20 för
254 1845 57 25 varje
331 1850 26 14 av
378 1843 215 21 brottmålsdomaren
615 1844 103 26 handlagt
739 1845 201 26 rannsakningsmål

144 1874 142 20 traktamente
302 1874 33 20 för
350 1874 36 20 två
402 1873 200 27 expeditionsdagar
617 1874 54 20 efter
687 1874 27 20 20
730 1874 31 20 kr.
776 1875 33 19 för
820 1875 58 26 varje
889 1875 50 25 dag;

143 1904 39 19 och
207 1903 108 26 medgiver
338 1904 44 24 RD,
407 1904 31 19 att
461 1903 115 20 kostnader
595 1904 32 19 för
643 1904 223 26 rättegångsväsendet
881 1905 7 19 i
904 1905 36 19 all-

144 1933 94 24 mänhet,
256 1940 45 13 som
318 1933 74 20 kunna
407 1933 121 20 föranledas
545 1940 26 13 av
587 1933 108 20 föreskrift
710 1934 8 19 i
734 1934 34 25 lag
784 1934 51 20 eller
845 1934 7 20 i
864 1940 26 14 av
903 1934 37 20 RD

144 1965 90 23 antagen
251 1963 132 25 författning,
401 1963 41 22 må,
455 1962 71 20 därest
536 1963 47 20 icke
594 1963 86 20 särskilt
691 1963 73 26 anslag
774 1964 33 20 för
818 1963 123 21 ändamålet

144 1993 68 20 finnes
228 1993 7 19 i
251 1992 113 21 riksstaten
381 1992 88 27 uppfört
485 1992 51 20 eller
552 1993 70 20 medel
638 1993 63 27 eljest
716 1993 66 26 enligt
799 1993 56 21 RD:s
872 1994 69 20 beslut

143 2022 70 21 ställts
229 2022 33 20 till
278 2022 131 26 förfogande,
426 2022 54 20 efter
495 2022 72 20 KM:ts
584 2024 96 19 närmare
696 2023 162 20 bestämmande
869 2024 71 20 bestri-

143 2052 39 20 das
198 2052 47 20 från
262 2052 95 26 anslaget
373 2052 33 20 till
422 2052 118 25 ersättning
555 2053 22 20 åt
593 2052 92 25 domare,
702 2053 82 20 vittnen
804 2053 39 20 och
864 2055 76 25 parter.

1650 156 42 20 355

977 221 94 38 Sleg
1246 246 49 17 Gr
1365 214 101 32 ESR.
1596 215 27 2 =

977 253 89 26 NR
1188 268 1 18 I
1265 248 76 16 tskotts-
1403 259 73 22 dagens
1533 260 118 17 Kamrarnas

977 281 17 12 »
1005 271 21 31 |
1031 277 11 9 >
1054 280 17 11 >
1088 275 95 18 [Motioner
1222 272 124 31 utlåtanden
1428 289 28 17 Ra
1518 289 96 18 förhandli

976 297 12 20 a
1030 296 41 20 le
1222 306 35 17 ller
1269 306 99 18 memorial
1418 294 46 12 RR
1527 292 137 20 Srbsndlingar

977 317 17 21 >
1031 309 41 32 [0E
1410 319 62 17 velser

972 343 16 24 2
1031 340 39 23 38
1088 354 96 2 ——
1217 339 27 42 ill
1269 355 115 2 Ej
1396 356 86 1 en
1482 339 36 42 nr
1540 357 32 1 Se

1031 365 35 15 La
1203 366 12 24 2)
1245 372 17 14 >
1337 374 2 15 I
1359 374 17 19 2
1460 375 17 18 21
1507 373 66 18 Första
1578 369 24 31 |
1608 374 65 17 Andra

978 386 11 9 7
1031 382 32 40 23
1127 383 52 46 ES
1203 392 17 31 2
1245 389 17 31 å
1299 384 16 27 Z
1359 395 16 24 er
1412 385 17 26 2
1460 395 17 25 &
1478 391 14 33 |)
1503 397 69 18 kamm.
1577 391 22 33 |
1604 398 71 17 kamm.

1135 438 2 10 I

955 558 92 36 192211:
1058 564 12 19 2
1209 564 11 19 6)
1251 564 75 20 112A]|
1360 569 24 15 24012
1403 565 74 20 Aid]
1524 566 53 20 7:28)
1626 566 37 20 7:9

1026 598 45 22 p-37

955 647 65 38 1923]
1028 652 19 20 1:
1057 653 8 19 2
1135 676 1 5 |
1209 652 52 21 61:11
1314 654 12 19 2521
1360 654 117 20 -18)S-ATTE
1523 655 39 21 Sick
1625 655 39 21 9:
1647 650 15 38 8

1025 687 46 23 p-36
1134 683 2 30 I

1134 717 2 14 I

979 744 8 10 >»
1029 736 40 20 1112
1134 736 2 22 |
1208 737 12 20 61
1250 737 11 20 11
1299 737 27 20 62
1401 737 41 21 125
1508 738 33 21 28:
1554 743 23 16 18
1580 734 19 35 |
1610 738 33 20 27:
1654 744 24 15 34

954 944 114 23 192411:
1049 940 19 37 2
1208 945 11 20 61)
1250 945 11 20 1]
1314 946 12 19 -21)
1359 946 83 20 15)2-Al
1470 951 7 15 7I
1508 946 52 21 11:15
1603 946 84 22 110:11d

1024 980 46 22 p.19

955 1189 55 22 1926]
1027 1189 41 21 1:
1050 1184 19 37 2
1207 1191 12 20 6|
1249 1190 11 20 1|
1313 1190 12 20 21
1359 1196 23 15 138|2
1401 1191 40 20 Al
1466 1197 9 15 el
1508 1191 67 21 34:61]
1609 1192 54 20 34:4

1024 1224 46 23 p.23
