1837 2354
810 144 135 33 SAKREGISTER
1656 148 26 21 15

1402 223 53 17 Riks-

1392 248 73 30 dagens
1522 253 118 17 Kamrarnas

1397 278 56 30 skri-
1507 282 146 22 förhandlingar

1399 312 62 17 velser

1235 240 94 17 Utskotts-

1068 265 104 31 Motioner
1223 270 112 17 utlåtanden

1207 300 47 17 eller
1267 300 99 18 memorial

1495 366 68 17 Första
1566 362 24 31 |
1596 367 66 17 Andra

1492 390 70 17 kamm.
1561 386 28 31 |
1594 391 70 17 kamm.

961 245 23 145 1883epsAIY

1019 292 18 104 J9S[9ALLYS
1019 233 18 47 IO[N9

1039 362 17 54 "do1d
1039 291 22 64 sy:fen
1038 215 22 71 [dun

1080 377 34 17 FK
1133 377 35 17 JAK

1192 359 18 52 Twueg

1235 365 17 43 PAV

1288 377 17 27 IN

1348 368 18 44 epIg

1402 377 17 27 IN

1449 368 17 44 BpIg

92 431 150 21 Alkoholister.

136 463 32 19 ter
183 461 105 27 utgående
304 461 157 26 statsbidraget,
477 461 46 20 dels
539 463 32 18 att
581 461 41 20 den
633 461 131 25 behållning,
776 467 46 14 som
833 461 36 20 må
879 461 52 20 åter-
946 461 56 20 1924

137 492 32 20 stå
184 493 13 19 å
212 491 36 21 det
263 492 28 26 på
308 491 56 20 1922
381 492 33 20 års
430 491 87 20 riksstat
532 491 107 27 uppförda
654 490 192 26 förslagsanslaget,
862 490 68 26 högst,

138 521 41 20 100
189 521 42 21 000
243 521 30 20 kr.
285 521 34 20 till
330 521 117 20 understöd
457 522 22 19 åt
490 520 259 27 nykterhetsnämnderna
758 527 29 13 m.
797 527 36 18 m.,
843 522 31 18 att
881 521 51 25 utgå

137 558 26 13 av
179 551 137 21 statsverkets
331 551 53 20 fond
400 557 26 14 av
438 550 193 27 rusdrycksmedel,
643 550 37 21 vid
690 551 107 25 utgången
808 557 26 13 av
846 550 85 25 budget-

136 581 46 20 året
198 579 133 29 1923/1924,
347 580 82 27 jämväl
445 580 54 21 efter
514 579 134 21 sistnämnda
663 579 103 27 tidpunkt
776 580 36 19 må
822 579 109 21 användas

137 610 33 20 för
185 617 83 14 samma
284 610 106 24 ändamål,
406 610 45 20 dels
467 610 40 20 ock
522 612 32 18 att
568 609 55 28 jord,
640 616 46 14 som
703 610 43 20 står
761 609 68 20 under
839 609 93 20 kronans

136 640 135 20 omedelbara
287 640 127 26 disposition
430 640 51 20 eller
496 646 47 14 som
558 639 74 21 tillhör
644 640 69 24 någon
724 646 26 13 av
761 639 26 20 de
798 639 68 20 under
877 639 54 20 bruk

136 670 40 20 och
196 670 100 26 bergverk
314 670 34 20 för
366 669 74 26 nödigt
458 669 115 26 skogsfång
588 669 105 27 upplåtna
708 669 158 26 allmänningar
881 668 51 20 eller

136 700 69 26 någon
221 706 26 14 av
261 699 26 21 de
297 706 77 20 genom
385 699 196 27 domänstyrelsens
591 699 81 25 försorg
683 698 163 21 utarrenderade
857 698 74 21 krono-

136 730 133 25 egendomar,
289 729 59 21 vilka
367 729 47 20 icke
432 729 105 27 upplåtits
553 729 34 20 till
602 728 101 21 förenade
719 728 212 27 mötespassevolans-

135 760 112 20 kassornas
262 759 60 25 fond,
336 760 127 19 stuterierna
474 759 51 20 eller
536 758 109 21 Vadstena
655 758 222 26 krigsmanshusfond,
889 759 41 24 må,

136 789 53 20 efter
204 796 26 14 av
246 789 62 20 KM:t
323 789 6 20 i
346 790 59 25 varje
421 788 86 21 särskilt
522 788 40 20 fall
577 788 117 21 verkställd
705 788 111 26 prövning,
828 790 52 18 utan
891 789 41 19 sär-

135 819 57 20 skild
215 819 118 26 ersättning
356 819 33 20 till
413 819 81 20 kronan
518 819 27 26 på
564 818 26 20 de
605 818 78 21 villkor
698 818 7 20 i
722 818 73 25 övrigt,
813 818 61 20 KM:t
889 818 42 19 kan

135 849 59 20 finna
212 849 78 25 skäligt
309 849 126 24 bestämma,
454 848 100 26 upplåtas
569 848 34 20 till
619 848 115 26 landsting,
751 848 112 24 kommun,
879 848 52 19 före-

134 879 58 26 ning,
209 878 90 21 stiftelse
315 878 52 21 eller
382 885 71 14 annan
469 878 33 20 för
517 877 138 21 anordnande
670 884 26 14 av
712 877 80 21 allmän
809 877 122 20 alkoholist-

135 909 85 20 anstalt.

94 991 7 15 1
121 986 42 20 Till
187 985 167 21 driftkostnader
375 985 33 20 för
431 987 80 18 statens
534 984 133 21 vårdanstalt
689 985 34 19 för
741 984 138 20 alkoholister
894 984 35 20 vid
946 983 56 22 1925]
1019 983 41 20 1:5
1199 984 11 20 6)
1240 984 11 20 11
1304 984 12 20 51
1349 990 23 15 8115
1392 985 74 20 Ali7|
1497 985 69 20 25:50
1569 980 14 35 |
1598 984 69 21 28:65

136 1016 95 26 Svartsjö
250 1016 85 19 anvisas
353 1015 34 20 för
405 1015 125 25 budgetåret
549 1013 125 28 1925/1926
699 1016 30 18 ett
752 1015 59 19 extra
833 1013 98 26 förslags-
1016 1018 46 22 p.22

136 1045 74 26 anslag
226 1052 26 13 av
269 1045 12 20 3
291 1045 42 20 000
350 1045 31 20 kr.

93 1128 9 15 2
120 1123 42 19 Till
178 1121 168 21 driftkostnader
361 1122 34 20 för
410 1123 80 19 statens
500 1121 132 21 vårdanstalt
642 1121 33 20 för
686 1120 138 21 alkoholister
834 1121 7 19 i
852 1120 79 20 Lands-|
969 1129 8 10 »
1018 1119 41 21 |1:5
1197 1121 13 20 6)
1240 1120 11 20 11
1304 1121 12 20 51
1349 1122 55 20 8115
1413 1123 53 19 Ali7]
1497 1121 70 21 25:50
1567 1116 9 35 1
1598 1121 69 20 28:65

135 1152 67 20 krona
217 1152 84 20 anvisas
318 1152 32 19 för
366 1151 125 26 budgetåret
508 1149 126 29 1925/1926
650 1152 31 19 ett
696 1152 60 18 extra
766 1150 165 26 förslagsanslag
1015 1154 47 22 p.23

136 1189 26 13 av
177 1182 13 20 2
200 1181 43 21 000
259 1181 32 20 kr.

92 1265 10 15 3
120 1260 41 19 För
184 1259 125 26 budgetåret
333 1257 126 28 1925/1926
476 1258 85 20 anvisas
576 1257 34 21 till
626 1257 124 26 avlöningar
765 1257 39 20 och
819 1257 110 20 vikariats-|
968 1266 8 10 »
1018 1256 40 20 |1:5
1197 1257 12 20 61
1240 1256 10 21 1
1303 1258 12 20 51
1348 1263 25 15 8215
1392 1259 74 20 Ali7|
1497 1258 69 20 25:50
1567 1252 20 32 |
1598 1257 34 21 28:
1642 1263 25 15 65

135 1289 140 26 ersättningar
290 1289 23 20 åt
328 1288 209 25 befattningshavare
552 1287 37 21 vid
605 1289 79 19 statens
696 1287 131 20 vårdanstalt
837 1287 13 19 å
860 1286 69 21 Venn-
1015 1296 16 17 p.
1038 1291 23 18 24

135 1325 51 20 garn
209 1319 33 20 för
265 1318 139 20 alkoholister
426 1320 31 18 ett
472 1320 61 18 extra
548 1317 74 26 anslag
637 1324 26 13 av
680 1316 79 21 41945
776 1317 30 19 kr.
824 1318 56 19 samt
895 1316 34 20 till

135 1349 74 25 bidrag
224 1348 34 20 till
274 1347 196 21 driftkostnaderna
485 1348 7 19 i
508 1347 69 26 övrigt
592 1347 36 21 vid
644 1353 83 14 samma
741 1346 78 21 anstalt
830 1348 30 18 ett
871 1347 59 19 extra

134 1378 165 26 förslagsanslag
314 1385 26 13 av
357 1378 27 20 39
395 1377 42 20 000
453 1377 31 20 kr.

92 1455 9 15 4
119 1450 41 19 För
176 1449 124 26 budgetåret
318 1448 126 28 1925/1926
461 1448 84 20 anvisas
563 1449 69 19 såsom
649 1447 74 26 bidrag
738 1447 34 21 till
785 1447 94 20 erkända
889 1447 39 20 och
929 1443 15 37 |
968 1456 8 10 »
1017 1448 41 19 |1:5
1197 1448 11 19 61
1239 1446 11 21 1
1302 1448 12 19 51
1347 1453 25 15 38215
1392 1450 74 19 Alis]
1497 1448 68 20 25:50
1566 1443 16 32 |
1598 1448 33 20 28:
1642 1453 24 16 65

134 1479 98 21 enskilda
251 1478 229 21 alkoholistanstalters
500 1477 168 21 driftkostnader
683 1479 31 18 ett
729 1479 60 18 extra
804 1477 125 25 förslagsan-
1015 1482 45 22 p.25

134 1509 45 26 slag
201 1515 26 14 av
251 1508 79 21 90000
354 1508 39 24 kr.,
417 1508 34 20 till
474 1507 136 21 bestridande
629 1513 27 14 av
671 1508 80 19 statens
767 1507 115 20 kostnader
897 1507 33 20 för

133 1539 76 25 farliga
224 1538 145 25 alkoholister,
386 1537 167 26 handräckning,
569 1536 193 26 läkarutlåtanden,
776 1537 152 20 vittnesersätt-

134 1569 75 25 ningar
232 1575 28 13 m.
278 1575 29 13 m.
331 1569 30 19 ett
384 1569 60 19 extra
467 1566 164 27 förslagsanslag
654 1573 26 14 av
696 1567 12 19 5
719 1566 41 20 000
777 1566 31 20 kr.
825 1568 56 18 samt
896 1566 33 20 till
1326 1577 1 6 I

134 1598 131 25 sakkunnigt
280 1597 82 21 biträde
378 1597 39 20 hos
428 1596 170 27 socialstyrelsen
608 1597 33 19 för
652 1596 92 20 ärenden
754 1598 40 18 rör.
806 1595 123 21 alkoholist-
1326 1604 1 3 I

134 1628 80 20 vården
238 1629 30 19 ett
291 1629 61 18 extra
372 1627 74 25 anslag
469 1634 26 13 av
519 1626 64 20 3600
607 1626 39 24 kr.;
665 1626 40 20 och
722 1625 108 27 medgiver
845 1626 37 20 RD
899 1627 31 18 att

134 1664 26 14 av
184 1657 150 21 ovannämnda
358 1657 74 25 anslag
449 1656 34 21 till
499 1656 94 20 erkända
609 1656 39 20 och
664 1655 99 21 enskilda
778 1655 152 21 alkoholistan-

134 1687 84 21 stalters
234 1686 168 22 driftkostnader
417 1687 36 20 må
468 1686 74 21 kunna
557 1686 34 20 till
603 1685 94 21 erkända
707 1685 223 21 alkoholistanstalten

134 1718 104 19 Hemmet
254 1717 141 25 Gunnarskog
410 1716 34 20 för
459 1716 125 26 budgetåret
601 1714 125 29 1925/1926
743 1716 51 25 utgå
810 1715 74 26 bidrag
897 1714 33 21 till

135 1746 197 22 driftkostnaderna
347 1746 49 21 med
413 1747 19 26 ej
449 1746 84 20 mindre
549 1747 30 19 ett
595 1745 78 26 belopp
689 1752 26 13 av
730 1752 27 13 en
770 1745 68 20 krona
847 1745 33 20 för
890 1745 42 25 dag

134 1777 40 20 och
198 1777 116 26 vårdplats,
338 1778 27 19 än
389 1778 54 19 även
465 1777 30 19 ett
517 1775 78 26 belopp
611 1775 33 20 för
659 1775 100 26 vårddag,
776 1781 46 14 som
838 1774 50 21 med
904 1781 26 14 en

134 1807 67 20 krona
217 1807 133 25 understiger
365 1806 37 20 det
414 1806 34 20 till
459 1806 71 25 övriga
541 1804 94 21 erkända
645 1804 218 21 alkoholistanstalter
873 1805 58 26 utgå-

134 1836 54 21 ende
204 1836 158 26 statsbidraget,
378 1837 56 19 samt
450 1837 31 19 att
496 1835 55 27 jord,
567 1841 46 14 som
630 1835 44 20 står
689 1834 68 21 under
772 1834 93 20 kronans
876 1841 55 13 ome-

134 1866 87 21 delbara
244 1866 129 26 disposition
394 1865 52 21 eller
468 1872 46 13 som
534 1865 74 20 tillhör
623 1865 70 25 någon
709 1871 26 14 av
751 1864 26 20 de
793 1864 68 20 under
877 1864 55 20 bruk

134 1896 40 20 och
193 1896 103 25 bergverk
315 1896 33 20 för
366 1895 74 26 nödigt
459 1895 114 26 skogsfång
588 1894 106 27 upplåtna
709 1894 157 25 allmänningar
881 1894 51 20 eller

135 1927 69 25 någon
220 1932 27 14 av
259 1926 26 20 de
296 1932 77 19 genom
385 1924 196 27 domänstyrelsens
591 1924 81 26 försorg
682 1923 165 21 utarrenderade
858 1923 73 20 krono-

134 1955 135 26 egendomar,
289 1955 59 20 vilka
366 1955 47 20 icke
432 1954 105 27 upplåtits
552 1953 34 21 till
601 1953 101 21 förenade
718 1953 213 27 mötespassevolans-

135 1985 112 20 kassornas
262 1984 60 25 fond,
336 1985 127 19 stuterierna
474 1984 51 20 eller
536 1983 109 20 Vadstena
656 1982 221 27 krigsmanshusfond,
889 1983 42 24 må,

135 2015 53 20 efter
203 2021 27 14 av
246 2014 61 20 KM:t
323 2014 7 20 i
346 2014 59 26 varje
421 2013 87 21 särskilt
522 2013 40 20 fall
577 2013 118 20 verkställd
705 2013 112 26 prövning,
828 2014 52 19 utan
891 2014 40 19 sär-

135 2044 57 20 skild
216 2044 118 26 ersättning
356 2043 33 21 till
412 2044 83 20 kronan
518 2043 28 26 på
564 2042 26 21 de
606 2042 78 21 villkor
699 2043 8 19 i
722 2043 74 25 övrigt,
813 2042 62 20 KM:t
889 2042 43 20 kan
