1825 2353
1624 76 28 21 83

70 257 258 27 Avlöningsreglementen,
346 257 116 21 allmänna.

70 293 6 20 i
87 293 61 26 fråga
160 299 35 14 om
207 293 216 26 befattningshavare
435 293 6 20 i
453 293 144 26 domsagorna
608 293 99 20 meddela
719 292 137 26 erforderliga
868 292 94 20 bestäm-

69 323 78 20 melser
154 328 49 21 ang.
212 323 136 26 övergången
357 323 32 20 till
398 323 63 20 civila
470 323 263 26 avlöningsreglementet,
742 322 85 20 besluta
836 328 35 14 om
879 322 84 20 undan-

70 354 38 25 tag
120 353 138 20 beträffande
271 353 146 26 landsfogdar,
431 352 152 21 landsfiskaler
595 353 40 19 och
647 353 62 19 deras
721 352 127 20 assistenter
859 354 103 18 ävensom

69 382 58 20 vissa
136 383 99 20 biträden
246 383 6 19 i
263 382 255 21 landsfiskalsdistrikten
529 382 48 20 från
588 382 26 20 de
624 382 6 20 i
638 382 62 20 civila
708 381 256 27 avlöningsreglementet

69 412 129 20 meddelade
208 412 192 20 bestämmelserna
411 418 48 20 ang.
470 412 157 26 tjänstedräkt,
639 412 83 20 besluta
733 418 35 13 om
778 412 126 26 flyttnings-
914 411 50 20 eller

70 442 169 26 reseersättning
254 442 33 20 till
304 442 223 26 beställningshavare
543 442 37 20 vid
596 442 208 22 försvarsväsendet,
821 441 72 20 vilken
909 441 55 20 efter

70 477 52 20 egen
132 472 122 26 ansökning
263 472 112 26 förflyttas
384 472 6 19 i
400 472 107 19 samband
517 472 48 19 med
576 471 175 27 nyuppsättning
759 471 51 20 eller
819 471 145 26 omorganisa-

71 501 46 20 tion
127 507 28 14 av
166 501 92 20 förband
269 502 51 19 eller
329 501 124 23 formation,
464 501 101 26 medgiva
576 501 97 26 förening
683 507 28 14 av
721 501 49 20 civil
781 501 123 26 befattning
914 500 49 20 med

71 531 261 26 reserystatsbeställning
348 532 39 19 och
404 531 85 20 besluta
505 537 35 14 om
557 531 104 26 reglering
676 537 28 14 av
719 530 130 26 avlöningen
866 530 33 20 för
914 530 49 20 civil

71 561 131 25 befattning,
217 567 46 13 som
279 561 117 19 innehaves
411 561 114 25 samtidigt
539 561 50 19 med
604 560 267 25 reservstatsbeställning;
880 560 39 19 och
928 560 35 19 be-

70 590 116 26 myndigar
203 590 41 20 RD
262 590 64 20 KM:t
342 591 34 19 att
393 590 100 26 medgiva
510 590 122 25 ersättning
648 590 33 19 för
697 589 212 27 flyttningskostnad
926 589 37 20 vid

70 619 179 26 kommendering
260 620 33 19 till
304 619 83 26 jämväl
399 625 73 14 annan
484 621 28 18 än
524 619 6 20 i
542 620 24 19 31
580 620 9 24 $
601 619 95 20 militära
708 619 255 26 avlöningsreglementet

69 649 83 20 avsedd
162 649 195 26 utbildningskurs;
368 649 39 20 och
417 649 95 20 besluter
522 649 49 23 RD,
581 650 35 19 att
625 649 62 19 civila
697 648 266 27 avlöningsreglementets

70 679 164 20 bestämmelser
250 685 35 13 om
303 679 218 26 löneklassplacering
538 678 36 20 vid
592 679 115 19 befordran
724 678 60 20 skola
801 678 110 26 tillämpas
928 678 36 19 be-

70 708 111 20 träffande
199 708 101 26 samtliga
319 709 26 19 de
364 708 224 26 befattningshavare,
608 714 46 14 som
673 708 64 20 blivit
754 708 51 20 eller
822 708 88 19 komma
929 709 35 18 att

70 738 58 20 bliva
140 738 132 20 innehavare
283 744 28 14 av
322 738 129 26 nyinrättad
462 738 50 20 eller
523 738 32 20 till
567 738 63 26 högre
641 738 103 26 lönegrad
755 737 128 27 uppflyttad
893 737 70 26 tjänst

70 768 5 19 i
99 768 118 26 anledning
240 774 29 14 av
293 768 354 26 tjänsteförteckningsrevisionen
671 767 50 20 eller
745 767 41 20 den
807 773 28 14 av
855 767 108 26 personal-

69 797 170 20 kommissionen
259 798 37 19 vid
315 799 84 18 statens
418 797 118 26 järnvägar
555 797 133 20 verkställda
708 797 195 26 undersökningen;
923 797 40 19 och

70 827 143 26 bemyndigar
231 827 41 20 RD
291 827 64 20 KM:t
371 829 35 18 att
423 827 99 20 meddela
539 827 163 20 bestämmelser
719 827 6 19 i
741 827 96 26 enlighet
852 826 50 20 med
920 826 42 20 vad

69 857 111 20 utskottet
190 857 74 20 anfört
274 857 117 26 (avseende
402 856 107 26 utvidgad
519 858 149 18 semesterrätt
678 856 33 20 för
720 856 57 20 vissa
788 856 175 26 sjuksköterskor

69 888 58 18 samt
141 886 204 26 tillgodoräknande
360 886 33 20 för
407 886 152 26 uppflyttning
573 886 6 20 i
593 886 101 26 lönegrad
709 892 27 14 av
751 885 165 27 tjänstledighet
930 885 33 20 för

70 916 156 26 havandeskap
239 916 40 20 och
293 916 136 24 barnsbörd).

98 969 42 20 RD
155 970 144 26 bemyndigar
312 969 63 20 KM:t
388 971 35 18 att
436 969 6 20 i
456 969 95 26 enlighet
564 969 50 20 med
627 969 43 20 vad
684 969 168 20 statsutskottet
865 968 98 20 förordat

69 999 100 20 meddela
182 999 134 20 föreskrifter
329 1005 34 14 om
377 999 132 26 provisorisk
522 998 90 27 höjning
624 999 25 20 fr.
660 1005 19 13 o.
689 1005 28 14 m.
732 999 41 19 den
787 999 8 19 1
809 998 45 26 jan.
870 998 52 20 1944
934 1004 29 14 av

70 1028 41 20 den
134 1029 67 26 enligt
223 1029 63 20 civila
308 1029 258 25 avlöningsreglementet
587 1028 108 26 utgående
717 1028 245 25 övertidsersättningen

69 1060 58 18 samt
141 1058 100 26 medgiva
255 1058 170 20 överskridande
440 1058 68 20 under
521 1058 131 26 budgetåret
667 1058 89 26 1943/44
769 1064 28 14 av
810 1063 77 20 genom
902 1057 61 20 RD:s

70 1088 71 20 beslut
152 1088 147 20 maximerade
311 1088 167 26 anslagsposter,
491 1088 47 19 från
550 1088 58 20 vilka
621 1087 219 27 övertidsersättning
851 1087 111 20 bestrides.

100 1136 16 20 1.
135 1136 40 19 RD
191 1136 127 26 godkänner
332 1135 80 26 förslag
426 1135 33 20 till
473 1135 140 26 kungörelser
627 1141 35 14 om
677 1135 83 20 ändrad
776 1135 80 26 lydelse
871 1140 28 15 av
913 1134 27 20 24
954 1129 10 25 $

69 1166 63 19 civila
144 1165 264 27 avlöningsreglementet,
420 1165 23 19 31
457 1166 9 24 $
477 1165 94 20 militära
582 1165 257 26 avlöningsreglementet
849 1166 58 18 samt
917 1164 27 20 26
954 1165 10 24 $

68 1195 13 20 4
95 1201 66 14 mom.
176 1195 387 26 manskapsavlöningsreglementet;
572 1195 41 19 och
621 1194 144 26 bemyndigar
774 1194 41 20 RD
830 1194 66 20 KM:t
909 1195 34 19 att
957 1194 6 19 i

70 1225 146 26 huvudsaklig
228 1224 95 27 enlighet
335 1225 50 19 med
398 1225 43 19 vad
455 1224 111 20 utskottet
578 1224 98 20 förordat
689 1224 99 20 meddela
801 1224 163 20 bestämmelser

69 1261 35 14 om
120 1256 46 19 rätt
180 1254 33 21 till
229 1254 240 26 flyttningsersättning
484 1254 34 20 för
533 1254 217 26 befattningshavare
765 1254 7 19 i
786 1255 84 18 statens
885 1253 77 26 tjänst.

97 1285 19 19 2.
133 1284 42 20 RD
189 1284 127 26 godkänner
329 1284 80 26 förslag
422 1284 32 19 till
468 1284 139 26 kungörelser
620 1290 35 13 om
668 1284 93 26 ändring
774 1284 6 19 i
793 1283 57 20 vissa
864 1283 59 20 delar
935 1289 28 14 av

69 1314 64 20 civila
148 1314 258 26 avlöningsreglementet
421 1314 42 19 den
478 1314 13 19 4
505 1314 45 25 jan.
568 1313 53 21 1939
636 1314 35 26 (nr
685 1313 29 26 8),
730 1313 95 20 militära
841 1313 122 26 avlönings-

69 1344 142 26 reglementet
219 1344 42 20 den
271 1344 24 20 15
303 1343 47 26 juni
361 1343 52 20 1939
422 1344 34 25 (nr
464 1343 49 26 275)
522 1345 58 18 samt
587 1342 376 27 manskapsavlöningsreglementet

69 1374 41 19 den
125 1374 24 19 21
165 1373 48 26 juni
228 1373 53 20 1940
295 1373 35 26 (nr
343 1373 57 26 652);
415 1373 40 20 och
470 1373 143 26 bemyndigar
627 1373 42 19 RD
684 1373 64 19 KM:t
761 1374 35 18 att
809 1372 154 26 övergångsvis

69 1404 101 25 medgiva
186 1403 113 26 undantag
315 1403 47 19 från
377 1402 100 26 gällande
492 1409 28 13 av
536 1403 63 19 KM:t
607 1403 39 19 och
655 1402 41 20 RD
712 1402 124 20 fastställda
851 1403 112 18 semester-

70 1433 169 23 bestämmelser,
257 1432 100 20 meddela
374 1432 135 20 föreskrifter
525 1437 49 21 ang.
592 1432 104 26 reglering
713 1438 28 14 av
758 1431 103 26 avlöning
877 1432 34 19 för
927 1431 36 20 be-

69 1462 104 26 ställning
188 1463 27 25 på
231 1463 125 22 reservstat,
372 1468 46 13 som
433 1461 179 20 sammanträffar
626 1462 50 19 med
691 1461 173 26 tjänstepension
879 1461 34 20 för
927 1461 36 19 be-

69 1492 103 25 ställning
188 1492 27 26 på
231 1491 62 20 aktiv
308 1493 46 18 stat
369 1491 50 20 eller
434 1491 49 20 med
499 1491 162 26 reservpension
677 1491 50 20 eller
742 1491 99 20 däremot
856 1490 106 20 svarande

69 1521 183 26 engångsbelopp,
266 1521 84 20 besluta
363 1527 35 14 om
411 1521 138 26 utbetalning
560 1526 28 15 av
600 1520 122 27 flygtillägg
733 1520 6 20 i
751 1520 57 20 vissa
821 1520 44 23 fall,
878 1520 84 20 besluta

69 1556 48 21 ang.
134 1551 144 20 lönetursrätt
293 1551 5 19 i
314 1551 56 19 vissa
386 1550 37 20 fall
438 1551 34 19 för
486 1550 184 24 häradsskrivare,
686 1550 84 20 besluta
786 1550 6 20 i
806 1550 61 26 fråga
882 1556 35 13 om
931 1555 32 14 er-

69 1581 99 26 sättning
179 1581 24 19 åt
215 1581 44 19 ord.
272 1580 69 20 lärare
352 1580 37 20 vid
402 1580 54 20 folk-
468 1580 40 20 och
520 1580 214 20 småskoleväsendet
745 1580 37 20 vid
793 1580 44 19 viss
848 1579 115 20 vikariats-

69 1610 147 26 tjänstgöring
231 1610 69 20 under
314 1610 93 23 ferietid,
423 1610 99 20 meddela
538 1610 134 20 föreskrifter
686 1610 6 20 i
707 1610 60 25 fråga
783 1615 35 14 om
833 1609 103 26 avlöning
950 1609 12 20 å

69 1640 50 20 civil
136 1640 125 26 befattning
278 1640 69 20 under
363 1640 167 25 tjänstledighet
547 1640 33 19 för
596 1639 81 20 militär
694 1639 146 26 tjänstgöring
856 1640 58 19 samt
930 1639 33 19 för

69 1670 131 26 budgetåret
214 1669 89 26 1944/45
315 1669 99 20 meddela
427 1669 105 20 särskilda
545 1669 249 26 avlöningsföreskrifter
805 1668 37 21 vid
854 1668 108 20 eventuell

69 1700 109 25 övergång
192 1699 32 20 till
238 1699 229 20 krisadministration.

97 1730 20 19 3.
134 1729 55 26 Ang.
206 1729 102 26 åtgärder
319 1729 32 20 till
364 1729 165 25 undanröjande
541 1734 28 15 av
580 1728 58 21 vissa
650 1728 136 26 ojämnheter
797 1728 37 20 vid
846 1728 116 20 löneklass-

69 1759 116 26 placering;
200 1765 21 13 se
235 1758 71 21 Enkla
318 1758 70 26 frågor
400 1758 52 26 (13).

99 1806 41 20 RD
157 1806 128 26 godkänner
301 1806 80 25 förslag
397 1806 32 20 till
446 1806 140 26 kungörelser
602 1812 35 13 om
654 1805 91 26 ändring
761 1805 7 20 i
784 1805 57 20 vissa
859 1805 59 20 delar
934 1811 27 14 av

70 1836 63 20 civila
149 1836 257 26 avlöningsreglementet
421 1836 42 19 den
478 1836 13 19 4
505 1835 45 26 jan.
568 1835 53 20 1939
636 1836 35 25 (nr
685 1835 29 26 8),
730 1835 94 20 militära
839 1835 123 26 avlönings-

69 1865 143 26 reglementet
228 1866 41 19 den
288 1865 24 20 15
328 1865 47 26 juni
393 1865 53 20 1939
463 1865 35 26 (nr
513 1865 57 25 275),
587 1864 375 27 manskapsavlöningsreglementet

70 1895 41 20 den
125 1895 24 20 21
165 1895 48 25 juni
230 1895 52 20 1940
296 1895 35 25 (nr
345 1895 49 25 652)
408 1896 58 18 samt
480 1901 35 13 om
530 1895 83 20 ändrad
628 1894 80 26 lydelse
723 1900 28 14 av
766 1894 26 20 14
805 1895 10 24 $
829 1894 133 20 folkskolans

69 1924 246 26 avlöningsreglemente
323 1924 41 20 den
377 1924 27 20 30
415 1924 47 25 juni
472 1924 53 20 1942
537 1924 35 25 (nr
579 1924 56 26 619);
644 1924 39 20 och
693 1923 143 27 bemyndigar
847 1923 41 20 RD
899 1923 64 20 KM:t

69 1955 35 19 att
120 1954 100 20 meddela
237 1954 135 20 föreskrifter
387 1954 7 19 i
411 1954 60 25 fråga
488 1960 35 13 om
540 1953 103 26 avlöning
659 1954 12 19 å
688 1953 50 20 civil
754 1953 125 26 befattning
895 1953 68 20 under

70 1983 166 26 tjänstledighet
252 1983 33 20 för
300 1983 81 20 militär
396 1983 153 26 tjänstgöring,
566 1983 98 20 meddela
680 1983 134 20 föreskrifter
829 1982 7 20 i
851 1982 60 26 fråga
927 1988 35 14 om

69 2013 104 26 avlöning
191 2013 68 20 under
276 2013 146 26 tjänstgöring
440 2013 36 19 vid
494 2013 177 22 verkshemvärn,
689 2012 100 20 meddela
806 2012 134 20 föreskrifter
956 2012 6 19 i

70 2043 59 25 fråga
146 2049 35 13 om
197 2042 218 27 löneklassplacering
430 2048 27 14 av
473 2042 57 20 vissa
546 2042 194 26 personalgrupper
755 2042 36 20 vid
807 2043 83 19 statens
904 2041 59 26 järn-

70 2074 73 24 vägar,
155 2072 100 20 meddela
267 2072 134 20 föreskrifter
412 2072 5 20 i
429 2072 59 26 fråga
501 2078 34 14 om
547 2072 218 26 löneklassplacering
776 2072 32 19 för
820 2071 143 26 befattnings-

70 2102 87 23 havare,
173 2108 46 13 som
234 2102 99 20 innehaft
347 2102 319 26 kollektivavtalsanställning,
681 2102 33 19 för
728 2101 129 26 budgetåret
874 2101 88 26 1945/46

981 187 25 20 År

1029 191 54 20 Prop.

1115 167 91 16 Motioner

1264 167 80 16 Utskott

1387 179 57 16 Skriv.

1505 166 94 17 Protokoll

1110 220 33 16 FK

1173 221 35 15 AK

1230 220 85 16 SmllAvd|
1338 220 27 16 Nr

1406 207 21 12 nr

1483 221 33 15 FK

1582 221 35 16 AK

983 967 27 20 43

986 997 21 20 H

1038 967 41 20 360

1037 1803 40 20 218

1037 1833 41 20 316

1109 967 41 20 332

1109 996 41 20 333

1110 1133 40 20 274

1108 1803 41 20 224

1108 1832 41 21 330

1174 966 41 20 462

1173 996 41 20 466

1174 1026 40 20 487

1174 1055 40 20 488

1174 1133 41 20 443

1174 1163 40 19 449

1173 1281 40 20 467

1173 1803 40 20 224

1173 1833 38 20 391

1173 1863 40 20 513

1173 1892 40 20 514

1173 1921 40 21 539

1173 1951 41 20 540

1249 966 13 20 6
1266 966 44 20 |—
1308 962 10 35 |
1334 967 40 19 264

1249 1281 12 20 6
1266 1281 43 20 |—]|
1336 1281 38 20 143

1248 1803 61 20 6/|—]
1333 1803 40 20 227

1398 967 40 20 513

1399 1133 40 20 340

1398 1281 37 20 341

1397 1803 40 20 494

1463 967 33 20 33:
1508 967 38 20 21d

1465 1133 31 20 19:
1507 1135 25 18 92

1465 1282 31 20 19:
1507 1284 24 17 92

1462 1803 33 21 31:
1507 1804 38 20 23d

1563 967 33 20 33:
1607 967 39 20 37d

1557 1133 89 20 19:130d

1566 1282 30 20 19:
1611 1284 34 17 131

1562 1803 34 20 31:
1606 1804 40 19 36d
