1827 2361
746 164 223 18 SAKREGISTER

1618 164 39 21 133

69 452 199 26 AVLÖSNINGAR.

97 488 42 19 RD
152 487 44 20 dels
208 487 117 26 medgiver,
338 488 35 18 att
384 487 41 19 den
437 487 70 25 avgift
519 487 12 19 å
545 487 24 19 16
578 486 41 20 000
630 487 32 19 kr.
676 492 34 14 om
722 487 53 23 året,
787 493 47 13 som
846 487 64 20 Göte-

111 518 63 25 borgs
190 517 49 20 stad
255 517 68 25 enligt
338 516 74 20 KM:ts
428 517 53 19 brev
497 517 41 19 den
556 517 8 19 1
582 516 53 20 febr.
653 516 52 20 1867
721 517 39 19 har
775 518 35 18 att
825 516 84 27 erlägga

111 547 32 20 till
154 547 135 20 statsverket
299 547 71 20 såsom
382 546 78 26 avgäld
472 546 33 20 för
517 546 76 21 Gamla
604 543 118 29 Älvsborgs
733 546 176 27 kungsladugård

110 577 49 19 med
176 577 130 19 tillhörande
322 576 131 26 lägenheter,
469 576 35 20 må
520 582 28 14 av
563 576 77 20 staden
655 576 56 20 lösas
726 581 77 21 genom
819 576 91 20 inbetal-

111 606 51 26 ning
181 606 33 20 till
231 606 135 20 statsverket
381 606 45 19 före
443 606 109 26 utgången
569 612 28 13 av
613 606 24 19 år
654 606 50 19 1931
721 611 29 14 av
762 607 33 18 ett
807 606 103 26 engångs-

111 636 78 26 belopp
205 642 28 13 av
249 635 41 20 400
298 635 41 20 000
356 636 40 22 kr.,
416 635 45 20 dels
476 636 40 19 ock
531 635 101 24 besluter,
647 637 34 18 att
696 635 95 20 nämnda
806 636 104 26 engångs-

111 666 78 25 belopp
207 665 55 20 skall
276 665 149 26 tillgodoföras
441 665 164 20 riksstatstiteln
621 665 100 20 »Diverse
736 665 128 21 inkomster»
876 665 34 21 för

111 695 129 26 budgetåret
256 695 123 25 1931/1932.
751 706 3 2 :

70 749 253 30 AVRENSNINGSFRÖ;
339 760 22 14 se
381 754 147 21 Utsädesvaror
545 754 79 25 (1934).

70 814 181 20 AVRUSTNING.

96 844 81 26 Avslag
193 844 12 20 å
221 844 107 20 motioner
343 849 48 21 ang.
408 844 130 20 biträdande
553 844 48 20 från
618 844 97 26 Sveriges
730 844 46 20 sida
791 850 28 14 av
834 846 34 18 ett
882 850 28 14 av

110 874 197 26 sovjetregeringen
319 873 57 21 inför
387 873 145 20 Nationernas
543 873 94 21 förbund
649 873 102 27 framlagt
761 874 149 26 avrustnings-

111 904 86 25 förslag.

73 966 7 17 1
97 963 83 20 Motion
196 969 35 14 om
246 963 80 20 allmän
342 963 182 26 folkomröstning
539 963 6 20 i
560 963 216 26 avrustningsfrågan
791 964 77 19 avslås.

71 1026 10 16 2
97 1023 39 20 FK
150 1023 72 20 avslår
235 1023 82 20 motion
332 1029 35 14 om
379 1023 127 26 ytterligare
519 1024 87 25 separat
618 1022 135 27 avrustning.

96 1082 81 26 Avslag
193 1083 12 19 å
221 1082 107 20 motioner
343 1082 6 20 i
365 1082 238 26 nedrustningsfrågan.

139 1119 22 16 Se
175 1119 33 16 ock
223 1118 162 20 Interpellationer
397 1118 60 20 (1931:
466 1121 16 16 6,
497 1118 24 20 8);
533 1118 123 21 Nedrustning
670 1118 68 20 (1931).

69 1172 154 20 AVSKEDAD
251 1167 321 25 BESTÄLLNINGSHAVARE
598 1172 36 19 AV
662 1172 171 20 MANSKAPET
860 1172 50 20 VID

97 1197 108 29 ARMÉN;
222 1208 22 13 se
259 1201 78 20 Armén
353 1201 70 26 (1936:
435 1201 26 26 3).

69 1261 202 20 AVSKEDANDE:
287 1267 28 13 av
330 1261 106 23 arbetare;
452 1267 22 14 se
489 1261 154 26 Arbetarskydd
658 1261 69 26 (1933:
739 1261 27 26 3);
777 1261 7 20 i
795 1261 115 27 anledning

96 1297 28 14 av
143 1291 122 26 trolovning
282 1291 51 20 eller
349 1291 130 26 äktenskap;
497 1297 22 14 se
536 1291 88 20 Kvinna
641 1291 70 25 (1939:
723 1291 26 26 2);
771 1291 7 20 i
795 1291 115 27 anledning

96 1327 28 13 av
139 1321 276 26 värnpliktstjänstgöring;
431 1327 21 14 se
470 1321 112 26 Värnplikt
597 1320 62 27 (1939
669 1320 27 21 U:
708 1323 17 21 2;
742 1320 59 21 1940:
814 1321 39 25 16).

68 1376 313 29 AVSKEDSERSÄTTNING;
390 1387 22 13 se
421 1380 79 20 Armén
510 1380 69 26 (1931:
592 1383 17 21 9;
621 1380 59 20 1932:
693 1381 26 25 6);
729 1380 107 27 Asplund,
845 1381 27 19 A.
883 1381 26 20 E.

96 1410 79 26 (1931);
190 1410 102 20 Marinen
308 1410 70 26 (1931:
391 1412 17 21 2;
425 1410 59 20 1932:
497 1410 26 26 3).

68 1470 267 24 AVSKEDSPREMIER;
349 1476 22 13 se
385 1469 79 21 Armén
479 1469 70 27 (1931:
563 1472 29 21 11;
610 1469 58 21 1935:
681 1471 17 22 5;
715 1469 58 21 1936:
787 1472 17 21 7;
820 1470 59 20 1937:
891 1472 17 22 5;

98 1500 59 20 1938:
170 1501 16 22 8;
205 1500 58 19 1939:
277 1502 30 21 18;
325 1499 59 21 1940:
397 1500 40 25 30).

68 1559 238 25 AVSKRIVNINGAR;
322 1566 22 13 se
361 1559 77 26 Förlag
454 1559 80 26 (1940),
552 1559 239 26 Kapitalinvesteringar
802 1558 63 26 (1940
872 1559 37 25 U);

100 1589 104 26 Taxering
220 1589 70 25 (1937:
303 1589 25 25 1).

69 1648 228 21 AVSKRIVNINGAR
313 1648 54 21 OCH
384 1648 199 20 EFTERGIFTER.

72 1680 8 17 1
97 1678 42 20 RD
153 1678 117 26 medgiver,
284 1680 34 18 att
331 1678 172 20 banförmannen
516 1678 37 20 vid
566 1679 83 19 statens
660 1678 117 25 järnvägar
785 1678 21 19 J.
816 1678 93 19 Jonsson

111 1708 35 20 må
171 1708 80 20 befrias
272 1708 47 20 från
341 1708 81 20 honom
442 1708 88 25 jämlikt
551 1707 152 26 Nordmalings
724 1707 39 20 och
784 1707 125 26 Bjurholms

111 1738 104 26 tingslags
233 1738 137 20 häradsrätts
387 1738 72 26 utslag
476 1738 41 19 den
536 1737 26 20 10
579 1737 54 26 april
652 1737 53 20 1930
722 1737 112 26 åliggande
851 1737 59 26 skyl-

111 1767 75 27 dighet
202 1769 35 18 att
253 1767 32 20 till
302 1767 208 26 järnvägsstyrelsen
528 1767 75 26 utgiva
616 1767 132 20 skadestånd
762 1767 49 20 med
823 1766 40 21 415
876 1767 32 20 kr.

111 1798 40 19 och
160 1797 121 27 ersättning
290 1797 33 20 för
329 1797 246 26 rättegångskostnader
582 1797 49 20 med
641 1797 39 20 100
686 1797 32 20 kr.
727 1798 57 19 samt
791 1798 34 19 att
832 1796 78 27 ifråga-

110 1827 97 20 varande
222 1827 79 27 belopp
317 1827 35 20 må
366 1833 25 14 ur
401 1827 221 26 järnvägsstyrelsens
632 1827 147 26 räkenskaper
789 1827 119 20 avskrivas.

71 1890 10 17 2
97 1887 42 20 RD
152 1887 117 26 medgiver,
281 1889 35 18 att
326 1887 34 20 för
370 1887 108 20 täckande
490 1893 28 13 av
529 1887 26 20 de
567 1886 6 20 i
584 1887 164 25 länsstyrelsens
759 1886 6 20 i
774 1886 136 21 Stockholms

111 1917 35 20 län
162 1917 147 26 räkenskaper
324 1917 107 20 bokförda
448 1917 106 26 beloppen
570 1917 12 19 å
599 1916 44 20 dels
659 1916 26 20 55
694 1916 41 20 910
750 1916 40 23 kr.,
806 1916 60 20 vilka
881 1922 29 14 av

111 1947 153 26 länsstyrelsen
279 1947 106 20 utbetalts
400 1947 6 19 i
420 1946 42 21 anl.
477 1952 29 14 av
520 1948 54 18 utav
587 1946 57 20 förre
658 1946 199 20 landskontoristen
871 1946 39 20 hos

111 1976 153 26 länsstyrelsen
284 1977 24 20 G.
328 1976 23 20 F.
371 1976 85 20 Robért
473 1976 112 26 begångna
604 1976 61 20 brott
682 1976 40 20 och
741 1975 95 21 därefter
853 1976 7 19 i
877 1977 34 19 rä-

111 2007 150 26 kenskaperna
275 2006 134 20 balanserats
422 2006 69 20 under
503 2005 162 24 förskottstitel,
679 2005 45 20 dels
737 2006 40 19 ock
790 2005 25 20 16
825 2005 39 20 753
877 2006 32 19 kr.

111 2036 26 20 36
153 2038 42 22 öre,
211 2036 59 20 vilka
286 2036 6 20 i
307 2036 43 20 anl.
366 2042 28 14 av
410 2037 54 19 utav
478 2035 57 21 förre
550 2035 199 20 landskontoristen
764 2035 39 20 hos
818 2035 93 26 länssty-

111 2066 68 20 relsen
200 2066 27 20 N.
248 2066 28 20 K.
298 2066 88 20 Edlund
407 2066 112 26 begångna
539 2065 141 26 förbrytelser
699 2065 84 20 avförts
803 2065 40 20 och
863 2065 48 20 där-

1193 238 108 30 Utskotts-
1359 238 68 30 Riks-
1508 260 5 3 3

989 264 55 34 Kungl.
1098 290 4 4 z
1192 268 117 29 utlåtanden,
1365 268 69 29 dagens
1494 260 118 33 Kamrarnas

992 297 53 19 Maj:ts]
1057 290 92 16 Motioner
1175 302 96 16 nemnorjal
1284 302 43 16 eller
1376 302 37 16 ske
1485 290 140 20 förhandlingar

937 322 26 20 År
991 330 51 15 Ipropir
1186 326 131 32 betänkanden
1359 326 69 32 velser
1510 320 88 20 (ören

999 357 36 14 eller

991 387 46 14 skriv:
1166 384 99 22 ElSlN
1367 399 5 3 :
1442 403 3 4 |
1468 386 66 16 Första
1541 381 23 30 |
1571 386 65 16 Andra

1010 392 36 9 "YT
1059 398 33 16 FKR
1109 398 36 16 AK
1166 394 16 42 å
1208 392 16 43 Z
1249 399 89 15 Nummer
1335 390 10 40 |
1355 399 87 15 Nummer
1442 390 11 40 |
1467 410 70 16 kamm.
1542 390 21 40 |
1568 410 70 16 kamm.

1239 452 2 28 |

929 486 49 21 1931]
1007 486 25 20 76
1043 482 27 35 1
1067 499 28 2 —!|
1120 499 28 2 —I
1175 488 12 19 6)
1218 486 23 21 1)
1289 488 25 19 75
1383 487 107 20 141-127:
1503 490 23 17 14
1558 487 32 20 127:
1604 490 20 16 11

928 844 50 20 1931]
1004 854 28 2 —
1061 843 38 21 1189)
1113 843 41 21 242]
1175 843 12 20 51
1217 844 9 20 1
1306 844 10 19 4
1471 844 66 19 6:4d
1561 844 30 20 13:
1603 846 10 17 3
1624 844 13 19 d

1239 879 2 12 I
1460 873 31 20 13:
1502 876 11 17 4
1524 873 12 20 d

928 963 53 21 1932]
1004 973 29 3 —
1059 963 40 21 1217]
1120 975 28 2 —]
1175 963 52 20 511
1303 964 12 19 3
1396 976 27 2 —
1460 963 66 20 11:15
1537 959 54 35 dl13:
1604 965 23 18 16

928 1023 53 21 1932]
1005 1033 28 3 —
1046 1019 10 35 |
1060 1023 40 20 214]
1120 1023 68 20 —H12
1188 1019 19 35 |
1206 1019 14 35 1
1303 1023 12 20 3
1396 1035 27 3 —
1460 1023 31 20 H4:
1502 1023 48 20 37
1534 1019 9 34 d

929 1083 53 21 1933)
1005 1093 28 3 —
1060 1083 38 20 |211]
1121 1095 27 2 —J
1176 1083 12 19 5
1206 1079 17 67 é
1226 1095 16 47 |
1290 1083 26 20 26
1401 1095 22 2 —
1458 1083 33 20 133:
1503 1085 24 17 27
1538 1082 54 21 dl36:
1604 1085 23 17 19
1638 1078 18 35 dj

1240 1145 1 27 |

928 1678 50 20 1931]
1005 1676 26 19 221
1065 1688 28 4 —!
1119 1689 28 3 —1]
1173 1677 13 20 61
1203 1672 18 36 1
1291 1678 24 20 15
1398 1677 25 21 18
1472 1676 55 20 8:16
1533 1672 31 34 |
1573 1676 19 20 8
1604 1678 24 17 14

1554 1719 2 32 |

1555 1753 1 15 I

928 1886 50 21 1931]
1005 1884 25 21 31
1039 1880 28 35 |
1066 1897 28 3 —
1099 1880 14 35 |
1120 1898 28 3 —]I
1174 1886 52 20 611
1289 1886 27 20 25
1397 1886 26 20 79
1460 1885 66 20 16:83
1561 1885 31 20 116:
1604 1887 38 18 109
