1851 2357
157 150 40 20 712
853 151 223 17 SAKREGISTER

177 442 186 27 Interpellationer.

175 473 32 19 Nr
222 472 27 20 39
265 472 58 26 (herr
339 472 123 26 Jeppsson):
480 472 54 26 Ang.
552 472 101 26 åtgärder
669 472 33 20 för
718 472 113 26 avlösning
847 479 28 13 av
891 473 11 20 å
921 473 94 20 Gotland

202 502 175 21 inmobiliserade
392 502 154 26 värnpliktiga.

175 562 31 20 Nr
219 561 27 20 40
259 562 58 25 (herr
331 557 90 31 Åqvist):
435 561 55 27 Ang.
505 568 26 13 en
545 562 94 26 enhetlig
652 562 154 26 planläggning
819 562 33 20 för
865 563 83 19 statens
962 569 54 20 upp-

203 592 130 26 handlingar
347 592 33 19 för
394 592 208 20 försvarsväsendet.

176 652 31 20 Nr
224 651 24 20 41
269 651 58 26 (herr
345 651 121 26 Jacobson):
485 651 116 20 Huruvida
619 658 61 20 prop.
699 651 43 20 kan
760 652 114 20 förväntas
892 652 69 20 under
978 653 38 25 på-

203 681 83 27 gående
300 681 43 20 RD
358 681 107 20 avseende
479 681 91 20 kolonat
584 682 40 19 och
638 681 68 20 andra
721 682 12 19 å
747 681 148 26 kronoparker
909 682 106 26 upplåtna

203 711 131 26 lägenheter,
351 711 127 26 kronotorp,
495 711 121 26 skogstorp,
633 711 93 26 odlings-
742 711 39 20 och
798 711 175 27 fjällägenheter?

176 771 31 20 Nr
220 770 27 21 42
261 771 58 25 (herr
331 770 130 26 Lundstedt):
475 770 56 27 Ang.
546 771 155 20 förhindrande
714 777 28 14 av
757 772 34 19 att
805 777 101 20 personer
920 771 96 20 hörande

202 801 34 19 till
254 801 38 20 det
309 800 184 20 kommunistiska
511 801 81 25 partiet
610 801 68 19 under
695 801 170 26 fortsättningen
883 807 28 14 av
929 802 47 19 året
993 802 21 19 få

203 836 53 15 vara
271 830 120 20 ledamöter
405 836 28 14 av
448 830 42 21 RD
505 836 29 14 m.
544 836 28 14 m.

176 884 32 21 Nr
217 884 27 20 43
255 884 58 26 (herr
321 884 114 26 Liedberg):
447 884 55 26 Ang.
513 884 134 26 vidtagande
657 891 28 13 av
696 884 100 26 åtgärder
807 884 6 20 i
824 885 57 26 syfte
892 886 34 19 att
937 885 77 26 främja

203 914 158 20 användandet
385 920 28 14 av
437 914 243 26 gummihjulsförsedda
705 915 109 19 traktorer
838 915 33 19 för
895 916 121 25 transport-

203 944 109 20 ändamål.

176 998 31 20 Nr
219 998 27 20 44
260 998 58 26 (herr
332 993 89 31 Åqvist):
436 998 55 26 Ang.
505 998 117 26 ändringar
635 998 6 20 i
655 998 153 26 förordningen
821 1004 43 21 ang
877 999 78 19 förbud
969 1000 47 18 mot

203 1028 143 26 användning
361 1034 29 14 av
406 1034 58 20 papp
482 1028 40 20 och
538 1028 126 20 konstläder
680 1028 6 20 i
702 1028 83 20 skodon
802 1028 6 20 i
825 1028 57 26 syfte
898 1030 35 18 att
949 1034 67 20 uppe-

203 1057 57 20 hålla
276 1057 86 20 landets
377 1057 132 26 försörjning
523 1057 50 20 med
589 1058 83 19 skodon
688 1058 33 19 för
736 1058 61 19 civilt
812 1058 62 19 bruk.

176 1117 31 19 Nr
224 1116 27 20 45
269 1116 58 26 (herr
346 1112 89 30 Åqvist):
454 1116 55 27 Ang.
528 1117 101 25 åtgärder
646 1117 34 19 för
697 1117 72 20 bättre
788 1117 181 26 tillvaratagande
988 1123 27 13 av

204 1146 41 20 den
260 1146 94 20 svenska
368 1146 96 23 frukten,
480 1146 96 26 speciellt
590 1146 134 20 fallfrukten.

175 1200 32 20 Nr
219 1199 27 20 46
260 1199 58 26 (herr
331 1199 131 26 Holmbäck):
476 1200 55 26 Ang.
545 1200 269 20 industrisockerskattens
827 1200 126 20 ersättande
965 1200 51 21 med

203 1235 27 15 en
249 1229 82 20 allmän
351 1229 70 26 avgift
441 1230 12 19 å
472 1229 169 20 konsumtionen
661 1230 59 20 inom
740 1230 74 20 landet
834 1236 28 14 av
882 1230 74 20 socker
976 1230 39 20 och

202 1259 65 26 sirap.

176 1313 32 20 Nr
222 1312 27 21 47
266 1313 58 26 (herr
339 1312 101 26 Kilbom):
457 1313 55 26 Ang.
529 1313 58 27 läget
602 1313 6 20 i
624 1313 60 27 fråga
701 1320 35 14 om
752 1314 160 26 produktionen
928 1320 29 14 av
972 1315 44 20 trä-

204 1343 55 25 sprit
277 1344 58 19 samt
353 1348 48 21 ang.
421 1343 101 26 åtgärder
539 1343 34 20 för
591 1343 80 26 ökning
689 1349 28 14 av
735 1343 117 27 tillgången
871 1344 27 26 på
917 1344 99 26 flytande

204 1372 111 21 inhemskt
329 1373 165 20 motorbränsle.

176 1432 31 20 Nr
223 1432 26 20 48
266 1432 58 26 (herr
342 1432 128 26 Brädefors):
488 1432 55 26 Ang.
560 1432 55 20 visst
631 1433 47 19 s.k.
695 1433 178 26 arbetskompani
890 1433 6 20 i
913 1433 102 21 Storsien.

177 1516 31 20 Nr
223 1515 27 20 49
267 1515 58 26 (herr
340 1515 126 26 Mosesson):
486 1516 9 19 I
511 1516 42 19 anl.
571 1522 28 14 av
615 1516 74 20 KM:ts
706 1517 145 20 förordnande
867 1523 35 14 om
919 1517 97 20 använd-

205 1545 51 27 ning
273 1545 6 20 i
296 1545 159 20 folkskolornas
472 1545 209 27 sångundervisning
698 1546 36 20 vid
753 1546 61 20 deras
831 1547 186 20 andaktsstunder

204 1581 29 14 av
248 1575 41 20 den
306 1581 42 20 nya
364 1575 93 20 svenska
472 1575 140 20 koralboken.

176 1628 32 21 Nr
219 1628 27 21 50
258 1628 59 26 (herr
326 1628 90 20 Persson
429 1629 6 19 i
448 1629 76 25 Falla):
536 1629 55 26 Ang.
604 1629 134 27 vidtagande
750 1636 27 13 av
790 1630 227 26 besparingsåtgärder

204 1658 59 20 inom
279 1658 41 20 den
335 1659 93 19 svenska
443 1659 218 26 statsförvaltningen
676 1659 39 20 och
730 1660 231 19 statsverksamheten.

176 1742 33 19 Nr
225 1741 9 20 1
252 1741 58 26 (herr
326 1742 98 25 Brandi):
440 1742 55 26 Ang.
512 1742 166 26 tillämpningen
694 1749 27 13 av
737 1743 164 26 lagstiftningen
918 1749 34 14 om
969 1744 47 20 s.k.

204 1773 171 19 samvetsömma
390 1772 154 26 värnpliktiga.

176 1825 32 21 Nr
221 1825 13 20 2
248 1825 58 26 (herr
318 1825 138 26 Lindhagen):
471 1825 55 27 Ang.
542 1826 126 26 påskyndat
681 1826 114 20 införande
809 1832 28 14 av
851 1827 139 26 högertrafik.

177 1909 31 19 Nr
224 1908 13 20 3
253 1908 59 27 (herr
326 1909 139 26 Lindhagen):
484 1909 40 20 Om
542 1909 97 27 Sveriges
655 1910 164 20 framträdande
835 1910 50 20 med
902 1910 115 21 världsfre-

205 1938 52 20 dens
275 1938 98 27 problem
391 1945 29 14 m.
430 1945 29 14 m.
478 1939 49 26 (FK
545 1939 111 26 medgiver
673 1939 53 24 icke,
745 1941 35 19 att
798 1940 95 20 nämnda
911 1940 105 26 spörsmål

204 1968 34 20 får
252 1968 149 26 framställas.)

176 2022 32 20 Nr
220 2021 13 20 4
247 2021 58 27 (herr
319 2022 120 26 Bergman):
453 2022 56 27 Ang.
523 2023 168 26 användningen
705 2029 28 14 av
747 2024 114 26 spannmål
875 2023 33 21 för
921 2024 95 20 tillverk-

204 2051 52 27 ning
271 2057 28 14 av
314 2051 148 27 spritdrycker
476 2058 29 14 m.
514 2058 29 15 m.

1300 225 107 30 Utskotts-
1480 229 54 16 Riks-

1096 249 55 27 Kungl.
1288 254 128 28 utlåtanden,
1472 255 69 28 dagens
1599 243 97 43 ESPRURER
1695 243 23 43 SR

1099 284 52 18 Maj:ts]
1164 276 91 17 Motioner
1282 288 95 16 memorial
1390 288 44 16 eller
1483 288 43 17 Sr
1591 276 140 21 förhandlingar

1044 308 26 20 År
1098 317 50 15 |[propir
1292 318 132 17 betänkanden
1467 313 68 31 velser
1617 306 87 21 (BrsEnE

1106 344 36 14 eller
1285 365 4 4 z
1736 354 22 3 vr

1098 374 54 14 Skiv
1165 384 33 16 pR
1216 384 36 16 JAR
1273 372 17 51 ä
1314 379 17 42 z
1355 385 90 16 Nummer|
1462 385 90 16 Nummer
1574 373 70 40 pre
1675 372 71 41 RR

1208 436 2 47 |
1304 436 2 36 |

1033 473 53 20 1940)
1179 486 75 18 les
1407 487 12 1 -
1510 487 16 1 -
1617 486 10 2 -
1647 470 51 34 120:
1709 477 23 17 51

1208 516 2 28 |
1304 510 2 33 |

1208 545 2 8 I
1304 544 2 15 I

1034 563 52 20 1940]
1110 576 28 2 —
1172 562 38 42 =
1226 561 108 18 RER
1390 557 30 33 Fe
1504 576 23 2 —
1599 575 29 3 —
1644 560 54 33 122:
1709 566 22 17 61

1304 582 2 64 SL

1033 653 53 20 1940
1111 666 27 2 —
1139 645 40 40 I
1226 666 28 1 —1
1505 666 23 1 —
1600 665 27 2 —
1665 654 33 20 122:
1709 656 25 17 62

1304 682 2 23 I
1665 684 33 20 33:
1710 686 10 17 7
1731 684 13 19 d

1208 712 2 23 |
1346 728 2 18 EH

1208 750 2 2 |
1304 747 43 21 lsd)

1033 773 105 19 TNE
1274 768 74 20 SE
1515 785 13 1 -
1544 761 42 48 |
1607 784 14 2 —
1666 773 54 20 20:4

1666 803 33 20 36:
1712 806 7 16 1
1732 803 13 20 d

1034 886 52 20 1940]
1111 899 6 2 -
1172 899 65 2 SE]
1316 900 27 2 on]
1392 899 28 2 bar
1500 898 28 2 —
1612 898 17 1 Fn,
1667 887 68 20 20308

1031 928 5 4 3
1667 916 78 21 J3rrd

1034 1000 52 20 SIDE
1172 1013 28 2 ol
1226 1012 28 3 öser
1275 1013 69 2 Elev
1353 994 20 34 ng
1392 1013 29 2 trek
1500 1012 28 2 —
1601 1011 27 2 —
1666 1001 34 19 126:
1711 1002 24 18 58

1667 1030 32 20 37:
1711 1032 10 17 7
1732 1030 13 20 d

1034 1118 52 20 1940]
1111 1131 27 2 —
1146 1114 27 34 1
1173 1131 27 2 —I
1227 1131 73 2 —I1—
1316 1132 18 1 —
1399 1131 8 2 -
1500 1130 28 3 —
1602 1129 27 2 —.
1667 1119 69 20 20:59

1667 1148 33 21 35:
1711 1150 24 18 31
1747 1148 13 20 d

1034 1202 53 20 1940]
1111 1214 27 2 —
1144 1198 27 34 |
1173 1214 28 2 —Il
1227 1214 116 3 —]——
1392 1214 29 2 —
1500 1213 28 3 —
1650 1202 50 20 Jao:
1712 1204 21 17 61

1035 1315 104 20 1940)
1115 1307 32 41 —
1151 1307 21 41 1
1173 1328 25 2 —
1205 1307 11 41 |
1225 1327 119 3 —]-—-
1404 1328 16 2 —
1500 1327 22 2 SE
1600 1315 121 20 Sa

1666 1345 33 20 35:
1711 1345 35 20 4d

1034 1434 91 21 FOA0FE
1124 1446 131 3 LUGI
1276 1447 27 2 e
1317 1448 27 2 oSS
1501 1446 27 2 —
1601 1445 28 3 —
1667 1435 34 21 135:
1711 1437 25 18 84

1667 1465 34 20 40:
1712 1466 11 18 9
1733 1465 14 20 d

1035 1518 52 20 040)
1276 1530 146 3 et
1501 1529 28 3 —
1602 1518 134 20 FRlj-18709

1668 1547 33 21 40:
1713 1550 24 17 14
1747 1548 13 20 d

1036 1631 51 20 1940]
1112 1643 27 2 —
1159 1627 7 34 1]
1173 1643 28 2 —i
1227 1643 118 3 —I]—=—
1394 1643 27 2 —
1501 1642 28 3 +
1602 1642 28 2 —
1668 1631 33 21 138:
1712 1633 25 18 50

1667 1661 34 20 42:
1713 1663 8 17 1
1733 1661 14 20 d

1036 1744 52 20 1940]
1112 1756 27 2 —
1157 1740 7 34 |]
1174 1756 171 3 —-l—]—-—
1394 1756 28 3 —
1507 1755 22 3 —
1581 1743 19 21 6:
1612 1746 10 17 4

1050 1774 19 20 U
1569 1773 31 20 10:
1611 1775 11 18 4
1632 1773 14 20 d

1035 1827 53 20 1940]
1112 1839 27 2 —
1156 1820 8 40 I]
1173 1839 28 3 —
1228 1839 117 3 ———
1403 1840 19 3 —
1501 1827 121 21 sng

1050 1857 19 21 U
1569 1856 67 21 10:16
1647 1856 13 21 d

1035 1903 74 43 1940]
1111 1922 28 3 —
1143 1903 28 43 |
1173 1923 28 2 —|
1227 1923 117 2 —]——V
1394 1923 28 2 —
1501 1910 121 21 FANS

1050 1941 18 19 U
1569 1940 52 21 10:1

1611 1970 35 21 2d

1034 2024 53 20 19401
1111 2035 28 3 —
1146 2020 27 34 1
1173 2035 28 3 —1
1227 2036 118 2 —]——
1393 2036 28 3 —
1501 2035 28 3 —
1569 2024 67 20 13:42

1050 2053 19 20 U
1568 2053 32 22 18:
1612 2055 24 18 15
1646 2053 15 21 d
