1842 2354
1629 70 41 20 465

86 276 337 20 HYPOTEKSAKTIEBOLAG.

115 312 42 20 RD
168 314 92 24 antager
269 312 80 26 förslag
359 312 32 20 till
402 312 34 26 lag
447 318 34 14 om
492 312 240 27 hypoteksaktiebolag.

86 360 236 25 HYPOTEKSBANK,
338 360 133 21 SVERIGES
485 356 160 24 ALLMÄNNA.

115 396 43 20 RD
171 398 91 24 antager
274 396 126 27 förordning
413 402 35 14 om
461 396 83 20 ändrad
557 396 80 26 lydelse
650 402 28 14 av
690 396 31 25 4$
734 396 152 26 förordningen
900 397 41 19 den
955 396 25 20 16

87 426 43 25 maj
144 426 53 20 1890
207 427 35 25 (nr
251 427 24 19 21
287 432 16 14 s.
316 427 20 24 1)
346 431 49 21 ang.
406 426 97 26 Sveriges
513 426 109 20 allmänna
633 426 168 26 hypoteksbank
811 427 58 19 samt
879 426 100 23 besluter,

87 457 35 19 att
132 457 73 19 staten
215 456 55 20 skall
279 468 27 2 —
316 456 33 20 för
358 456 81 25 ökning
448 462 28 14 av
487 456 96 26 Sveriges
593 455 109 21 allmänna
713 456 179 26 hypoteksbanks
901 456 80 26 grund-

87 486 53 19 fond
160 498 28 2 —
207 491 77 20 genom
305 486 136 26 fullmäktige
462 486 6 19 i
488 486 210 25 riksgäldskontoret
717 485 63 21 ställa
800 485 33 20 till
854 486 126 25 förfogande

86 515 94 20 svenska
193 517 84 18 statens
290 515 47 26 fyra
351 516 38 19 och
402 522 26 13 en
441 515 51 20 halv
505 517 90 24 procent
607 515 149 26 obligationer,
770 515 150 26 ouppsägbara
932 515 48 20 från

87 545 159 20 innehavarens
258 545 54 23 sida,
324 545 32 20 till
368 547 33 18 ett
413 545 113 20 nominellt
537 545 78 26 belopp
627 551 28 14 av
667 545 42 20 fem
721 545 100 26 miljoner
832 545 31 20 kr.
875 545 49 20 med
936 546 45 19 rätt

87 575 33 19 för
133 575 87 19 banken
233 576 35 18 att
280 576 50 24 taga
344 574 172 26 obligationerna
529 575 6 19 i
548 575 94 25 anspråk
655 574 6 20 i
674 574 94 26 enlighet
781 575 48 19 med
844 574 137 20 bestämmel-

87 609 62 15 serna
162 604 6 19 i
180 604 154 26 förordningen
346 609 48 21 ang.
408 604 97 25 Sveriges
517 603 110 21 allmänna
640 604 175 26 hypoteksbank.

87 647 337 24 HYPOTEKSFÖRENINGAR.

116 686 42 20 RD
173 688 92 24 antager
278 687 80 25 förslag
371 687 32 19 till
418 687 126 26 förordning
558 692 35 15 om
607 687 57 20 vissa
678 687 117 25 ändringar
808 687 6 19 i
828 687 152 26 förordningen

88 716 41 20 den
140 716 25 20 16
174 716 43 26 maj
230 716 53 20 1890
292 717 34 25 (nr
335 717 23 19 21
370 723 16 13 s.
398 716 33 26 11)
440 721 49 21 ang.
499 716 26 20 de
534 716 110 20 allmänna
653 717 99 25 grunder,
762 722 46 14 som
817 716 38 20 vid
864 717 117 25 hypoteks-

87 746 135 26 föreningars
242 746 102 20 bildande
364 746 40 20 och
424 746 103 20 framtida
547 746 139 20 verksamhet
705 746 60 20 skola
786 746 31 20 till
837 746 143 20 efterrättelse

88 775 74 20 lända.

117 817 42 20 RD
167 818 92 25 antager
267 817 79 25 förslag
355 817 31 20 till
395 817 126 26 förordning
530 823 34 14 om
573 818 83 19 ändrad
665 817 80 26 lydelse
754 823 28 14 av
790 817 12 20 5
810 818 9 24 $
828 817 153 26 förordningen

88 847 41 20 den
141 847 24 19 16
174 847 43 26 maj
230 847 53 19 1890
292 848 35 24 (nr
335 847 23 20 21
370 853 16 14 s.
399 847 32 25 11)
441 852 48 20 ang.
500 847 25 20 de
534 847 110 20 allmänna
653 847 100 26 grunder,
763 853 45 14 som
818 847 36 20 vid
865 847 117 26 hypoteks-

88 876 134 26 föreningars
242 876 102 20 bildande
364 877 39 19 och
424 877 102 19 framtida
547 877 140 20 verksamhet
706 876 60 21 skola
786 876 32 20 till
838 876 143 21 efterrättelse

88 906 72 20 lända.

117 936 25 20 Se
158 936 40 19 ock
215 936 231 26 Stadshypotekskassa.

88 983 249 25 HYPOTEKSKASSA,
350 983 134 20 SVERIGES
496 979 164 29 ALLMÄNNA;
672 990 22 13 se
708 984 132 26 Sparbanker
852 984 70 25 (1948:
936 986 25 24 2).

88 1031 92 24 HYRA;
190 1037 22 14 se
223 1031 176 26 Hyresreglering,
411 1031 148 24 Moratorium,
574 1031 112 27 Värnplikt
696 1031 70 26 (1944:
780 1031 25 26 7).

88 1079 79 19 HYRA
183 1079 130 24 OMBORD;
327 1085 21 13 se
365 1078 70 21 Enkla
449 1079 69 26 frågor
532 1079 70 26 (1950:
617 1079 38 26 19),
672 1079 81 26 Sjöfolk
767 1079 69 26 (1944:
850 1081 16 20 5,
884 1079 58 20 1950:
956 1078 25 26 5).

89 1126 222 25 HYRESAVDRAG;
325 1132 21 13 se
363 1126 121 20 Folkskolor
497 1127 70 26 (1947:
580 1127 40 26 25).

88 1173 215 25 HYRESBIDRAG;
318 1180 21 13 se
355 1174 157 25 Skogsarbetare
526 1174 79 26 (1945).

88 1221 162 23 HYRESHUS;
264 1228 22 13 se
301 1221 280 27 Kommunalförfattningar
595 1221 69 27 (1946:
677 1222 26 25 4).

88 1268 277 26 HYRESKOSTNADER;
378 1275 21 14 se
414 1269 128 27 Flygvapnet
555 1269 70 26 (1947:
638 1270 26 26 9).

88 1316 196 20 HYRESLAGEN.

116 1353 56 25 Ang.
184 1352 263 27 andrahandsupplåtelse
460 1359 28 14 av
500 1353 173 26 hyreslägenhet;
686 1359 21 13 se
722 1352 178 27 Interpellationer
912 1352 70 27 (1949:

92 1382 54 26 130).

89 1429 246 20 HYRESLEDIGHET.

117 1465 55 26 Ang.
189 1465 44 20 viss
249 1465 92 26 ändring
356 1471 28 14 av
400 1465 62 27 lagen
479 1472 35 13 om
531 1465 125 27 skyldighet
672 1467 35 19 att
722 1466 87 20 anmäla
826 1465 158 27 hyresledighet

90 1500 30 14 m.
130 1501 37 17 m.;
179 1501 22 13 se
215 1494 180 27 Interpellationer
405 1495 70 26 (1946:
489 1495 53 26 108).

88 1542 258 25 HYRESRABATTER;
355 1548 22 14 se
388 1542 223 27 Bostadsproduktion.

88 1589 265 21 HYRESREGLERING.

118 1625 42 20 RD
175 1626 92 25 antager
281 1625 33 20 för
328 1625 32 20 sin
375 1625 33 20 del
424 1625 79 26 förslag
517 1626 32 19 till
564 1626 34 25 lag
612 1632 35 13 om
662 1626 169 26 hyresreglering
845 1632 28 13 m.
883 1632 29 13 m.
927 1627 57 18 samt

88 1654 82 26 förslag
184 1654 32 20 till
230 1655 35 26 lag
279 1661 34 14 om
328 1655 94 20 kontroll
436 1661 28 14 av
478 1655 121 26 upplåtelse
613 1656 39 19 och
666 1655 128 20 överlåtelse
807 1661 27 14 av
849 1655 135 20 bostadsrätt

88 1690 68 14 m.m.

119 1785 17 20 1.
154 1785 42 20 RD
211 1787 92 24 antager
317 1785 79 27 förslag
409 1785 33 20 till
456 1786 35 26 lag
504 1791 49 21 ang.
568 1786 91 20 fortsatt
672 1786 100 26 giltighet
785 1792 28 14 av
827 1786 61 26 lagen
903 1786 41 19 den
960 1786 24 19 19

88 1814 48 26 juni
147 1815 53 20 1942
211 1815 35 25 (nr
254 1815 50 26 429)
314 1821 35 14 om
359 1815 171 27 hyresreglering
539 1822 28 14 m.
577 1822 29 13 m.
617 1817 57 19 samt
683 1816 35 26 lag
727 1821 48 21 ang.
786 1816 90 19 fortsatt
885 1815 100 26 giltighet

88 1850 29 14 av
127 1844 63 26 lagen
201 1850 84 15 samma
296 1845 41 26 dag
347 1845 35 26 (nr
391 1845 50 26 430)
451 1851 35 14 om
496 1845 95 20 kontroll
601 1851 28 14 av
640 1845 120 26 upplåtelse
771 1846 38 19 och
821 1845 126 20 överlåtelse
957 1851 28 14 av

90 1874 139 20 bostadsrätt
244 1881 28 13 m.
283 1881 29 13 m.

117 1904 19 20 2.
155 1904 42 19 RD
206 1904 73 20 avslår
287 1904 45 20 dels
341 1904 108 20 motioner
457 1911 34 13 om
501 1905 115 26 åtgärder
600 1900 19 35 i
625 1905 57 26 syfte
691 1906 34 19 att
735 1905 77 19 bereda
821 1905 53 19 ökat
882 1904 71 26 skydd
962 1905 24 19 åt

90 1933 162 26 hyressökande
269 1934 94 25 familjer
378 1934 49 20 med
444 1935 61 22 barn,
522 1934 45 20 dels
583 1935 40 19 ock
638 1934 84 20 motion
739 1941 34 13 om
790 1934 91 26 ändring
897 1940 27 14 av
943 1934 42 24 10$

90 1963 62 25 lagen
164 1969 35 14 om
211 1963 176 26 hyresreglering.

118 2004 42 20 RD
170 2006 92 24 antager
271 2005 33 20 för
312 2005 32 20 sin
354 2005 34 19 del
397 2005 79 27 förslag
485 2005 33 20 till
527 2005 34 26 lag
570 2011 49 20 ang.
629 2006 90 19 fortsatt
728 2005 99 26 giltighet
836 2011 28 14 av
873 2005 61 26 lagen
944 2005 40 20 den

91 2034 25 20 19
128 2033 47 26 juni
190 2034 53 20 1942
255 2034 35 26 (nr
301 2034 50 26 429)
364 2041 35 13 om
412 2035 169 26 hyresreglering
593 2041 28 14 m.
632 2041 28 14 m.
673 2037 58 18 samt
744 2035 32 20 till
788 2035 34 26 lag
834 2040 48 21 ang.
896 2035 89 19 fortsatt

88 2063 102 26 giltighet
199 2070 28 13 av
237 2064 62 25 lagen
309 2070 83 14 samma
403 2064 42 26 dag
454 2064 35 26 (nr
501 2064 46 26 430)
557 2071 35 13 om
602 2064 94 20 kontroll
707 2071 27 14 av
745 2064 121 26 upplåtelse
876 2065 39 19 och
926 2066 59 18 över-

90 2092 75 21 låtelse
180 2099 28 14 av
223 2093 136 20 bostadsrätt
373 2100 28 14 m.
412 2100 28 14 m.

100 2158 119 16 30—141701

1000 178 101 24 ARE
1135 159 90 15 Motioner
1272 154 89 30 Utskott
1394 155 76 60 Skriv.)
1524 156 94 29 Protokoll

1130 212 31 16 FK
1176 203 2 42 |
1192 212 35 16 AK
1248 212 85 16 |SmllAvd!
1357 213 26 15 Nr
1502 214 33 15 FK
1601 214 35 16 AK

1290 255 1 32 |

1290 288 2 24 |

1000 312 27 20 461
1057 313 39 19 109
1106 308 28 36 |
1140 325 28 2 —I
1206 325 27 2 —I]
1267 314 62 19 81—1
1366 314 26 20 481
1417 314 97 20 297121:
1526 317 24 17 50
1554 308 23 36 |
1582 315 33 20 22:
1629 317 37 18 107

1001 396 27 20 491]
1070 397 26 19 261
1141 393 39 31 —|
1205 389 52 40 —I
1268 397 60 20 8I—)
1380 398 78 20 61:70]
1496 398 54 20 9:12
1557 389 15 40 |
1596 399 55 20 9:48

1178 448 2 25 |
1568 448 2 33 |

1001 686 27 20 421
1071 687 26 20 691]
1142 699 27 2 —I
1207 699 27 3 —]
1269 688 60 19 8I—1|
1369 688 23 20 141
1431 688 120 20 89113:86
1555 682 23 36 |
1577 682 39 36 13:
1630 691 37 17 113

1002 817 27 20 471
1060 818 37 19 155
1207 830 20 2 ES
1269 818 60 20 8|—]|
1367 819 184 20 351182119:64
1551 814 65 34 119:
1619 814 33 34 59

1005 1625 27 19 421
1059 1625 38 20 301
1109 1621 18 34 |
1130 1625 39 20 274]
1209 1625 24 19 211
1271 1625 12 19 91
1318 1626 13 19 21
1369 1626 92 19 421373]
1485 1625 33 20 25:
1531 1626 23 19 1d
1557 1621 22 34 |
1586 1626 33 19 25:
1631 1626 24 19 9d

1059 1651 37 33 341
1196 1654 39 20 379

1196 1684 40 20 380

1196 1714 40 20 395

1196 1743 40 20 396

1005 1785 27 20 431
1074 1785 210 20 91-1.209.:1310:h-19:1;
1319 1785 143 20 21:18:90:
1488 1786 64 20 11:21:45
1588 1786 67 19 11:185

1132 1815 41 20 210

1016 1911 7 12 »
1033 1900 23 35 |
1075 1916 27 2 —
1134 1904 38 20 11851
1199 1904 38 20 106]
1272 1905 12 19 91
1320 1905 12 19 21
1372 1904 24 20 571]
1435 1904 84 20 —L126:
1531 1905 24 19 6d
1558 1900 23 35 |
1587 1904 32 20 26:
1631 1905 39 19 69d

1199 1934 36 19 131

1006 2005 27 19 441
1063 2005 35 19 101
1106 2001 22 34 |
1140 2005 40 20 275
1205 2005 40 19 445]
1273 2005 12 19 91
1320 2006 13 18 21
1371 2005 26 20 271
1424 2005 36 20 121
1483 2005 87 20 111:114d]
1589 2005 31 20 12:
1632 2005 39 20 23d

1141 2030 104 34 277|—447
1343 2046 2 2 |

1197 2064 41 20 450

1183 2091 2 16 I
