1831 2362
163 148 39 20 110
853 151 223 17 SAKREGISTER

179 440 99 20 Arrende.

223 470 24 20 18
258 470 10 26 $
279 470 75 24 första,
366 471 71 26 tredje
448 471 40 20 och
499 471 70 26 fjärde
580 472 105 25 styckena
697 478 35 14 om
743 472 138 20 arrendators
892 473 126 26 skyldighet

221 501 34 19 att
270 500 119 27 hembjuda
404 500 126 27 byggnader
545 501 40 20 och
600 501 155 27 anläggningar
770 504 57 18 samt
843 508 35 14 om
892 502 125 27 jordägares

220 530 227 27 lösningsskyldighet;
463 531 39 20 och
517 531 96 20 anhåller
627 531 42 20 RD
684 533 35 19 att
733 531 64 21 KM:t
811 532 69 20 måtte
894 532 45 21 låta
953 533 63 20 verk-

220 559 63 21 ställa
298 566 26 14 en
340 560 144 27 omprövning
497 562 42 19 rör.
554 560 154 27 lämpligheten
723 563 35 19 att
772 562 6 20 i
793 562 109 20 allmänna
917 562 99 20 arrende-

220 589 62 27 lagen
299 590 147 27 uttryckligen
462 590 95 27 angives,
574 592 35 19 att
625 591 244 26 synebestämmelserna
885 592 7 20 i
905 592 79 21 10—13
996 593 20 25 $$

221 621 37 19 äro
269 626 29 14 av
308 620 119 27 tvingande
439 622 71 23 natur;
523 621 40 20 och
574 621 124 20 hemställer
709 621 50 24 RD,
771 623 35 19 att
817 621 63 21 KM:t
890 622 70 20 måtte
971 622 44 21 låta

221 650 117 20 verkställa
351 656 26 14 en
389 650 201 27 förutsättningslös
603 651 115 27 utredning
730 657 49 21 ang.
792 651 130 27 utvidgning
934 658 28 14 av
975 652 41 20 den

220 680 147 20 kostnadsfria
381 680 246 27 arrenderådgivningen
641 681 68 26 enligt
721 681 142 27 kungörelsen
876 681 42 21 den
933 682 25 20 18
971 683 43 26 maj

222 709 53 21 1934
284 716 36 14 om
329 710 139 20 bestridande
477 710 7 20 i
492 711 58 20 vissa
559 711 38 20 fall
606 711 49 20 med
664 711 109 21 allmänna
783 712 69 20 medel
861 717 29 15 av
898 712 118 20 kostnader

220 739 34 20 för
269 739 86 21 biträde
371 740 6 20 i
392 740 73 26 frågor
480 742 41 18 rör.
538 741 240 20 arrendeförhållanden
794 741 33 21 till
843 743 34 19 att
893 748 51 14 avse
960 744 55 18 även

220 769 131 21 innehavare
365 776 29 14 av
407 770 105 20 arrenden
527 776 28 14 av
569 770 41 20 den
625 771 139 26 omfattning,
779 777 46 14 som
839 771 88 27 angives
941 772 7 19 i
961 772 55 20 kun-

219 799 104 26 görelsen,
339 800 69 20 under
425 800 68 20 andra
512 802 27 18 än
558 801 7 19 i
580 800 141 27 kungörelsen
738 801 142 21 omförmälda
894 801 120 27 jordägare;

221 829 40 20 och
276 829 97 21 anhåller
388 830 50 24 RD,
454 831 35 19 att
504 830 64 20 KM:t
582 830 69 20 måtte
666 830 45 21 låta
726 831 118 20 verkställa
859 837 26 15 en
900 831 116 21 förutsätt-

221 859 94 27 ningslös
327 859 116 27 utredning
454 865 48 21 ang.
514 860 113 20 införande
638 866 29 14 av
677 860 101 27 medling,
791 861 73 20 därest
874 861 23 20 så
908 861 107 21 erfordras

220 895 28 14 av
266 889 140 26 obligatorisk
421 890 110 23 karaktär,
546 890 78 20 mellan
637 890 114 27 jordägare
766 891 39 20 och
820 891 133 24 arrendator,
969 897 46 15 som

220 919 68 20 önska
304 919 49 26 ingå
368 919 89 26 förnyat
472 920 203 24 arrendekontrakt,
691 920 37 20 vid
744 921 272 26 meningsskiljaktigheter

220 948 49 20 dem
282 949 91 20 emellan
386 955 35 14 om
434 949 81 27 skäliga
528 949 78 21 villkor
617 950 34 20 för
663 951 51 25 nytt
726 950 157 21 arrendeavtal.

181 1011 11 17 4
207 1008 42 20 RD
261 1009 96 20 anhåller
368 1015 36 14 om
414 1009 122 26 utredning,
549 1009 107 21 huruvida
668 1010 39 20 och
718 1010 27 26 på
756 1010 43 20 vad
810 1012 46 19 sätt
866 1011 37 20 det
913 1012 24 19 är
947 1011 68 27 lämp-

220 1038 40 26 ligt
277 1040 35 18 att
328 1038 68 20 ändra
413 1039 191 20 bestämmelserna
621 1039 7 20 i
645 1040 26 19 de
688 1040 78 20 sociala
784 1040 178 26 arrendelagarna
980 1047 35 14 om

220 1067 169 21 minimiarealen
404 1068 34 20 för
452 1068 26 20 de
491 1068 113 26 jordbruk,
619 1075 46 14 som
680 1069 50 20 falla
745 1069 69 21 under
827 1070 95 26 lagarna,
937 1070 6 20 i
957 1070 58 26 syfte

220 1099 35 18 att
274 1098 153 20 åstadkomma
447 1098 81 21 sådana
547 1099 228 24 arealbestämmelser,
795 1101 35 19 att
849 1100 87 26 lagarna
956 1100 59 20 bliva

219 1127 129 27 tillämpliga
366 1128 13 20 å
396 1128 135 26 fastigheter,
549 1128 37 20 vid
604 1129 60 20 vilka
682 1129 141 20 arrendatorn
842 1135 28 15 av
887 1130 128 26 jordbruket

220 1158 42 19 kan
280 1157 80 20 erhålla
377 1157 33 20 sin
427 1157 159 27 huvudsakliga
604 1158 112 27 bärgning,
734 1161 86 18 oavsett
837 1159 178 21 beskaffenheten

219 1192 29 14 av
260 1187 26 20 de
298 1187 94 26 ägoslag,
405 1193 46 14 som
463 1188 49 26 ingå
525 1188 6 20 i
542 1188 218 26 jordbruksenheten.

181 1248 10 17 CS

206 1246 43 20 RD
264 1247 72 19 avslår
350 1247 82 20 motion
448 1253 48 20 ang.
512 1248 56 20 vissa
583 1248 116 26 ändringar
713 1248 5 20 i
734 1249 41 19 den
790 1249 77 20 sociala
882 1249 134 26 arrendelag-

220 1276 134 26 stiftningen.

182 1374 8 17 a

205 1371 42 20 Till
258 1372 221 26 arrenderådgivning
491 1373 24 19 åt
527 1373 56 20 vissa
596 1373 151 20 arrendatorer
759 1374 86 20 anvisas
858 1376 33 18 ett
903 1374 74 26 anslag
989 1381 28 14 av

222 1401 24 20 10
255 1401 41 20 000
310 1402 33 20 kr.
359 1401 33 27 (f).

181 1463 10 17 DD

197 1460 85 21 "Såsom
291 1461 166 27 kapitalökning
466 1462 33 20 för
508 1462 287 26 arrendeegnahemsfonden
805 1463 87 20 anvisas
901 1465 33 18 ett
943 1464 74 26 anslag

220 1496 28 14 av
263 1490 56 20 1800
327 1490 41 21 000
380 1491 33 20 kr.
427 1491 34 26 (r).

180 1564 11 17 uw

207 1562 75 20 Såsom
294 1563 167 26 kapitalökning
474 1563 33 20 för
520 1564 219 20 arrendelånefonden
754 1565 87 19 anvisas
855 1566 33 18 ett
901 1565 75 26 anslag
989 1571 28 14 av

220 1591 40 20 300
269 1591 41 21 000
325 1592 31 20 kr.
372 1592 35 26 (r).

180 1665 11 17 -

205 1663 43 20 RD
259 1664 72 19 avslår
341 1664 83 20 motion
435 1670 35 14 om
481 1665 40 19 den
532 1666 59 19 stora
601 1666 235 20 arrendatorsklassens
847 1666 120 26 tryggande
977 1667 39 19 och

219 1693 109 26 frigörelse
338 1695 58 18 samt
405 1694 26 20 de
440 1694 80 20 talrika
531 1695 153 26 ofullständiga
694 1695 144 26 jordbrukens
848 1696 169 26 komplettering

219 1723 49 20 med
282 1723 135 26 tilläggsjord
431 1729 76 21 genom
522 1724 40 26 lag.

180 1784 10 17 a

206 1782 42 19 RD
267 1782 103 24 anhåller,
389 1784 35 19 att
442 1783 63 20 KM:t
523 1784 49 20 ville
591 1785 125 19 överlämna
735 1785 110 20 motionen
865 1785 39 20 FK
922 1785 27 20 82
967 1790 48 21 ang.

219 1812 138 20 arrendators
369 1814 45 18 rätt
426 1813 33 20 till
471 1814 122 26 ersättning
604 1820 28 14 av
644 1814 113 26 jordägare
769 1814 34 21 för
814 1815 143 25 täckdikning
968 1821 49 14 var-

220 1841 32 20 till
263 1842 134 26 statsbidrag
408 1843 74 26 utgått
492 1843 33 20 till
538 1843 52 20 1936
602 1844 34 19 års
647 1844 208 26 arrendeutredning
865 1844 34 20 för
909 1846 35 18 att
955 1846 61 24 tagas

221 1871 67 20 under
303 1872 150 25 övervägande
468 1872 37 20 vid
520 1872 146 26 fullgörandet
680 1879 28 14 av
723 1873 48 20 dess
786 1874 105 26 uppdrag.

181 1934 10 15 &

207 1930 41 20 RD
265 1931 103 24 anhåller,
386 1933 35 18 att
437 1932 64 20 KM:t
517 1932 48 20 ville
583 1933 124 20 överlämna
724 1933 110 20 motionen
853 1933 39 20 AK
910 1934 41 19 254
967 1939 48 21 ang.

219 1960 175 21 tillförsäkrande
406 1961 23 20 åt
440 1962 58 20 vissa
510 1962 151 20 arrendatorer
672 1968 28 14 av
712 1963 88 20 husrum
813 1963 38 20 och
864 1963 113 20 vedbrand
989 1964 27 26 på

220 1990 74 20 livstid
306 1990 47 21 från
366 1990 60 21 förut
437 1992 130 20 arrenderad
579 1992 105 26 fastighet
695 1992 33 20 till
741 1992 52 21 1936
806 1993 34 20 års
852 1993 165 20 arrendeutred-

220 2020 51 27 ning
286 2020 34 20 för
335 2022 35 18 att
386 2022 60 25 tagas
462 2021 68 20 under
546 2022 150 25 övervägande
712 2022 36 20 vid
765 2022 145 26 fullgörandet
925 2029 28 14 av
969 2023 48 19 dess

220 2050 106 26 uppdrag.

1312 229 96 16 Utskotts-

1481 229 55 17 Riks-

1301 255 117 31 utlåtanden,
1474 256 70 30 dagens
1651 248 69 34 ÄRAS

1284 289 94 16 memorial
1392 289 43 16 eller
1485 285 46 30 skri-
1593 273 140 42 Förkantiagar

1047 308 25 20 År
1295 318 130 17 betänkanden
1478 319 59 17 velser
1619 307 87 21 (protnr)

1275 372 16 50 Ä
1318 372 15 50 Z
1357 385 90 16 Nummer|
1464 385 91 16 Nummer
1587 373 59 41 RR
1712 374 35 39 Re

1312 424 25 63 =S
1660 440 2 12 |

1032 472 56 21 1936
1660 474 1 30 |

1347 512 1 21 |
1660 506 1 19 I

1347 557 1 4 |
1660 568 2 27 |

1346 624 1 3 rd
1660 608 2 37 |

1304 668 2 36 (ae
1661 674 1 38 |

1305 714 1 3 för
1661 714 1 12 |

1304 731 43 17 Fr
1661 735 1 14 |

1346 749 1 3 |
1661 750 1 18 I

1346 763 1 40 i
1661 773 1 31 |

1346 806 1 4 |
1661 805 1 12 |

1346 856 1 50 |
1661 855 1 30 |

1033 1010 53 20 1936
1281 1010 12 20 91
1322 1010 68 20 2146
1488 1011 41 20 259
1564 1012 33 20 134:
1609 1014 24 17 52
1645 1012 54 20 dl34:
1710 1014 25 17 84
1746 1012 13 20 d

1304 1086 1 14 I

1346 1103 1 7 öl

1304 1119 1 23 |

1034 1248 53 20 1936
1281 1248 13 19 91
1323 1249 68 19 2147
1512 1261 15 1 —
1565 1250 33 20 134:
1609 1252 25 18 63
1645 1250 54 20 dj34:
1711 1252 24 17 92

1661 1291 2 34 |

1035 1372 52 21 1937
1269 1372 38 32 101
1317 1374 57 19 —1-1
1392 1376 59 17 85106)
1517 1373 116 21 9-117:27138
1668 1375 66 19 15:89

1305 1412 2 16 I

1035 1446 52 49 1937
1270 1449 73 34 10|—]
1365 1464 26 19 27
1406 1466 45 16 s.15]
1503 1463 26 20 93
1567 1464 67 20 -|18:23
1645 1465 54 19 dl17:
1711 1467 24 17 85
1746 1465 12 19 d

1035 1563 51 21 1937
1270 1564 74 20 10|—]|
1365 1565 26 19 27
1406 1567 43 17 s.21
1503 1565 131 21 93:-118:-35
1669 1566 66 20 17:95

1035 1665 53 20 1937]
1112 1677 13 1 —
1282 1666 54 19 9/2)
1365 1666 25 20 24
1566 1668 32 19 22:
1605 1660 29 26 68
1645 1667 54 20 d|21:
1711 1669 24 17 70

1034 1784 53 20 1937
1282 1785 109 20 91:2,)-25
1492 1786 38 19 130
1566 1787 68 19 .,122::78..
1667 1787 32 19 121:
1712 1788 23 17 70

1035 1927 53 38 1937
1283 1931 66 24 91.21
1366 1935 26 19 26
1493 1935 99 20 131.122:
1611 1937 23 17 74.
1667 1935 22 20 121:
1712 1937 23 17 70

1306 1968 1 20 |
1348 1963 1 10 I

1348 2005 1 15 I

1348 2024 1 15 I

1348 2040 1 21 |
