1831 2353
770 149 223 18 SAKREGISTER

94 435 160 27 Avsöndringar
268 443 28 14 m.
305 443 28 14 m,

109 465 61 21 Inom
185 466 123 21 Malmöhus
323 467 42 20 län:

95 497 11 18 8
121 495 42 21 RD
186 496 127 26 godkänner
335 497 26 20 de
384 497 78 21 mellan
485 498 231 28 arméförvaltningens
738 500 196 21 fortifikationsde-

134 527 132 25 partement,
277 527 12 20 å
299 532 48 18 ena,
358 528 58 19 samt
426 527 142 22 Landskrona
578 529 58 24 stad,
646 529 12 20 å
668 529 68 21 andra
746 530 70 25 sidan,
826 531 109 26 ingångna

134 555 138 26 preliminära
282 556 61 20 avtal
354 562 36 14 om
400 557 128 27 försäljning
537 564 29 14 av
576 559 44 20 viss
630 559 34 20 del
675 561 53 18 utav
739 560 38 20 det
786 567 17 14 s.
812 561 21 20 k.
844 561 90 20 kasern-

135 585 99 20 området
248 585 6 20 i
268 586 95 20 nämnda
377 586 50 21 stad
440 587 50 20 med
504 587 52 21 därå
570 588 112 27 befintliga
696 589 126 27 byggnader
834 592 59 18 samt
906 596 28 14 av

135 614 41 20 den
192 616 59 25 yttre
267 615 62 20 delen
345 617 55 19 utav
415 616 142 22 Landskrona
573 618 71 26 gamla
660 618 203 27 fästningsområde.

96 676 11 17 9
121 673 43 21 RD
184 674 111 26 medgiver
314 675 128 27 försäljning
461 682 29 14 av
509 677 45 20 dels
573 678 202 26 kronoegendomen
795 679 36 27 1/,,
851 680 83 20 mantal

135 704 74 26 Väsby
225 710 25 14 nr
264 704 13 20 3
292 704 41 26 (3?)
348 705 43 20 litt.
407 705 34 21 Ab
456 706 7 20 i
479 706 103 27 Höganäs
597 708 85 24 socken,
699 708 45 20 dels
759 709 40 20 ock
813 709 121 26 jordlägen-

135 733 65 20 heten
216 733 102 27 Höganäs
333 740 26 14 nr
375 735 7 19 1
400 735 115 26 (gammalt
529 742 26 14 nr
568 737 36 25 35)
619 737 6 20 i
640 743 83 15 samma
737 739 86 20 socken.

109 792 62 20 Inom
185 792 106 27 Göteborgs
304 794 36 20 och
355 794 71 21 Bohus
440 795 42 20 län:

83 824 23 18 10
121 821 42 21 RD
177 822 118 27 medgiver,
308 825 35 19 att
356 824 41 20 den
411 826 46 19 rätt
469 825 84 21 kronan
567 826 35 20 må
615 828 41 25 äga
669 827 33 20 till
716 827 26 20 de
755 828 178 24 hamnområden,

134 858 46 14 som
202 852 143 27 undantagits
363 853 47 21 från
429 854 41 21 den
488 861 29 14 av
536 855 52 21 1917
606 856 35 20 års
658 856 43 21 RD
720 857 112 21 beslutade
849 858 85 26 försälj-

135 882 78 26 ningen
233 882 33 20 till
283 882 181 22 Klädesholmens
481 885 222 27 municipalsamhälle
719 893 29 14 av
764 887 169 21 Klädesholmen

134 911 40 20 och
190 912 123 21 Koholmen
329 919 29 14 m.
370 913 22 20 fl.
409 914 90 24 holmar,
515 915 36 20 må
566 915 33 21 till
615 916 115 21 samhället
744 918 54 19 utan
813 914 121 34 ersättning

134 942 82 23 avstås,
229 942 50 20 med
292 943 125 26 skyldighet
429 944 34 20 för
475 944 115 21 samhället
602 947 36 19 att
650 946 56 21 hålla
720 946 120 21 hamnarna
854 947 6 20 i
872 947 61 27 fråga

134 971 133 27 tillgängliga
281 972 34 20 för
327 973 93 20 allmänt
432 974 177 21 hamnändamål.

109 1030 61 20 Inom
187 1027 110 31 Älvsborgs
313 1032 43 20 län:

82 1063 22 16 11
120 1060 82 27 Avslag
213 1061 12 20 å
238 1061 108 21 motioner
358 1068 35 14 om
406 1063 133 21 kostnadsfri
552 1065 126 20 överlåtelse
691 1072 28 14 av
731 1066 157 26 äganderätten
901 1067 33 20 till

134 1096 26 14 en
173 1092 73 19 staten
260 1091 102 27 tillhörig,
376 1092 34 20 för
423 1093 137 26 uppförande
573 1100 28 14 av
614 1094 141 22 läkarbostad
769 1096 6 20 i
790 1096 44 20 Eds
847 1097 87 25 provin-

134 1120 191 21 sialläkardistrikt
339 1122 88 20 använd
441 1124 64 19 tomt.

82 1181 23 17 12
121 1179 42 20 RD
179 1180 111 26 medgiver
305 1181 128 27 försäljning
448 1188 29 14 av
492 1184 34 19 ett
541 1184 159 24 markområde,
716 1185 131 20 tillhörande
862 1185 70 27 lägen-

134 1209 65 20 heten
221 1210 107 26 Flyksnäs
350 1211 69 20 under
440 1212 242 22 landsfiskalsbostället
704 1214 112 21 Kråkered
838 1215 6 20 i
867 1215 66 20 Sätila

134 1239 85 20 socken.

108 1298 60 20 Inom
186 1299 126 27 Skaraborgs
328 1300 42 20 län:

82 1330 22 17 13
120 1328 42 20 RD
175 1329 111 26 medgiver
298 1330 128 27 försäljning
438 1337 29 14 av
479 1332 55 20 visst
547 1333 88 19 område
648 1339 28 14 av
688 1333 131 26 fastigheten
833 1335 27 25 1/,
873 1340 61 14 man-

133 1358 30 20 tal
178 1358 53 21 Lilla
246 1358 110 22 Mosskärr
370 1360 5 20 i
390 1360 114 27 Mölltorps
518 1362 85 20 socken.

81 1413 23 17 14
121 1412 41 19 RD
179 1412 111 27 medgiver
305 1414 142 27 nedsättning
463 1421 28 14 av
507 1416 144 21 saluvärdena
666 1417 13 20 å
695 1417 94 21 lotterna
805 1418 43 20 litt.
864 1418 26 23 A,
907 1418 26 24 B,

133 1441 15 20 C
164 1442 40 20 och
221 1442 20 20 D
256 1448 29 15 av
300 1443 203 27 kronoegendomen
521 1445 25 27 3/4
561 1446 83 20 mantal
659 1446 107 21 Brandsöl
782 1453 25 14 nr
821 1448 13 19 2
849 1448 84 20 Anders

133 1471 163 27 Bengtsgården
312 1473 5 19 i
333 1473 113 21 Särestads
460 1475 86 20 socken.

81 1526 23 17 15
120 1525 42 19 RD
175 1525 112 26 medgiver
300 1527 141 27 nedsättning
453 1534 28 14 av
494 1528 126 21 saluvärdet
632 1530 12 20 å
658 1530 41 20 den
711 1530 49 20 från
772 1531 162 26 kronoegendo-

134 1560 48 15 men
197 1555 8 20 1
220 1556 84 20 mantal
319 1556 79 21 Istrum
412 1563 25 14 nr
450 1558 9 19 1
474 1557 116 27 Storegård
603 1559 39 20 och
658 1560 24 26 14
693 1560 84 20 mantal
791 1560 80 21 Istrum
884 1567 25 14 nr
920 1562 13 19 2

135 1584 104 27 Lillegård
258 1586 4 19 i
284 1585 90 21 Istrums
391 1587 78 20 socken
487 1588 33 20 till
537 1589 129 26 försäljning
682 1589 128 27 ifrågasatta
828 1591 68 20 lotten
914 1591 19 20 V

134 1613 100 21 »Motan».

82 1669 21 17 16
120 1667 42 20 RD
179 1668 110 26 medgiver
305 1669 128 27 försäljning
449 1676 28 14 av
493 1671 57 20 vissa
567 1672 103 20 områden
687 1679 28 13 av
732 1673 200 26 kronoegendomen

134 1698 27 26 1/3
175 1698 83 20 mantal
272 1698 84 21 Kleven
371 1705 25 14 nr
411 1700 8 19 1
435 1700 6 19 i
454 1700 108 21 Bredviks
574 1702 86 20 socken.

81 1752 22 17 17
121 1750 41 20 RD
185 1751 118 26 medgiver,
326 1754 35 18 att
383 1753 127 26 lägenheten
534 1755 131 21 Hörbäcken
688 1756 68 20 under
777 1757 156 20 förutvarande

133 1780 202 27 kronoegendomen
350 1783 28 26 1/,
392 1783 83 20 mantal
489 1784 79 26 Sjöryd
581 1791 26 14 nr
619 1785 14 21 2
647 1785 55 21 Olov
715 1785 164 28 Andersgården
894 1787 39 20 och

133 1811 28 25 !/,
168 1811 84 20 mantal
262 1811 78 27 Sjöryd
350 1818 26 14 nr
384 1813 12 19 3
407 1813 46 20 Nils
463 1813 181 28 Gunnarsgården
654 1815 6 20 i
669 1810 30 25 Ås
708 1816 78 20 socken
796 1816 35 20 må
840 1816 33 21 till
883 1817 51 19 ned-

133 1841 46 19 satt
199 1841 115 20 saluvärde
336 1841 107 27 försäljas;
466 1843 40 20 och
528 1844 143 27 bemyndigas
693 1845 63 20 KM:t
777 1847 35 19 att
832 1846 100 26 medgiva

133 1869 142 28 nedsättning
287 1877 28 14 av
327 1872 127 20 saluvärdet
466 1873 12 20 å
491 1873 183 27 kronoegendom,
688 1875 39 20 där
738 1875 129 27 försäljning
879 1876 54 20 skall

133 1899 37 20 ske
186 1900 49 20 med
252 1900 95 21 hembud
363 1901 51 21 eller
430 1902 69 21 under
514 1903 58 21 hand
588 1904 34 20 till
637 1904 44 20 viss
696 1905 81 26 köpare
794 1905 39 21 och
849 1902 84 35 försälj-

133 1928 138 28 ningsfrågan
288 1931 45 20 före
351 1931 53 21 1932
420 1932 34 20 års
470 1933 82 26 utgång
567 1934 59 20 varit
642 1934 134 21 underställd
793 1935 61 20 RD:s
870 1938 64 24 pröv-

133 1964 57 21 ning.

81 2013 22 18 18
119 2011 42 21 RD
177 2013 85 21 bifaller
278 2020 60 20 prop.
355 2021 48 19 ang.
420 2016 129 27 försäljning
564 2023 28 14 av
608 2019 84 19 statens
708 2018 226 27 spannmålslagerhus

133 2042 5 19 i
154 2042 64 20 Vara.

1643 154 39 20 163

1219 225 107 30 Utskotts-
1385 226 68 30 Riks-
1486 214 23 2 FS
1551 215 17 1 å

1004 250 66 35 Kungl.
1124 276 3 3 ;
1208 251 127 34 utlåtanden,
1391 260 69 21 dagens
1522 249 115 34 Farrer

1017 283 53 19 Maj:ts]
1082 276 93 17 Motioner
1201 289 96 16 memornal.
1310 289 44 17 sier
1402 290 44 16 ÅL.
1511 279 139 20 förhandlingar

962 307 26 20 År
1016 317 51 14 Iprop:r
1211 314 132 29 betänkanden
1395 320 57 16 velser
1536 309 87 20 (prot.nr)

1015 339 46 26 eller
1204 365 4 4 -
1374 340 34 25 kg
1636 357 40 2 CE

1016 373 55 14 RE
1085 383 86 17 FKIAK
1192 372 17 38 :
1234 379 16 43 Z
1274 385 90 17 Nummer|
1381 386 90 16 Nummer
1493 375 27 40 Sr
1597 376 54 40 rer

1192 411 16 12 3
1559 411 4 4 ;
1661 412 3 4 ;

953 502 166 21 1058122:)=>
1145 516 28 2 ol
1207 504 13 20 Bl
1314 505 26 20 28
1420 507 27 19 97
1484 506 67 20 118:39
1556 495 32 41 |
1599 507 67 20 19:39

1264 560 2 11 I
1579 576 1 3 I

1264 576 2 18 |
1579 584 1 50 |

1264 599 2 9 I

952 681 110 20 19391130
1091 694 26 2 1]
1145 694 27 2 —=1
1195 683 25 19 10)
1234 674 32 47 —
1314 684 26 19 60
1352 673 32 42 |
1408 685 39 20 159
1482 685 69 19 28:38
1559 673 27 42 |
1597 685 69 20 30:88

1229 725 23 59 =S
1579 730 1 22 |

1126 776 2 26 |
1222 773 43 33 Fr
1578 794 2 28 |

952 829 100 20 1939)-41
1091 842 26 2 ==
1121 817 12 44 |
1144 842 28 3 —
1195 831 66 20 1101
1317 832 23 20 12
1421 834 26 19 65
1485 833 66 20 [14:99
1578 823 2 43 |
1586 823 80 43 15:98

1127 890 1 3 |
1578 877 2 21 I

1126 940 2 17 I

1127 966 1 18 |
1578 983 1 6 |

951 1068 54 20 1933]
1029 1080 27 2 —
1064 1057 21 51 |
1097 1068 31 25 25)
1151 1069 110 35 5510—
1313 1071 23 19 41
1426 1084 19 2 —
1482 1071 33 20 123:
1527 1073 24 17 50
1562 1060 24 41 dl
1597 1072 33 20 25:
1642 1075 23 17 97

1126 1128 2 48 |
1579 1136 1 36 |

952 1187 53 20 1933]
1024 1186 38 20 150
1090 1177 38 41 —1|
1153 1188 108 19 —]10)—1
1314 1189 22 19 61
1349 1173 47 49 |.
1409 1191 38 19 160
1482 1190 69 20 28:88
1578 1185 2 33 |
1585 1185 81 33 30:88

951 1335 54 20 1933]
1029 1335 26 20 38
1065 1326 27 42 |
1090 1330 38 34 —|
1169 1336 92 20 —]10]—
1328 1338 12 18 9
1420 1339 26 20 62
1483 1338 68 20 14:99
1578 1336 2 16 |
1599 1340 67 20 15:98

1018 1365 21 20 pt
1055 1365 5 15 1
1126 1366 2 22 I
1578 1366 2 3 I

951 1418 54 21 1989
1029 1418 26 21 165;
1069 1403 10 49 |]
1091 1407 37 40 =
1153 1431 19 2 hrs
1195 1420 24 20 bl0l
1420 1423 26 20 69
1484 1421 31 20 |14:
1528 1412 52 34 100
1566 1405 18 48 |
1599 1423 31 20 15:
1642 1425 24 17 99

1019 1449 21 19 pt
1053 1448 10 16 3
1126 1455 2 13 |
1264 1447 1 6 I
1578 1447 2 6 I

1127 1493 97 39 L
1578 1498 2 18 |

951 1532 54 20 1933]
1029 1532 26 20 65
1062 1520 26 50 |
1097 1530 31 36 —|
1163 1533 95 20 —]10/—]
1317 1535 22 19 17
1420 1536 26 20 69
1483 1535 32 20 |14:
1528 1526 52 29 100
1566 1522 22 43 |
1599 1537 31 19 15:
1642 1539 24 17 99

1018 1563 21 19 pt
1053 1562 10 15 4
1126 1570 2 21 |
1222 1554 2 19 |
1579 1552 1 33 |

1126 1594 2 15 |
1222 1584 43 29 EE
1579 1587 1 23 |

1126 1634 2 7 |
1224 1621 39 51 AN
1579 1628 1 35 |

952 1674 53 21 1933]
1029 1675 27 19 65
1144 1687 28 3 SE
1193 1664 31 60 10)
1316 1677 23 19 a
1420 1679 26 18 69
1484 1678 31 19 14:
1528 1675 52 27 100
1565 1666 22 42 |
1600 1679 30 20 15:
1642 1681 24 17 99

1019 1705 21 20 pt
1053 1704 10 16 5
1126 1701 2 3 |
1222 1724 1 4 I
1579 1704 1 14 |

952 1758 53 19 1933]
1023 1758 39 19 114
1104 1718 24 137 i
1144 1751 117 34 —EH0)2
1314 1761 26 18 8000)
1408 1762 38 19 rade
1482 1761 69 20 20:68
1579 1719 1 66 |
1597 1762 33 20 24:
1643 1765 23 16 19

1222 1786 2 16 I

1222 1804 2 28 |

1127 1858 1 12 |
1264 1845 1 7 |

1127 1882 1 19 |

1127 1905 1 17 I
1579 1913 1 6 I

1127 1928 1 32 |
1579 1920 1 49 |

1579 1971 1 9 |

1579 1982 1 26 |

952 2020 53 20 1933]
1024 2020 38 20 128
1066 2009 21 54 |
1091 2027 38 32 —|
1145 2020 116 21 —]10—]
1314 2022 26 20 59
1409 2023 38 20 158
1483 2023 68 21 28:38
1579 2019 2 32 |
1597 2024 70 20 30:88

1128 2067 1 10 I
