1864 2359
160 149 43 21 250
894 155 137 16 SAKREGISTER

180 432 129 26 Berzelius,
325 433 28 27 J.,
369 434 198 21 domänintendent.

210 466 54 25 Ang.
288 464 117 21 understöd
428 465 22 20 åt
471 464 53 20 hans
540 464 64 24 änka;
622 470 21 14 se
659 462 123 26 Pensioner,
799 463 119 25 föreslagna
933 469 50 13 men
999 463 19 26 ej

225 494 107 27 beviljade
349 494 79 27 (1928).

182 552 144 28 Besiktning
341 561 27 14 av
383 553 149 21 ecklesiastika
548 552 115 24 boställen;
680 559 22 14 se
718 551 100 22 Arrende
833 551 107 27 (1928:1).

182 612 181 27 Besiktningar,
379 613 165 26 medikolegala;
562 619 21 14 se
600 611 160 28 Medikolegala
776 611 154 26 besiktningar.

182 671 214 28 Besiktningsmän
411 671 41 22 vid
468 671 140 24 slakterier;
624 679 22 13 se
662 670 207 28 Exportslakterier,
881 670 140 21 Pensionsvä-

226 710 37 15 sen
279 703 72 27 (1927:
362 708 17 19 9;
398 703 63 21 1928:
473 703 39 25 14).

183 761 212 28 Besittningsrätt;
411 770 22 13 se
448 755 99 29 Åborätt.

182 822 176 27 Beskattning;
384 830 22 14 se
430 821 159 28 Bevillningar,
613 821 104 21 Inkomst-
741 820 37 22 och
796 819 224 29 förmögenhetsskatt,

228 852 196 26 Kommunalskatt,
443 851 117 28 Taxering.

182 912 193 27 Beskickningar
392 912 46 21 och
452 910 123 23 konsulat.

185 950 8 15 1
211 944 39 21 RD
266 945 130 20 bestämmer
412 943 81 21 antalet
508 942 208 26 befattningshavare
732 942 12 19 å
760 940 44 21 ord.
821 942 42 19 stat
878 941 33 19 för
927 940 94 20 beskick-

227 975 76 25 ningar
318 974 40 20 och
374 973 110 24 konsulat;
511 973 40 20 och
566 972 123 26 godkänner
704 972 38 19 RD
758 973 48 22 stat,
823 972 31 19 att
869 970 110 27 tillämpas
995 970 25 20 fr.

227 1011 19 13 o.
263 1011 29 13 m.
309 1005 23 19 år
350 1003 62 26 1922,
436 1005 56 18 samt
514 1004 42 19 stat
574 1003 32 19 för
625 1001 126 26 ortstillägg;
778 1001 40 20 och
836 1000 102 27 uppföres
953 1000 69 20 under

228 1034 32 19 3:e
277 1034 40 19 HT
333 1033 50 20 med
398 1032 136 21 uteslutande
551 1039 25 13 av
592 1032 26 20 de
634 1031 68 21 under
718 1031 125 20 rubrikerna
858 1030 164 26 beskickningar

227 1064 40 20 och
293 1063 102 20 konsulat
420 1062 40 20 och
486 1061 219 25 vikariatsersättning
730 1060 37 20 vid
793 1060 164 25 beskickningar
982 1060 39 19 och

227 1093 101 20 konsulat
351 1094 57 19 samt
430 1091 134 27 lönefyllnad
587 1091 34 20 till
642 1091 57 20 vissa
717 1090 234 25 konsulsbefattningar
969 1095 52 20 upp-

226 1123 63 20 förda
304 1122 44 21 ord.
365 1122 108 26 anslagen,
489 1121 68 20 under
572 1121 101 20 rubriken
690 1120 164 25 beskickningar
869 1119 39 20 och
921 1119 101 20 konsulat

226 1154 31 19 ett
267 1152 45 21 ord.
323 1151 165 27 förslagsanslag
499 1152 13 19 å
523 1151 62 20 1715
593 1150 43 21 000
645 1151 38 23 kr.;
695 1150 39 20 och
745 1149 122 26 godkänner
878 1149 37 20 RD
926 1149 95 20 arvodes-

227 1184 42 19 stat
292 1182 40 20 och
355 1183 42 19 stat
419 1182 34 19 för
475 1181 118 25 ortstillägg
616 1181 32 19 för
664 1180 42 20 viss
722 1182 59 18 extra
797 1179 98 26 personal
910 1179 7 19 i
933 1179 87 20 utrikes-

227 1212 204 27 representationen;
448 1211 40 20 och
504 1211 90 26 beviljas
610 1210 33 20 till
659 1209 93 21 arvoden
768 1209 39 20 och
818 1209 118 25 ortstillägg
946 1209 22 19 åt
979 1209 42 20 viss

227 1244 61 18 extra
303 1241 98 27 personal
416 1242 8 19 i
440 1240 277 27 utrikesrepresentationen
728 1240 12 19 å
751 1241 60 18 extra
826 1241 42 18 stat
883 1240 31 18 ett
924 1238 96 26 förslags-

227 1272 73 25 anslag
316 1278 26 14 av
359 1271 41 20 237
411 1271 42 20 000
470 1271 38 24 kr.;
525 1271 39 19 och
581 1270 101 26 uppföres
695 1269 68 20 under
776 1268 32 21 3:e
819 1269 40 19 HT
869 1268 33 20 till
913 1268 107 26 tillfälliga

227 1301 154 28 diplomatiska
403 1301 40 20 och
466 1300 115 21 konsulära
604 1301 71 25 poster
691 1300 6 19 i
714 1298 98 21 utlandet
830 1299 12 19 å
858 1300 59 18 extra
933 1300 43 18 stat
991 1300 31 18 ett

227 1331 169 26 förslagsanslag,
414 1331 68 25 högst,
500 1330 27 20 30
537 1330 42 20 000
596 1330 37 23 kr.;
651 1329 39 20 och
708 1329 89 26 beviljas
813 1328 34 20 till
863 1330 59 18 extra
936 1328 84 20 ortstill-

227 1362 48 25 lägg
290 1362 22 19 åt
327 1361 106 20 ordinarie
449 1361 39 19 och
505 1362 59 18 extra
581 1359 97 27 personal
694 1359 7 20 i
717 1358 276 27 utrikesrepresentationen
1009 1358 12 19 å

164 1416 1 3 |
227 1394 59 18 extra
309 1393 42 18 stat
370 1392 30 19 ett
418 1390 171 26 förslagsanslag,
606 1390 68 25 högst,
692 1388 41 20 500
743 1388 42 21 000
802 1389 38 23 kr.;
857 1388 39 20 och
913 1387 109 27 medgiver

163 1428 2 22 |
227 1422 38 19 RD
288 1423 32 18 att
343 1420 143 21 kostnaderna
509 1420 33 20 för
565 1419 41 21 den
622 1420 7 19 i
645 1419 47 20 avd.
710 1419 17 20 B
744 1425 64 13 mom.
828 1418 26 20 12
870 1418 7 19 i
893 1418 79 25 förslag
987 1417 34 21 till

163 1452 1 28 I
228 1451 126 26 kungörelse
370 1450 92 21 avsedda
478 1450 84 20 förmån
579 1450 36 19 må
631 1449 103 20 bestridas
750 1455 26 13 av
792 1448 41 20 den
848 1448 8 19 i
867 1448 155 25 avlöningsstat

163 1482 1 25 I
227 1481 33 20 för
276 1481 163 25 beskickningar
449 1480 40 20 och
501 1479 100 20 konsulat
612 1479 107 26 uppförda
730 1478 159 26 anslagsposten
898 1477 124 26 avlöningar

162 1510 1 19 |
227 1511 22 20 åt
265 1510 104 20 ordinarie
386 1511 130 25 tjänstemän
533 1511 56 18 samt
604 1511 32 18 att
646 1508 119 21 kostnaden
776 1508 33 19 för
820 1507 201 26 begravningshjälp

162 1532 1 30 |
227 1541 22 19 åt
271 1540 81 20 dödsbo
368 1540 54 20 efter
437 1539 86 20 avliden
539 1539 130 26 tjänsteman
686 1539 6 19 i
710 1538 119 25 befattning
844 1539 108 24 upptagen
968 1537 7 20 i
991 1544 29 12 ar-

162 1583 1 15 |
227 1570 134 20 vodesstaten
377 1570 34 19 för
426 1569 42 20 viss
484 1571 60 18 extra
560 1568 97 27 personal
674 1568 6 20 i
696 1567 276 26 utrikesrepresentationen
986 1567 36 19 må

227 1600 104 20 bestridas
346 1607 26 13 av
388 1599 36 20 det
439 1599 33 20 för
488 1605 83 14 samma
587 1598 131 20 arvodesstat
733 1597 93 21 avsedda
841 1596 79 26 anslag.

160 1677 3 4 |
183 1659 10 15 2
211 1653 49 20 Ord.
285 1653 186 26 förslagsanslaget
494 1652 33 20 till
546 1652 239 26 ekiperingspenningar
800 1651 60 26 höjes
876 1650 50 20 med
943 1650 26 20 15
978 1649 42 21 000

162 1689 1 12 |
227 1683 31 20 kr.
276 1683 33 20 till
326 1683 27 19 30
363 1682 42 21 000
421 1683 31 19 kr.

161 1738 2 18 |
184 1742 9 15 3
211 1737 37 20 RD
264 1737 84 26 uppför,
365 1737 8 19 i
388 1736 72 21 stället
475 1736 33 20 för
523 1735 37 21 det
575 1735 123 21 nuvarande
714 1734 105 21 ordinarie
833 1733 110 21 bestämda
954 1734 66 20 ansla-

226 1769 34 24 get
283 1767 33 20 till
339 1765 332 26 kontorskostnadsersättningar
694 1765 22 20 åt
734 1764 76 20 lönade
828 1763 106 25 konsuler,
953 1764 68 20 under

226 1803 84 14 samma
333 1796 73 20 rubrik
422 1796 8 20 i
445 1796 115 20 riksstaten
582 1795 33 20 för
630 1796 23 19 år
670 1794 56 21 1922
743 1796 30 19 ett
789 1794 43 20 ord.
850 1793 169 27 förslagsanslag,

225 1827 68 25 högst,
312 1826 41 20 120
363 1826 42 20 000
421 1826 26 20 kr

161 1871 87 29 ARD
272 1880 79 27 uppför
373 1880 25 20 fr.
416 1886 18 20 o,
451 1886 28 13 m.
504 1880 23 19 år
552 1879 63 25 1922,
632 1879 7 20 i
655 1878 71 21 stället
751 1879 31 19 för
804 1878 36 20 det
863 1877 45 21 ord.
924 1877 96 26 förslags-

225 1910 96 26 anslaget
331 1910 142 26 ersättningar
483 1909 34 20 till
528 1909 90 20 olönade
628 1908 102 21 konsuler
740 1908 40 20 och
790 1907 153 23 vicekonsuler,
953 1907 68 20 under

226 1971 12 19 å
255 1969 42 21 100
305 1970 42 20 000
364 1969 31 20 kr.

182 2029 9 15 5
209 2023 43 20 Till
276 2023 120 26 personliga
414 2022 137 27 gottgörelser
568 2022 33 20 för
616 2021 91 21 mistade
723 2021 191 26 konsulatavgifter
930 2021 90 27 beviljas

1049 248 22 145 IRS3EPsAIA

1106 295 19 105 198[9ALNIS
1105 235 18 48 199

1126 365 18 54 ”doad
1127 295 21 63 sy:fen
1125 238 22 49 [Sun

1165 272 99 17 Motioner]

1324 242 95 18 Utskotts-

1312 272 113 17 utlåtanden

1288 302 47 17 eller
1348 302 99 17 memorial

1492 224 52 17 Riks-

1481 254 72 22 dagens

1495 284 47 17 skri-

1488 314 63 17 velser

1611 254 118 17 Kamrarnas

1596 283 146 23 förhandlingar

1170 380 32 17 FK
1221 380 35 17 |AK

1281 362 17 57 "Twueg

1323 367 17 49 "PAy

1437 370 17 44 BepIs

1490 379 17 27 IN

1537 369 18 45 eps

1585 368 66 17 Första

1581 392 70 17 kamm.

1685 367 66 18 Andra

1682 392 71 17 kamm.

1036 935 55 22 1921

161 1807 1 11 I

160 1886 2 39 |

160 1930 2 62 |
225 1940 102 20 rubriken
343 1940 141 25 ersättningar
499 1939 33 21 till
548 1938 89 21 olönade
648 1938 102 21 konsuler
760 1939 31 19 ett
801 1938 43 20 ord.
857 1937 164 26 förslagsanslag

160 2058 1 22 I

224 2054 28 26 på
268 2055 61 18 extra
344 2054 43 19 stat
402 2054 31 18 ett
448 2052 169 26 förslagsanslag,
635 2052 67 26 högst,
720 2052 12 19 5
742 2051 42 20 000
800 2051 32 20 kr.

1109 936 41 20 1:3

1101 1001 16 21 3,
1124 1000 34 23 4,5

1110 1651 8 19 -—

1135 1734 14 52 NW
1127 1650 23 53 PY

1109 1877 40 21 1:3

1181 936 27 20 89

1367 937 40 20 3A!
1439 941 24 15 20

1440 1655 24 15 36

1440 1739 24 15 37

1330 2020 77 20 TIGA

1482 937 12 19 3
1504 937 52 20 Al20

1484 1651 39 20 3A

1474 1735 22 35 |3
1504 1731 53 43 4135

1483 1877 40 20 3A

1533 1883 23 15 35

1482 2020 12 20 3
1504 2020 52 20 Al36

1667 819 1 33 |

1667 864 2 26 |

1579 937 34 20 42:
1624 936 41 21 24d|
1688 936 34 21 53:
1733 941 24 16 58

1618 1658 3 12 :
1633 1655 24 15 33
1658 1646 22 34 |
1690 1650 33 20 53:
1734 1655 25 16 58

1587 1734 34 19 42:
1633 1738 24 16 88
1659 1729 22 34 |
1690 1733 33 20 53:
1735 1738 24 16 58

1587 1877 70 20 42:83
1659 1873 22 34 |
1689 1877 34 20 53:
1734 1881 25 16 58

1586 2020 34 20 42:
1632 2025 25 15 33
1658 2016 22 34 |
1689 2020 34 20 53:
1734 2025 24 16 58
