1816 2339
152 76 38 19 274

839 74 223 20 SAKREGISTER

173 357 23 15 13

173 417 24 14 14

173 476 23 15 15

173 566 23 15 16

173 715 23 14 17

173 804 23 15 18

172 923 23 14 19

170 1071 25 14 20

171 1249 23 14 21

172 1367 24 15 22

171 1486 24 15 23

171 1635 25 14 24

168 263 199 25 Fastighetsfond,
376 263 93 20 Statens
479 262 119 21 allmänna

215 293 46 23 kr.;
279 293 44 20 och
339 293 94 20 anvisar
450 292 38 20 RD
505 292 35 20 till
557 292 130 25 ersättning
703 292 34 20 till
754 292 89 20 statens
859 291 124 20 domäners
999 290 56 20 fond

215 322 37 21 för
261 322 112 25 upplåten
383 322 68 20 mark
462 322 26 20 16
497 322 41 20 900
549 322 34 20 kr.

215 352 39 20 RD
271 352 94 20 anvisar
379 352 35 20 till
430 352 129 25 ersättning
574 352 34 20 till
624 352 88 20 statens
728 351 120 20 allmänna
862 349 192 26 fastighetsfond:

215 382 246 25 slottsbyggnadernas
472 381 95 21 delfond
578 381 41 20 770
629 381 42 20 000
682 381 34 20 kr.

215 412 40 20 RD
271 412 94 20 anvisar
379 411 35 21 till
429 411 130 25 ersättning
574 411 35 20 till
624 412 89 19 statens
728 411 119 20 allmänna
863 409 191 26 fastighetsfond:

214 441 249 26 byggnadsstyrelsens
473 441 95 20 delfond
580 441 9 19 1
601 440 41 20 432
652 440 42 21 000
705 441 34 19 kr.

215 471 39 20 RD
271 471 93 20 anvisar
379 471 35 20 till
430 471 129 25 ersättning
574 470 34 21 till
624 470 89 20 statens
728 470 119 20 allmänna
862 469 192 26 fastighetsfond:

214 501 36 20 till
265 501 248 25 byggnadsstyrelsens
529 500 95 21 delfond
641 499 62 21 1502
713 500 42 20 000
771 500 34 20 kr.
820 499 44 20 och
879 499 34 21 till
929 498 127 26 lotsstyrel-

215 537 53 14 sens
279 530 95 21 delfond
384 531 42 20 387
436 530 41 21 000
489 530 34 20 kr.

215 560 39 21 RD
267 560 94 20 anvisar
372 560 36 20 till
419 560 151 25 avskrivning
582 566 28 14 av
621 565 46 20 nya
678 559 259 26 kapitalinvesteringar
948 559 7 20 i
967 559 89 20 statens

214 591 120 20 allmänna
350 589 182 26 fastighetsfond
548 589 14 21 å
576 590 142 25 tilläggsstat
740 589 20 20 II
783 589 35 20 till
840 588 216 26 byggnadsarbeten

214 620 38 20 vid
269 620 255 25 lantbrukshögskolan
540 619 44 20 och
600 620 88 20 statens
705 618 206 21 lantbruksförsök
926 618 79 21 82500
1021 618 35 20 kr.

214 650 44 20 och
277 650 35 20 till
331 649 217 26 byggnadsarbeten
566 649 38 20 vid
624 649 100 25 Alnarps
744 649 140 23 lantbruks-,
903 648 92 25 mejeri-
1013 648 43 20 och

215 679 219 26 trädgårdsinstitut
444 679 27 21 20
481 679 42 21 000
535 679 34 20 kr.

216 710 39 20 RD
271 709 93 21 anvisar
379 709 35 20 till
429 709 130 25 ersättning
573 709 35 20 till
624 709 88 20 statens
728 708 119 21 allmänna
862 707 192 26 fastighetsfond:

215 739 35 20 till
266 739 245 25 slottsbyggnadernas
527 738 95 21 delfond
637 738 27 21 50
674 738 42 21 000
731 738 35 21 kr.
781 738 43 20 och
839 738 35 20 till
888 738 168 25 byggnadssty-

215 770 88 19 relsens
313 769 95 20 delfond
418 769 42 20 504
469 768 41 21 000
521 769 35 20 kr.

215 799 39 20 RD
271 798 93 21 anvisar
379 798 35 20 till
429 798 130 25 ersättning
573 798 35 20 till
624 798 88 20 statens
728 797 119 21 allmänna
862 797 193 25 fastighetsfond:

214 828 35 20 till
268 828 246 25 slottsbyggnadernas
532 827 95 21 delfond
645 827 27 21 29
682 827 41 20 000
742 827 42 24 kr.,
801 827 35 20 till
854 827 202 25 byggnadsstyrel-

215 864 53 14 sens
294 858 95 20 delfond
415 857 11 21 9
425 857 106 21 142000
558 857 42 24 kr.,
618 857 35 20 till
672 857 103 25 Uppsala
793 857 149 20 universitets
961 856 95 21 delfond

215 888 41 20 927
267 888 42 20 000
322 888 34 20 kr.
368 888 44 19 och
424 887 34 20 till
472 887 79 20 Lunds
563 887 149 20 universitets
725 887 94 20 delfond
832 886 43 21 854
884 887 41 20 000
938 887 34 20 kr.

215 917 39 20 RD
271 917 124 25 medgiver,
411 918 34 19 att
461 917 44 20 den
521 917 13 20 å
550 917 246 25 slottsbyggnadernas
812 916 95 21 delfond
924 922 28 14 av
967 917 89 19 statens

214 947 120 20 allmänna
356 946 182 26 fastighetsfond
560 947 120 24 upptagna
701 946 177 25 anslagsposten
901 946 155 25 reparations-

214 977 44 20 och
277 976 264 21 underhållskostnader
560 982 31 14 m.
610 982 30 14 m.
660 976 37 20 må
716 976 74 20 under
808 976 138 25 budgetåret
965 975 91 21 1951/52

214 1007 148 19 överskridas
381 1007 51 19 med
449 1018 30 2 —
496 1007 82 19 utöver
595 1006 98 25 tidigare
711 1005 114 25 medgivet
842 1005 84 26 belopp
942 1018 30 2 —
988 1005 68 26 högst

214 1036 42 20 200
267 1036 41 20 000
320 1036 34 20 kr.

214 1065 39 20 RD
271 1065 124 25 medgiver,
412 1066 34 19 att
462 1065 44 20 den
523 1065 13 20 å
551 1064 349 26 beskickningsfastigheternas
917 1064 95 21 delfond
1029 1070 27 14 av

214 1096 89 19 statens
325 1095 119 20 allmänna
466 1095 182 25 fastighetsfond
670 1095 75 20 under
766 1094 177 25 anslagsposten
964 1100 92 19 repara-

213 1125 72 20 tions-
303 1125 44 20 och
365 1124 265 21 underhållskostnader
648 1130 30 14 m.
697 1130 30 14 m.
745 1125 120 24 upptagna
883 1124 120 25 delposten
1021 1123 35 21 till

214 1155 156 25 reparations-
383 1155 43 19 och
439 1154 265 20 underhållskostnader
716 1155 8 19 i
737 1154 128 20 allmänhet
878 1160 30 14 m.
921 1160 30 14 m.
964 1154 38 20 må
1014 1159 42 15 un-

214 1185 40 19 der
267 1184 138 25 budgetåret
419 1184 91 20 1951/52
523 1184 148 20 överskridas
684 1184 52 20 med
748 1196 30 3 —
789 1185 82 19 utöver
883 1184 99 25 tidigare
994 1183 62 21 med-

214 1214 61 25 givet
283 1214 85 25 belopp
376 1226 30 2 —
414 1214 69 25 högst
493 1214 26 20 75
529 1214 42 20 000
580 1214 35 20 kr.

214 1244 39 20 RD
270 1244 124 25 medgiver,
411 1244 34 20 att
460 1244 45 19 den
521 1243 13 20 å
549 1243 248 25 byggnadsstyrelsens
813 1243 94 21 delfond
923 1250 30 13 av
967 1244 89 20 statens

214 1274 119 19 allmänna
355 1273 182 25 fastighetsfond
560 1274 119 24 upptagna
701 1273 178 25 anslagsposten
901 1273 155 25 reparations-

213 1303 43 20 och
276 1303 265 20 underhållskostnader
560 1309 30 14 m.
610 1309 29 14 m.
660 1303 37 20 må
716 1303 74 20 under
808 1303 138 25 budgetåret
965 1302 91 21 1951/52

214 1333 148 20 överskridas
372 1333 52 20 med
434 1332 68 26 högst
512 1332 41 21 900
564 1332 41 21 000
616 1333 34 20 kr.

215 1362 38 20 RD
266 1362 124 25 medgiver,
402 1363 34 19 att
448 1362 44 20 den
504 1362 12 20 å
528 1362 173 25 lotsstyrelsens
713 1362 94 20 delfond
819 1368 29 14 av
859 1363 88 19 statens
959 1362 97 20 allmän-

214 1398 30 14 na
260 1392 182 25 fastighetsfond
458 1393 119 24 upptagna
593 1392 177 24 anslagsposten
785 1392 156 25 reparations-
956 1392 44 20 och
1015 1397 41 15 un-

214 1421 231 21 derhållskostnader
459 1427 29 14 m.
503 1427 30 14 m.
547 1421 38 20 må
598 1422 75 20 under
686 1421 137 25 budgetåret
837 1421 91 21 1951/52
942 1421 114 21 överskri-

214 1452 41 19 das
265 1452 52 19 med
327 1451 69 25 högst
406 1451 41 20 110
456 1451 42 20 000
508 1451 34 20 kr.

214 1481 39 20 RD
270 1481 124 25 medgiver,
409 1482 34 19 att
459 1481 44 20 den
518 1481 13 20 å
546 1481 252 25 medicinalstyrelsens
814 1481 95 20 delfond
925 1487 28 14 av
968 1482 88 19 statens

214 1511 119 20 allmänna
355 1510 182 26 fastighetsfond
560 1511 119 24 upptagna
701 1511 178 25 anslagsposten
901 1511 155 25 reparations-

213 1540 44 20 och
276 1540 265 20 underhållskostnader
560 1546 30 14 m.
609 1546 30 14 m.
659 1540 38 20 må
715 1541 75 20 under
808 1540 138 26 budgetåret
965 1540 91 21 1951/52

213 1570 148 20 överskridas
380 1570 52 20 med
449 1582 30 2 —
496 1571 81 19 utöver
595 1570 97 25 tidigare
710 1570 115 25 medgivet
842 1570 84 26 belopp
942 1582 30 3 —
988 1570 68 25 högst

214 1600 42 20 550
266 1600 42 20 000
319 1600 35 20 kr.

214 1629 39 21 RD
270 1630 94 19 anvisar
378 1630 35 20 till
429 1629 130 25 ersättning
573 1629 35 21 till
623 1630 89 19 statens
727 1630 119 20 allmänna
862 1629 193 26 fastighetsfond:

213 1659 248 25 byggnadsstyrelsens
472 1659 95 20 delfond
578 1659 40 20 117
629 1659 41 20 000
682 1659 34 20 kr.

214 1713 39 20 RD
269 1713 94 20 anvisar
378 1713 34 20 till
428 1713 131 25 ersättning
573 1712 35 21 till
624 1713 88 20 statens
728 1713 119 21 allmänna
862 1713 192 25 fastighetsfond:

214 1742 255 25 fångvårdsstyrelsens
482 1742 95 20 delfond
592 1742 61 20 1142
664 1742 41 21 000
719 1742 41 24 kr.,
773 1742 34 21 till
821 1743 130 25 ersättning
963 1743 35 20 till
1011 1743 45 20 sta-

212 1773 52 19 tens
298 1772 120 20 allmänna
452 1771 192 26 fastighetsfond:
679 1772 248 25 byggnadsstyrelsens
961 1772 95 20 delfond

213 1801 42 20 855
265 1801 41 21 000
324 1802 34 20 kr.
375 1802 61 20 samt
452 1802 35 19 till
504 1802 130 24 ersättning
650 1802 34 19 till
701 1803 89 19 statens
806 1802 124 20 domäners
947 1802 56 20 fond
1020 1801 36 21 för

213 1831 112 25 upplåten
336 1831 68 20 mark
414 1831 27 20 46
452 1831 40 20 700
504 1831 34 20 kr.

213 1861 44 19 Till
274 1861 131 24 ersättning
420 1860 35 20 till
472 1861 89 19 statens
578 1861 119 20 allmänna
713 1860 182 26 fastighetsfond
911 1861 94 20 anvisas
1021 1861 34 20 till

213 1890 349 25 beskickningsfastigheternas
577 1890 94 20 delfond
686 1890 12 20 2
708 1890 42 20 975
759 1890 42 20 000
816 1890 34 21 kr.
864 1892 61 19 samt
939 1891 35 20 till
987 1891 69 25 bygg-

213 1920 187 25 nadsstyrelsens
411 1919 94 21 delfond
516 1920 43 20 384
568 1920 41 20 000
620 1920 34 20 kr.

213 1949 39 20 RD
269 1949 93 20 anvisar
377 1949 35 20 till
428 1949 130 25 ersättning
572 1949 35 20 till
623 1950 89 19 statens
727 1949 119 21 allmänna
862 1949 192 26 fastighetsfond:

214 1978 246 26 slottsbyggnadernas
475 1978 95 21 delfond
585 1978 27 20 50
622 1978 42 21 000
679 1979 34 20 kr.
728 1980 62 19 samt
804 1979 34 20 till
853 1979 203 25 byggnadsstyrel-

214 2014 53 15 sens
277 2008 95 20 delfond
383 2008 41 20 457
434 2008 42 20 000
487 2008 34 20 kr.

214 2038 39 20 RD
269 2038 94 20 anvisar
377 2038 35 20 till
428 2037 130 26 ersäffning
572 2038 36 20 till
623 2039 88 19 statens
727 2038 119 21 allmänna
861 2038 193 26 fastighetsfond:

213 2067 248 26 byggnadsstyrelsens
474 2067 95 20 delfond
583 2067 9 20 1
604 2067 42 20 315
656 2067 41 20 000
710 2068 35 20 kr.
758 2069 61 19 samt
830 2068 35 20 till
878 2068 131 26 ersättning
1020 2068 35 20 till

214 2098 89 20 statens
313 2097 123 20 domäners
446 2097 57 20 fond
513 2097 36 20 för
559 2097 111 25 upplåten
680 2097 67 20 mark
757 2098 12 20 5
779 2097 41 21 400
830 2098 34 20 kr.

1125 190 52 21 lib:
1212 166 88 17 Motioner
1366 162 70 30 Utskott
1485 162 57 61 Skriv.
1590 162 103 30 Protokoll

1208 220 30 17 FK
1240 210 23 36 |
1272 220 32 16 AK
1327 218 85 19 |SmllAvd|
1436 220 26 16 Nr
1582 220 30 17 FK
1681 220 32 17 AK

1079 350 83 22 5211:8
1219 364 26 3 —I
1285 364 26 3 —I
1350 352 13 20 6)
1386 364 25 2 —!
1456 352 14 20 61
1522 352 64 21 6114:
1602 357 21 15 60
1652 352 73 21 |14:202

1141 386 21 16 77
1448 386 22 16 72

1079 410 82 22 5211:8
1219 424 26 2 —I
1285 424 26 2 —I|
1350 412 13 20 6
1385 423 26 3 —
1456 412 13 20 6
1522 412 64 20 6114:
1602 416 22 16 60
1652 412 73 20 |14:202

1140 446 23 16 78
1448 446 22 15 72

1079 469 97 23 s2l1:12)
1219 483 26 3 —1I
1285 483 26 3 oh
1351 471 12 20 6)
1385 483 27 2 —I
1442 472 93 20 101-10
1552 472 34 20 15:
1601 476 23 15 320
1652 472 34 20 115:
1703 476 21 15 53

1136 505 32 16 101
1448 506 22 15 54

1117 535 57 16 —102

1078 559 30 22 521
1131 561 42 21 150
1182 555 23 36 |
1219 573 26 2 —|
1285 573 26 2 —1
1336 561 27 20 10)
1385 572 27 3 —|
1441 561 145 21 221191115:
1601 565 21 16 61
1652 561 34 20 15:
1702 565 22 16 69

1147 595 10 16 8
1450 595 21 16 15

1078 708 84 23 5211:6
1219 722 26 2 —I
1284 722 27 2 —I
1350 710 13 20 6]
1385 722 26 2 —
1456 710 13 20 41
1522 710 64 20 4116:
1601 714 22 16 48
1652 710 72 20 116:160

1136 745 33 15 169
1448 745 21 15 81

1117 774 57 16 —170

1078 798 98 22 21:10]
1219 811 26 3 —|
1285 811 26 3 —I
1350 799 13 20 61
1385 811 26 2 —)
1456 800 13 20 8
1522 799 64 21 8116:
1601 803 22 16 96
1652 799 71 21 116:131

1135 834 34 16 370
1437 834 34 15 160

1079 916 29 22 521
1131 919 42 21 150
1181 912 29 37 |
1219 930 26 3 —I
1285 931 26 2 —J]
1350 918 13 20 6)
1386 918 236 21 —I1251223116:101
1652 918 72 20 16:172

1142 953 20 16 13

1079 1065 29 22 521
1132 1067 41 21 150
1180 1061 24 36 |
1219 1079 26 2 —I
1285 1079 26 2 —J]
1350 1067 13 20 61
1386 1066 236 21 —I125122316:101
1652 1066 73 21 116:172

1142 1101 21 16 13

1079 1243 30 22 521
1131 1246 42 20 150]
1219 1257 27 3 —I
1285 1257 26 3 —J
1351 1245 13 20 61
1386 1244 237 21 —I125122316:101
1653 1245 72 20 |16:172

1142 1280 21 15 13

1079 1362 30 22 521
1131 1364 42 21 150
1180 1358 28 36 |
1219 1376 26 3 —I
1285 1376 26 3 —JI
1350 1364 13 20 61
1386 1363 236 21 —I1251223116:101
1653 1363 72 21 |16:172

1142 1399 21 15 13

1078 1481 30 22 521
1131 1483 42 21 150
1181 1477 23 35 I
1219 1495 26 2 —I
1285 1495 26 2 —I
1351 1483 13 20 61
1386 1482 236 21 —]12512238116:101
1653 1482 72 20 |16:172

1142 1517 21 16 13

1079 1630 98 22 S211:16]
1219 1643 26 3 —I
1284 1643 27 3 —I
1351 1632 13 20 8
1386 1643 26 3 —
1441 1631 94 21 261395
1550 1631 36 21 120:
1602 1635 21 16 59
1651 1631 73 20 |21:149

1140 1666 23 16 28
1450 1666 19 15 11

1078 1713 30 22 531
1126 1715 35 20 1:4
1219 1726 27 4 —I
1285 1727 25 2 —I
1350 1715 13 20 6
1385 1727 26 2 —-]
1456 1715 13 20 2
1522 1714 164 21 21-00:
1704 1719 20 15 10

1141 1749 20 16 51
1448 1749 22 16 33

1117 1779 45 15 —53

1078 1861 30 22 531
1126 1863 35 21 1:5
1219 1875 26 2 21"
1284 1875 26 3 —1
1350 1863 118 20 681
1522 1863 12 20 31
1566 1863 57 20 7:25
1632 1858 54 35 |'7:
1702 1867 22 16 23

1142 1898 19 15 11
1460 1897 9 16 9

1078 1950 29 22 531
1126 1952 35 21 1:6
1219 1964 26 3 —I
1284 1964 26 3 —I
1350 1952 61 20 6—-
1456 1952 13 20 4
1521 1951 64 21 411:
1601 1956 21 16 31
1652 1951 34 21 11:
1702 1956 22 15 57

1136 1986 33 16 174
1447 1986 22 16 87

1117 2016 57 16 175

1078 2039 29 22 531
1126 2042 34 20 1:7
1219 2053 26 3 —I
1284 2053 26 3 —I
1349 2041 13 20 6
1384 2053 26 3 —
1455 2041 13 20 51
1521 2041 64 21 5110:
1601 2045 21 16 59
1652 2040 71 21 10:101

1136 2076 33 15 100
1447 2076 22 15 57

1117 2105 56 16 —101
