1849 2356
823 142 135 33 SAKREGISTER
1648 144 41 21 511

1031 212 41 35 oR
1283 237 12 17 E
1414 218 52 18 Riks-

978 242 71 26 SER
1051 241 13 34 -Å
1131 266 4 4 5
1247 237 94 18 Utskotts-
1404 244 72 31 dagens
1533 249 118 18 Kamrarnas

979 272 17 13 x
1032 268 11 9 |”
1089 266 95 18 [Motioner
1235 262 112 32 utlåtanden
1453 279 3 4 >
1610 279 3 4 :

978 289 12 10 2
1032 288 41 24 lag
1211 297 24 17 SNS
1270 297 98 17 inerodjel
1408 274 56 31 skri-
1519 278 144 23 förhandlingar

979 303 17 27 .
1032 309 41 25 Mee
1237 302 21 13 OF
1290 302 10 13 maG
1410 309 63 17 velser

974 331 97 23 SES

979 349 17 25 &
1032 356 35 17 lag
1204 357 58 25 elr
1364 356 6 29 an
1461 365 17 12 2
1507 363 67 18 Första
1578 359 23 29 |
1607 363 66 18 Andra

1032 373 36 10 om
1359 378 12 5 =
1461 378 12 6 =

979 378 12 9 ä
1032 384 36 30 ”S
1093 374 87 18 FEAR
1204 382 17 33 E
1246 381 17 31 å
1298 370 18 45 Zz
1359 385 18 25 &
1411 370 18 45 Zz
1461 385 17 25 &
1478 380 14 35 |
1504 387 70 17 kamm.
1577 380 23 35 |
1604 387 71 18 kamm.

105 426 189 29 Fläsksaltning.

136 458 81 21 Motion
233 465 35 14 om
284 459 74 26 anslag
373 458 34 21 till
423 458 95 21 studium
535 465 26 14 av
577 459 149 21 amerikanska
742 458 95 21 metoder
852 459 33 20 för
896 458 47 21 salt-
958 457 56 23 1927
1142 459 80 21 123110
1302 460 27 20 58
1508 459 33 22 29:
1552 465 24 16 84
1580 455 19 36 |
1609 460 68 21 31:12

150 489 52 26 ning
217 496 26 14 av
259 489 54 20 fläsk
329 488 76 22 avslås.

105 546 165 23 Fodermedel.

135 579 54 25 Ang.
197 578 152 27 fraktlindring
355 579 33 20 för
394 578 138 26 fodermedel;
541 585 22 14 se
569 578 129 27 Järnvägar
705 578 72 27 (1923:
787 583 33 20 29;
830 578 63 20 1930:
904 578 39 26 19).

105 630 227 27 Foderrotfrukter;
354 639 22 14 se
400 631 119 28 Fröodling
537 632 100 26 (1921:2;
659 632 92 24 1923:1;
770 631 62 25 1924;
851 631 92 25 1925:1;

152 661 64 21 1926:
229 662 24 26 1).

105 714 141 28 Fogelklou,
270 714 41 21 Ida
334 714 125 22 Marianna
483 714 126 22 Charlotta
628 714 77 25 Clara,
721 716 15 20 f.
753 716 20 20 d.
791 716 115 24 lärarinna;
923 722 21 14 se

150 744 171 23 Pensionsväsen
336 745 110 27 (1921:1).

104 797 141 27 Fogelklou,
260 797 80 28 Jenny
356 797 75 22 Maria
442 797 157 26 Wilhelmina,
610 800 15 20 f.
640 799 19 21 d.
672 800 115 23 lärarinna;
799 806 22 14 se
833 798 111 22 Pensions-

150 829 64 21 väsen
230 828 72 27 (1921:
316 829 24 27 1).

104 886 146 28 Fogelqvist,
266 887 21 22 J.
303 887 25 22 R.

134 918 102 21 Tilldelas
251 920 43 19 viss
310 919 118 26 ersättning
443 920 7 19 i
466 918 116 27 anledning
598 925 26 15 av
640 918 146 27 kroppsskada
801 918 91 27 ådragen
908 916 108 23 un-|/1929|
1090 917 42 21 154
1210 918 13 20 8)
1253 916 11 20 1|
1301 918 28 20 241
1361 917 82 22 20215)
1468 922 9 15 el
1508 916 69 21 25:52
1579 911 14 36 |
1609 916 69 21 31:24

149 948 37 21 der
201 949 229 27 militärtjänstgöring.

104 1006 106 22 Folkard
234 1012 48 16 von
305 1006 134 27 Scherling,
458 1007 19 21 J.
495 1006 22 22 E.
534 1007 30 25 F.,
580 1008 15 20 f.
613 1008 20 21 d.
650 1008 124 21 vicekonsul
790 1009 6 19 i
812 1008 131 20 Rotterdam.

134 1039 54 25 Ang.
206 1039 89 26 pension
311 1039 22 20 åt
349 1039 54 20 hans
419 1038 65 24 änka;
502 1045 21 13 se
540 1037 124 26 Pensioner,
682 1038 106 27 beviljade
803 1037 80 27 (1926).
1395 1057 1 7 |

104 1090 116 22 Folkbad.

134 1122 82 20 Motion
229 1129 35 13 om
281 1122 74 26 anslag
371 1122 33 21 till
420 1122 133 26 Föreningen
569 1122 33 20 för
617 1122 89 20 folkbad
722 1122 75 21 avslås.
958 1120 57 22 1927
1102 1121 28 20 48
1190 1145 2 22 |
1211 1120 117 21 GTERKEKG
1501 1119 33 21 36:
1545 1120 41 20 95d/
1602 1119 33 21 36:
1647 1125 38 16 133

134 1182 83 20 Motion
233 1189 35 13 om
285 1182 74 26 anslag
374 1182 34 20 till
424 1182 132 26 Föreningen
572 1182 33 20 för
620 1182 89 20 folkbad
725 1182 75 21 avslås.
958 1179 54 23 1928
1117 1181 14 19 4
1211 1181 11 20 6|
1253 1179 75 21 11i35
1501 1179 33 21 34:
1545 1179 40 22 79d]
1609 1179 33 21 39:
1653 1185 25 15 22

104 1239 187 24 Folkbibliotek.

108 1276 7 15 1
134 1271 38 20 RD
192 1271 115 27 medgiver,
327 1273 32 19 att
377 1272 47 20 från
441 1271 36 21 det
492 1272 13 20 å
520 1271 44 21 ord.
581 1273 42 19 stat
638 1271 107 27 uppförda
760 1271 185 27 förslagsanslaget
958 1269 114 23 192111:
1052 1265 14 37 8
1211 1270 12 20 6|
1253 1269 9 20 1/1
1288 1270 40 20 8A
1347 1275 38 17 16518
1404 1270 80 20 Altsl
1508 1269 34 20 26:
1553 1274 24 15 66
1578 1265 19 35 |
1602 1269 33 20 31:
1647 1274 39 16 160

150 1301 34 21 till
206 1301 117 21 understöd
346 1302 23 20 åt
386 1301 151 21 folkbibliotek
556 1301 36 20 må
607 1302 51 25 utgå
674 1301 45 21 dels
735 1301 33 21 till
784 1301 118 21 avlönande
918 1308 26 14 av
1023 1305 58 23 p.222

150 1331 133 27 erforderligt
291 1331 82 21 biträde
384 1331 36 21 vid
431 1331 141 27 expeditions-
581 1331 39 20 och
629 1331 140 21 skrivarbetet
775 1331 39 21 hos
823 1331 120 21 biblioteks-
1339 1341 2 12 I

150 1361 167 21 konsulenterna
332 1361 69 21 under
416 1362 23 19 år
456 1360 55 21 1921
529 1363 31 18 ett
576 1361 78 27 belopp
670 1368 26 13 av
712 1361 62 26 högst
786 1360 64 21 1550
861 1361 31 20 kr.
904 1361 40 20 och

150 1391 24 20 fr.
187 1398 18 13 o.
218 1398 28 13 m.
264 1392 23 19 år
304 1391 56 20 1922
378 1391 43 20 tills
438 1390 72 21 vidare
526 1392 31 19 ett
573 1390 77 27 belopp
666 1398 27 13 av
708 1391 62 26 högst
786 1391 12 20 2
808 1390 43 21 040
867 1391 30 20 kr.
915 1391 29 20 år-

150 1420 63 27 ligen,
222 1421 46 20 dels
279 1421 39 20 ock
329 1421 34 20 till
374 1421 91 20 arvoden
478 1421 21 20 åt
510 1421 36 20 två
554 1421 111 26 kvinnliga
674 1420 97 21 biträden
778 1421 38 20 hos
824 1420 120 21 biblioteks-

149 1450 167 21 konsulenterna
339 1451 26 20 fr.
381 1457 19 14 o.
417 1458 29 13 m.
464 1451 23 20 år
511 1450 56 20 1922
592 1450 44 21 tills
655 1450 72 21 vidare
743 1452 30 19 ett
789 1450 62 26 årligt
867 1450 78 27 belopp

149 1487 26 14 av
192 1480 64 21 5058
273 1481 39 24 kr.,
329 1481 65 20 därav
411 1481 62 25 högst
489 1480 12 20 3
512 1480 42 20 018
571 1480 30 21 kr.
618 1480 34 20 till
668 1480 77 21 arvode
761 1481 22 20 åt
798 1480 36 21 det
850 1487 39 13 ena
905 1480 39 20 och

149 1510 63 26 högst
228 1511 12 19 2
250 1511 42 20 040
309 1511 30 20 kr.
357 1511 33 20 till
407 1510 77 21 arvode
500 1511 22 19 åt
537 1510 37 20 det
589 1510 66 20 andra
671 1510 98 21 biträdet.

106 1575 10 15 2
134 1570 38 20 RD
188 1570 115 26 medgiver,
320 1570 46 21 dels
382 1572 31 19 att
429 1570 47 20 från
492 1569 186 27 förslagsanslaget
688 1570 33 20 till
733 1570 116 21 understöd
860 1570 21 20 åt
891 1569 53 21 folk-|
983 1577 8 10 >»
1034 1569 39 20 |1:8
1211 1568 12 20 6|
1254 1567 10 20 11
1289 1567 41 21 8A
1347 1573 38 16 16518
1404 1568 81 20 Ali7s]
1509 1567 69 21 26:66
1578 1563 19 35 |
1602 1568 34 20 31:
1648 1573 38 15 160

149 1600 104 20 bibliotek
276 1601 36 20 må
335 1601 51 25 utgå
404 1600 34 20 för
456 1601 23 19 år
499 1599 56 21 1922
572 1601 31 19 ett
618 1600 78 26 belopp
712 1607 26 14 av
754 1600 62 26 högst
833 1599 63 21 1500
912 1600 31 20 kr.
1024 1603 57 23 p.223

148 1630 34 20 till
201 1630 114 27 tryckning
334 1637 26 14 av
376 1637 26 14 en
418 1637 29 20 ny
463 1629 162 27 huvudkatalog
640 1630 33 20 för
689 1630 76 21 Västra
781 1630 95 26 Sveriges
892 1629 52 21 folk-

149 1659 209 27 bildningsförbund,
386 1660 46 20 dels
456 1659 39 21 ock
519 1661 31 19 att
568 1660 47 20 från
631 1666 84 14 samma
730 1660 164 26 förslagsanslag
910 1660 35 20 må

149 1690 51 26 utgå
216 1690 47 20 från
279 1690 40 21 och
336 1690 49 20 med
401 1690 23 20 år
441 1689 55 21 1921
509 1689 44 21 tills
563 1689 72 21 vidare
647 1690 80 26 årligen
738 1689 117 22 understöd
866 1690 22 20 åt
897 1690 48 26 fyra

148 1719 243 27 förmedlingsanstalter
414 1720 33 20 för
465 1719 220 26 vandringsbibliotek
704 1720 40 20 och
760 1721 35 20 två
811 1719 133 21 bokförmed-

149 1749 159 26 lingsanstalter
324 1749 50 21 med
390 1752 30 18 ett
436 1749 143 26 sammanlagt
594 1749 78 27 belopp
689 1756 26 15 av
730 1750 63 26 högst
809 1749 27 21 27
846 1749 42 21 000
905 1749 39 25 kr.,

148 1779 66 21 därav
229 1780 63 26 högst
309 1779 26 21 16
345 1779 43 21 000
405 1780 30 20 kr.
460 1779 33 21 till
509 1779 293 27 bokförmedlingsanstalter.

106 1843 9 15 3
133 1838 37 20 RD
194 1839 115 26 medgiver,
329 1840 31 19 att
376 1840 46 19 från
439 1838 36 21 det
491 1839 12 20 å
519 1838 43 21 ord.
580 1840 42 19 stat
638 1839 106 26 uppförda
760 1839 185 26 förslagsanslaget
949 1833 11 38 |
983 1846 8 10 »
1033 1837 40 21 11:8
1211 1837 13 20 6|
1254 1836 10 20 11
1289 1836 40 20 8A
1348 1841 37 16 16718
1405 1837 81 20 Ali7e]
1510 1835 68 21 26:66
1583 1831 15 37 |
1603 1836 33 20 31:
1648 1841 39 16 160

148 1868 34 20 till
205 1868 117 21 understöd
345 1869 22 20 åt
382 1868 152 31 folkbibliotek
550 1869 36 20 må
601 1869 33 20 för
649 1869 116 26 utgivande
781 1876 26 14 av
823 1869 66 26 årliga
904 1868 40 20 till-
1024 1878 17 17 p.
1047 1872 34 17 224

149 1898 47 26 lägg
211 1898 34 21 till
261 1898 183 27 grundkatalogen
460 1900 50 19 över
525 1898 33 20 för
573 1898 53 21 folk-
642 1899 40 20 och
693 1899 152 20 skolbibliotek
856 1898 90 26 lämplig

148 1928 106 21 litteratur
270 1929 25 20 fr.
312 1935 18 14 o.
342 1936 29 13 m.
388 1929 23 20 år
428 1928 56 21 1921
501 1928 45 20 tills
562 1928 73 21 vidare
651 1929 50 25 utgå
717 1931 30 18 ett
758 1929 77 26 belopp
847 1935 26 14 av
883 1928 62 25 högst

150 1958 12 19 5
172 1957 43 21 000
231 1958 32 21 kr.
280 1958 87 26 årligen.

106 2021 10 16 4
135 2017 41 21 Det
191 2018 13 20 å
219 2018 44 20 ord.
288 2020 44 19 stat
350 2018 107 27 uppförda
472 2017 187 27 förslagsanslaget
674 2018 33 20 till
723 2018 116 21 understöd
855 2018 22 20 åt
892 2017 52 20 folk-|
984 2024 8 11 »
1032 2016 42 21 11:8
1212 2016 12 20 6|
1254 2015 10 20 11
1289 2015 40 21 8A
1347 2020 38 16 167|8
1405 2016 81 20 Alte]
1510 2015 69 21 26:66
1579 2010 19 36 |
1603 2014 33 21 31:
1648 2019 39 16 160

150 2047 104 21 bibliotek
269 2048 61 27 höjes
346 2048 50 20 med
412 2048 28 20 48
449 2047 43 21 000
508 2047 31 20 kr.
557 2048 34 20 till
608 2047 42 21 358
659 2047 43 21 000
720 2048 29 20 kr.
1025 2057 17 17 p.
1045 2051 36 23 221
