<?xml version="1.0" encoding="UTF-8"?>
<alto xmlns="http://www.loc.gov/standards/alto/ns-v3#" xmlns:xlink="http://www.w3.org/1999/xlink" xmlns:xsi="http://www.w3.org/2001/XMLSchema-instance" xsi:schemaLocation="http://www.loc.gov/standards/alto/ns-v3# http://www.loc.gov/alto/v3/alto-3-0.xsd">
	<Description>
		<MeasurementUnit>pixel</MeasurementUnit>
		<sourceImageInformation>
			<fileName></fileName>
		</sourceImageInformation>
		<OCRProcessing ID="OCR_0">
			<ocrProcessingStep>
				<processingSoftware>
					<softwareName>tesseract 4.1.1</softwareName>
				</processingSoftware>
			</ocrProcessingStep>
		</OCRProcessing>
	</Description>
	<Layout>
		<Page WIDTH="1844" HEIGHT="2360" PHYSICAL_IMG_NR="0" ID="page_0">
			<PrintSpace HPOS="0" VPOS="0" WIDTH="1844" HEIGHT="2360">
				<ComposedBlock ID="cblock_0" HPOS="167" VPOS="154" WIDTH="42" HEIGHT="21">
					<TextBlock ID="block_0" HPOS="167" VPOS="154" WIDTH="42" HEIGHT="21">
						<TextLine ID="line_0" HPOS="167" VPOS="154" WIDTH="42" HEIGHT="21">
							<String ID="string_0" HPOS="167" VPOS="154" WIDTH="42" HEIGHT="21" WC="0.96" CONTENT="188"/>
						</TextLine>
					</TextBlock>
				</ComposedBlock>
				<ComposedBlock ID="cblock_1" HPOS="901" VPOS="160" WIDTH="136" HEIGHT="15">
					<TextBlock ID="block_1" HPOS="901" VPOS="160" WIDTH="136" HEIGHT="15">
						<TextLine ID="line_1" HPOS="901" VPOS="160" WIDTH="136" HEIGHT="15">
							<String ID="string_1" HPOS="901" VPOS="160" WIDTH="136" HEIGHT="15" WC="0.91" CONTENT="SAKREGISTER"/>
						</TextLine>
					</TextBlock>
				</ComposedBlock>
				<ComposedBlock ID="cblock_2" HPOS="168" VPOS="207" WIDTH="1607" HEIGHT="4">
					<TextBlock ID="block_2" HPOS="168" VPOS="207" WIDTH="1607" HEIGHT="4">
						<TextLine ID="line_2" HPOS="168" VPOS="207" WIDTH="1607" HEIGHT="4">
							<String ID="string_2" HPOS="168" VPOS="207" WIDTH="1607" HEIGHT="4" WC="0.95" CONTENT=" "/>
						</TextLine>
					</TextBlock>
				</ComposedBlock>
				<ComposedBlock ID="cblock_3" HPOS="1001" VPOS="206" WIDTH="775" HEIGHT="5">
					<TextBlock ID="block_3" HPOS="1001" VPOS="206" WIDTH="775" HEIGHT="5">
						<TextLine ID="line_3" HPOS="1001" VPOS="206" WIDTH="775" HEIGHT="5">
							<String ID="string_3" HPOS="1001" VPOS="206" WIDTH="775" HEIGHT="5" WC="0.95" CONTENT=" "/>
						</TextLine>
					</TextBlock>
				</ComposedBlock>
				<ComposedBlock ID="cblock_4" HPOS="168" VPOS="208" WIDTH="1607" HEIGHT="4">
					<TextBlock ID="block_4" HPOS="168" VPOS="208" WIDTH="1607" HEIGHT="4">
						<TextLine ID="line_4" HPOS="168" VPOS="208" WIDTH="1607" HEIGHT="4">
							<String ID="string_4" HPOS="168" VPOS="208" WIDTH="1607" HEIGHT="4" WC="0.95" CONTENT=" "/>
						</TextLine>
					</TextBlock>
				</ComposedBlock>
				<ComposedBlock ID="cblock_5" HPOS="167" VPOS="207" WIDTH="1608" HEIGHT="8">
					<TextBlock ID="block_5" HPOS="167" VPOS="207" WIDTH="1608" HEIGHT="8">
						<TextLine ID="line_5" HPOS="167" VPOS="207" WIDTH="1608" HEIGHT="8">
							<String ID="string_5" HPOS="167" VPOS="207" WIDTH="1608" HEIGHT="8" WC="0.95" CONTENT=" "/>
						</TextLine>
					</TextBlock>
				</ComposedBlock>
				<ComposedBlock ID="cblock_6" HPOS="168" VPOS="212" WIDTH="1607" HEIGHT="3">
					<TextBlock ID="block_6" HPOS="168" VPOS="212" WIDTH="1607" HEIGHT="3">
						<TextLine ID="line_6" HPOS="168" VPOS="212" WIDTH="1607" HEIGHT="3">
							<String ID="string_6" HPOS="168" VPOS="212" WIDTH="1607" HEIGHT="3" WC="0.95" CONTENT=" "/>
						</TextLine>
					</TextBlock>
				</ComposedBlock>
				<ComposedBlock ID="cblock_7" HPOS="165" VPOS="215" WIDTH="4" HEIGHT="1874">
					<TextBlock ID="block_7" HPOS="165" VPOS="215" WIDTH="4" HEIGHT="1874">
						<TextLine ID="line_7" HPOS="165" VPOS="215" WIDTH="4" HEIGHT="1874">
							<String ID="string_7" HPOS="165" VPOS="215" WIDTH="4" HEIGHT="1874" WC="0.95" CONTENT=" "/>
						</TextLine>
					</TextBlock>
				</ComposedBlock>
				<ComposedBlock ID="cblock_8" HPOS="172" VPOS="438" WIDTH="850" HEIGHT="59">
					<TextBlock ID="block_8" HPOS="172" VPOS="438" WIDTH="850" HEIGHT="59">
						<TextLine ID="line_8" HPOS="185" VPOS="438" WIDTH="252" HEIGHT="27">
							<String ID="string_8" HPOS="185" VPOS="438" WIDTH="167" HEIGHT="27" WC="0.87" CONTENT="Avsöndringar"/><SP WIDTH="16" VPOS="438" HPOS="352"/>
							<String ID="string_9" HPOS="368" VPOS="446" WIDTH="26" HEIGHT="14" WC="0.84" CONTENT="m."/><SP WIDTH="17" VPOS="446" HPOS="394"/>
							<String ID="string_10" HPOS="411" VPOS="447" WIDTH="26" HEIGHT="14" WC="0.90" CONTENT="m."/>
						</TextLine>
						<TextLine ID="line_9" HPOS="172" VPOS="469" WIDTH="850" HEIGHT="28">
							<String ID="string_11" HPOS="172" VPOS="474" WIDTH="24" HEIGHT="15" WC="0.93" CONTENT="19"/><SP WIDTH="18" VPOS="474" HPOS="196"/>
							<String ID="string_12" HPOS="214" VPOS="469" WIDTH="37" HEIGHT="20" WC="0.90" CONTENT="RD"/><SP WIDTH="17" VPOS="469" HPOS="251"/>
							<String ID="string_13" HPOS="268" VPOS="469" WIDTH="113" HEIGHT="26" WC="0.91" CONTENT="medgiver,"/><SP WIDTH="18" VPOS="469" HPOS="381"/>
							<String ID="string_14" HPOS="399" VPOS="472" WIDTH="31" HEIGHT="18" WC="0.93" CONTENT="att"/><SP WIDTH="15" VPOS="472" HPOS="430"/>
							<String ID="string_15" HPOS="445" VPOS="470" WIDTH="175" HEIGHT="27" WC="0.92" CONTENT="torplägenheten"/><SP WIDTH="17" VPOS="470" HPOS="620"/>
							<String ID="string_16" HPOS="637" VPOS="470" WIDTH="120" HEIGHT="26" WC="0.92" CONTENT="Stenhagen"/><SP WIDTH="17" VPOS="470" HPOS="757"/>
							<String ID="string_17" HPOS="774" VPOS="471" WIDTH="35" HEIGHT="19" WC="0.96" CONTENT="må"/><SP WIDTH="16" VPOS="471" HPOS="809"/>
							<String ID="string_18" HPOS="825" VPOS="470" WIDTH="49" HEIGHT="20" WC="0.96" CONTENT="med"/><SP WIDTH="16" VPOS="470" HPOS="874"/>
							<String ID="string_19" HPOS="890" VPOS="470" WIDTH="7" HEIGHT="20" WC="0.93" CONTENT="i"/><SP WIDTH="16" VPOS="470" HPOS="897"/>
							<String ID="string_20" HPOS="913" VPOS="470" WIDTH="109" HEIGHT="21" WC="0.92" CONTENT="statsråds-"/>
						</TextLine>
					</TextBlock>
				</ComposedBlock>
				<ComposedBlock ID="cblock_9" HPOS="229" VPOS="498" WIDTH="794" HEIGHT="203">
					<TextBlock ID="block_9" HPOS="229" VPOS="498" WIDTH="794" HEIGHT="203">
						<TextLine ID="line_10" HPOS="230" VPOS="498" WIDTH="793" HEIGHT="31">
							<String ID="string_21" HPOS="230" VPOS="499" WIDTH="129" HEIGHT="26" WC="0.96" CONTENT="protokollet"/><SP WIDTH="22" VPOS="499" HPOS="359"/>
							<String ID="string_22" HPOS="381" VPOS="501" WIDTH="85" HEIGHT="25" WC="0.96" CONTENT="angivet"/><SP WIDTH="23" VPOS="501" HPOS="466"/>
							<String ID="string_23" HPOS="489" VPOS="500" WIDTH="89" HEIGHT="29" WC="0.96" CONTENT="område"/><SP WIDTH="22" VPOS="500" HPOS="578"/>
							<String ID="string_24" HPOS="600" VPOS="500" WIDTH="47" HEIGHT="20" WC="0.92" CONTENT="från"/><SP WIDTH="19" VPOS="500" HPOS="647"/>
							<String ID="string_25" HPOS="666" VPOS="500" WIDTH="198" HEIGHT="26" WC="0.91" CONTENT="kronoegendomen"/><SP WIDTH="18" VPOS="500" HPOS="864"/>
							<String ID="string_26" HPOS="882" VPOS="498" WIDTH="41" HEIGHT="29" WC="0.11" CONTENT="37/5"/><SP WIDTH="17" VPOS="498" HPOS="923"/>
							<String ID="string_27" HPOS="940" VPOS="500" WIDTH="83" HEIGHT="21" WC="0.96" CONTENT="mantal"/>
						</TextLine>
						<TextLine ID="line_11" HPOS="229" VPOS="526" WIDTH="794" HEIGHT="31">
							<String ID="string_28" HPOS="229" VPOS="529" WIDTH="81" HEIGHT="21" WC="0.96" CONTENT="Skenäs"/><SP WIDTH="23" VPOS="529" HPOS="310"/>
							<String ID="string_29" HPOS="333" VPOS="530" WIDTH="121" HEIGHT="26" WC="0.96" CONTENT="kungsgård"/><SP WIDTH="23" VPOS="530" HPOS="454"/>
							<String ID="string_30" HPOS="477" VPOS="537" WIDTH="26" HEIGHT="13" WC="0.94" CONTENT="nr"/><SP WIDTH="17" VPOS="537" HPOS="503"/>
							<String ID="string_31" HPOS="520" VPOS="530" WIDTH="10" HEIGHT="20" WC="0.94" CONTENT="1"/><SP WIDTH="17" VPOS="530" HPOS="530"/>
							<String ID="string_32" HPOS="547" VPOS="530" WIDTH="8" HEIGHT="20" WC="0.94" CONTENT="i"/><SP WIDTH="16" VPOS="530" HPOS="555"/>
							<String ID="string_33" HPOS="571" VPOS="526" WIDTH="61" HEIGHT="24" WC="0.96" CONTENT="Östra"/><SP WIDTH="23" VPOS="526" HPOS="632"/>
							<String ID="string_34" HPOS="655" VPOS="530" WIDTH="78" HEIGHT="26" WC="0.96" CONTENT="Husby"/><SP WIDTH="23" VPOS="530" HPOS="733"/>
							<String ID="string_35" HPOS="756" VPOS="530" WIDTH="78" HEIGHT="20" WC="0.93" CONTENT="socken"/><SP WIDTH="22" VPOS="530" HPOS="834"/>
							<String ID="string_36" HPOS="856" VPOS="530" WIDTH="98" HEIGHT="27" WC="0.91" CONTENT="försäljas"/><SP WIDTH="19" VPOS="530" HPOS="954"/>
							<String ID="string_37" HPOS="973" VPOS="530" WIDTH="50" HEIGHT="21" WC="0.97" CONTENT="med"/>
						</TextLine>
						<TextLine ID="line_12" HPOS="229" VPOS="560" WIDTH="794" HEIGHT="27">
							<String ID="string_38" HPOS="229" VPOS="560" WIDTH="105" HEIGHT="20" WC="0.95" CONTENT="förbehåll"/><SP WIDTH="18" VPOS="560" HPOS="334"/>
							<String ID="string_39" HPOS="352" VPOS="567" WIDTH="35" HEIGHT="13" WC="0.95" CONTENT="om"/><SP WIDTH="20" VPOS="567" HPOS="387"/>
							<String ID="string_40" HPOS="407" VPOS="562" WIDTH="42" HEIGHT="18" WC="0.95" CONTENT="rätt"/><SP WIDTH="15" VPOS="562" HPOS="449"/>
							<String ID="string_41" HPOS="464" VPOS="560" WIDTH="33" HEIGHT="20" WC="0.96" CONTENT="för"/><SP WIDTH="15" VPOS="560" HPOS="497"/>
							<String ID="string_42" HPOS="512" VPOS="560" WIDTH="79" HEIGHT="26" WC="0.96" CONTENT="köpare"/><SP WIDTH="16" VPOS="560" HPOS="591"/>
							<String ID="string_43" HPOS="607" VPOS="567" WIDTH="26" HEIGHT="14" WC="0.96" CONTENT="av"/><SP WIDTH="15" VPOS="567" HPOS="633"/>
							<String ID="string_44" HPOS="648" VPOS="560" WIDTH="127" HEIGHT="26" WC="0.95" CONTENT="lägenheten"/><SP WIDTH="15" VPOS="560" HPOS="775"/>
							<String ID="string_45" HPOS="790" VPOS="560" WIDTH="34" HEIGHT="20" WC="0.93" CONTENT="till"/><SP WIDTH="16" VPOS="560" HPOS="824"/>
							<String ID="string_46" HPOS="840" VPOS="560" WIDTH="118" HEIGHT="27" WC="0.92" CONTENT="utfartsväg"/><SP WIDTH="16" VPOS="560" HPOS="958"/>
							<String ID="string_47" HPOS="974" VPOS="563" WIDTH="49" HEIGHT="18" WC="0.96" CONTENT="över"/>
						</TextLine>
						<TextLine ID="line_13" HPOS="229" VPOS="590" WIDTH="793" HEIGHT="26">
							<String ID="string_48" HPOS="229" VPOS="590" WIDTH="186" HEIGHT="26" WC="0.88" CONTENT="stamfastigheten"/><SP WIDTH="17" VPOS="590" HPOS="415"/>
							<String ID="string_49" HPOS="432" VPOS="592" WIDTH="56" HEIGHT="18" WC="0.96" CONTENT="samt"/><SP WIDTH="15" VPOS="592" HPOS="488"/>
							<String ID="string_50" HPOS="503" VPOS="590" WIDTH="50" HEIGHT="20" WC="0.93" CONTENT="med"/><SP WIDTH="16" VPOS="590" HPOS="553"/>
							<String ID="string_51" HPOS="569" VPOS="590" WIDTH="151" HEIGHT="21" WC="0.92" CONTENT="hembudsrätt"/><SP WIDTH="10" VPOS="590" HPOS="720"/>
							<String ID="string_52" HPOS="730" VPOS="590" WIDTH="33" HEIGHT="20" WC="0.93" CONTENT="för"/><SP WIDTH="10" VPOS="590" HPOS="763"/>
							<String ID="string_53" HPOS="773" VPOS="591" WIDTH="25" HEIGHT="19" WC="0.93" CONTENT="A."/><SP WIDTH="12" VPOS="591" HPOS="798"/>
							<String ID="string_54" HPOS="810" VPOS="590" WIDTH="126" HEIGHT="25" WC="0.93" CONTENT="Hertzman;"/><SP WIDTH="13" VPOS="590" HPOS="936"/>
							<String ID="string_55" HPOS="949" VPOS="591" WIDTH="73" HEIGHT="20" WC="0.91" CONTENT="motio-"/>
						</TextLine>
						<TextLine ID="line_14" HPOS="229" VPOS="620" WIDTH="793" HEIGHT="27">
							<String ID="string_56" HPOS="229" VPOS="626" WIDTH="65" HEIGHT="14" WC="0.95" CONTENT="nerna"/><SP WIDTH="16" VPOS="626" HPOS="294"/>
							<String ID="string_57" HPOS="310" VPOS="620" WIDTH="44" HEIGHT="20" WC="0.46" CONTENT="FK:"/><SP WIDTH="11" VPOS="620" HPOS="354"/>
							<String ID="string_58" HPOS="365" VPOS="620" WIDTH="41" HEIGHT="20" WC="0.46" CONTENT="337"/><SP WIDTH="17" VPOS="620" HPOS="406"/>
							<String ID="string_59" HPOS="423" VPOS="621" WIDTH="39" HEIGHT="19" WC="0.93" CONTENT="och"/><SP WIDTH="16" VPOS="621" HPOS="462"/>
							<String ID="string_60" HPOS="478" VPOS="620" WIDTH="100" HEIGHT="20" WC="0.91" CONTENT="AK:454"/><SP WIDTH="15" VPOS="620" HPOS="578"/>
							<String ID="string_61" HPOS="593" VPOS="627" WIDTH="35" HEIGHT="14" WC="0.96" CONTENT="om"/><SP WIDTH="17" VPOS="627" HPOS="628"/>
							<String ID="string_62" HPOS="645" VPOS="620" WIDTH="127" HEIGHT="27" WC="0.96" CONTENT="försäljning"/><SP WIDTH="15" VPOS="620" HPOS="772"/>
							<String ID="string_63" HPOS="787" VPOS="621" WIDTH="47" HEIGHT="20" WC="0.96" CONTENT="från"/><SP WIDTH="16" VPOS="621" HPOS="834"/>
							<String ID="string_64" HPOS="850" VPOS="627" WIDTH="83" HEIGHT="14" WC="0.92" CONTENT="samma"/><SP WIDTH="16" VPOS="627" HPOS="933"/>
							<String ID="string_65" HPOS="949" VPOS="621" WIDTH="73" HEIGHT="20" WC="0.91" CONTENT="krono-"/>
						</TextLine>
						<TextLine ID="line_15" HPOS="229" VPOS="650" WIDTH="793" HEIGHT="27">
							<String ID="string_66" HPOS="229" VPOS="650" WIDTH="103" HEIGHT="25" WC="0.96" CONTENT="egendom"/><SP WIDTH="25" VPOS="650" HPOS="332"/>
							<String ID="string_67" HPOS="357" VPOS="657" WIDTH="26" HEIGHT="13" WC="0.92" CONTENT="av"/><SP WIDTH="24" VPOS="657" HPOS="383"/>
							<String ID="string_68" HPOS="407" VPOS="650" WIDTH="141" HEIGHT="21" WC="0.92" CONTENT="Versholmen"/><SP WIDTH="22" VPOS="650" HPOS="548"/>
							<String ID="string_69" HPOS="570" VPOS="650" WIDTH="50" HEIGHT="20" WC="0.92" CONTENT="med"/><SP WIDTH="19" VPOS="650" HPOS="620"/>
							<String ID="string_70" HPOS="639" VPOS="650" WIDTH="96" HEIGHT="21" WC="0.90" CONTENT="därintill"/><SP WIDTH="18" VPOS="650" HPOS="735"/>
							<String ID="string_71" HPOS="753" VPOS="650" WIDTH="98" HEIGHT="27" WC="0.96" CONTENT="liggande"/><SP WIDTH="19" VPOS="650" HPOS="851"/>
							<String ID="string_72" HPOS="870" VPOS="650" WIDTH="49" HEIGHT="21" WC="0.96" CONTENT="skär"/><SP WIDTH="15" VPOS="650" HPOS="919"/>
							<String ID="string_73" HPOS="934" VPOS="651" WIDTH="39" HEIGHT="20" WC="0.96" CONTENT="och"/><SP WIDTH="16" VPOS="651" HPOS="973"/>
							<String ID="string_74" HPOS="989" VPOS="651" WIDTH="33" HEIGHT="20" WC="0.96" CONTENT="till"/>
						</TextLine>
						<TextLine ID="line_16" HPOS="229" VPOS="680" WIDTH="540" HEIGHT="21">
							<String ID="string_75" HPOS="229" VPOS="680" WIDTH="62" HEIGHT="20" WC="0.96" CONTENT="dessa"/><SP WIDTH="16" VPOS="680" HPOS="291"/>
							<String ID="string_76" HPOS="307" VPOS="680" WIDTH="102" HEIGHT="21" WC="0.96" CONTENT="områden"/><SP WIDTH="16" VPOS="680" HPOS="409"/>
							<String ID="string_77" HPOS="425" VPOS="680" WIDTH="94" HEIGHT="21" WC="0.96" CONTENT="hörande"/><SP WIDTH="16" VPOS="680" HPOS="519"/>
							<String ID="string_78" HPOS="535" VPOS="680" WIDTH="127" HEIGHT="21" WC="0.96" CONTENT="fiskevatten"/><SP WIDTH="15" VPOS="680" HPOS="662"/>
							<String ID="string_79" HPOS="677" VPOS="680" WIDTH="92" HEIGHT="21" WC="0.96" CONTENT="förfalla."/>
						</TextLine>
					</TextBlock>
				</ComposedBlock>
				<ComposedBlock ID="cblock_10" HPOS="171" VPOS="757" WIDTH="852" HEIGHT="58">
					<TextBlock ID="block_10" HPOS="171" VPOS="757" WIDTH="852" HEIGHT="58">
						<TextLine ID="line_17" HPOS="198" VPOS="757" WIDTH="275" HEIGHT="27">
							<String ID="string_80" HPOS="198" VPOS="757" WIDTH="63" HEIGHT="20" WC="0.78" CONTENT="mom"/><SP WIDTH="16" VPOS="757" HPOS="261"/>
							<String ID="string_81" HPOS="277" VPOS="757" WIDTH="135" HEIGHT="27" WC="0.88" CONTENT="Jönköpings"/><SP WIDTH="15" VPOS="757" HPOS="412"/>
							<String ID="string_82" HPOS="427" VPOS="758" WIDTH="46" HEIGHT="20" WC="0.96" CONTENT="län:"/>
						</TextLine>
						<TextLine ID="line_18" HPOS="171" VPOS="787" WIDTH="852" HEIGHT="28">
							<String ID="string_83" HPOS="171" VPOS="792" WIDTH="25" HEIGHT="16" WC="0.92" CONTENT="20"/><SP WIDTH="17" VPOS="792" HPOS="196"/>
							<String ID="string_84" HPOS="213" VPOS="787" WIDTH="38" HEIGHT="20" WC="0.90" CONTENT="RD"/><SP WIDTH="16" VPOS="787" HPOS="251"/>
							<String ID="string_85" HPOS="267" VPOS="788" WIDTH="115" HEIGHT="26" WC="0.90" CONTENT="medgiver,"/><SP WIDTH="16" VPOS="788" HPOS="382"/>
							<String ID="string_86" HPOS="398" VPOS="789" WIDTH="32" HEIGHT="19" WC="0.96" CONTENT="att"/><SP WIDTH="15" VPOS="789" HPOS="430"/>
							<String ID="string_87" HPOS="445" VPOS="788" WIDTH="36" HEIGHT="20" WC="0.96" CONTENT="det"/><SP WIDTH="15" VPOS="788" HPOS="481"/>
							<String ID="string_88" HPOS="496" VPOS="788" WIDTH="87" HEIGHT="20" WC="0.96" CONTENT="område"/><SP WIDTH="16" VPOS="788" HPOS="583"/>
							<String ID="string_89" HPOS="599" VPOS="795" WIDTH="26" HEIGHT="13" WC="0.93" CONTENT="av"/><SP WIDTH="15" VPOS="795" HPOS="625"/>
							<String ID="string_90" HPOS="640" VPOS="788" WIDTH="200" HEIGHT="26" WC="0.92" CONTENT="kronoegendomen"/><SP WIDTH="16" VPOS="788" HPOS="840"/>
							<String ID="string_91" HPOS="856" VPOS="787" WIDTH="28" HEIGHT="28" WC="0.83" CONTENT="?/,"/><SP WIDTH="16" VPOS="787" HPOS="884"/>
							<String ID="string_92" HPOS="900" VPOS="788" WIDTH="82" HEIGHT="21" WC="0.96" CONTENT="mantal"/><SP WIDTH="11" VPOS="788" HPOS="982"/>
							<String ID="string_93" HPOS="993" VPOS="788" WIDTH="30" HEIGHT="20" WC="0.96" CONTENT="Bo"/>
						</TextLine>
					</TextBlock>
				</ComposedBlock>
				<ComposedBlock ID="cblock_11" HPOS="227" VPOS="818" WIDTH="797" HEIGHT="117">
					<TextBlock ID="block_11" HPOS="227" VPOS="818" WIDTH="797" HEIGHT="117">
						<TextLine ID="line_19" HPOS="228" VPOS="818" WIDTH="796" HEIGHT="26">
							<String ID="string_94" HPOS="228" VPOS="824" WIDTH="26" HEIGHT="14" WC="0.89" CONTENT="nr"/><SP WIDTH="10" VPOS="824" HPOS="254"/>
							<String ID="string_95" HPOS="264" VPOS="818" WIDTH="10" HEIGHT="20" WC="0.76" CONTENT="1"/><SP WIDTH="13" VPOS="818" HPOS="274"/>
							<String ID="string_96" HPOS="287" VPOS="818" WIDTH="7" HEIGHT="20" WC="0.76" CONTENT="i"/><SP WIDTH="11" VPOS="818" HPOS="294"/>
							<String ID="string_97" HPOS="305" VPOS="818" WIDTH="117" HEIGHT="26" WC="0.96" CONTENT="Stenberga"/><SP WIDTH="15" VPOS="818" HPOS="422"/>
							<String ID="string_98" HPOS="437" VPOS="818" WIDTH="85" HEIGHT="25" WC="0.96" CONTENT="socken,"/><SP WIDTH="11" VPOS="818" HPOS="522"/>
							<String ID="string_99" HPOS="533" VPOS="818" WIDTH="68" HEIGHT="21" WC="0.93" CONTENT="vilket"/><SP WIDTH="10" VPOS="818" HPOS="601"/>
							<String ID="string_100" HPOS="611" VPOS="819" WIDTH="87" HEIGHT="25" WC="0.92" CONTENT="angives"/><SP WIDTH="11" VPOS="819" HPOS="698"/>
							<String ID="string_101" HPOS="709" VPOS="819" WIDTH="12" HEIGHT="19" WC="0.92" CONTENT="å"/><SP WIDTH="12" VPOS="819" HPOS="721"/>
							<String ID="string_102" HPOS="733" VPOS="825" WIDTH="27" HEIGHT="14" WC="0.96" CONTENT="en"/><SP WIDTH="12" VPOS="825" HPOS="760"/>
							<String ID="string_103" HPOS="772" VPOS="819" WIDTH="7" HEIGHT="19" WC="0.92" CONTENT="i"/><SP WIDTH="12" VPOS="819" HPOS="779"/>
							<String ID="string_104" HPOS="791" VPOS="818" WIDTH="233" HEIGHT="26" WC="0.90" CONTENT="statsrådsprotokollet"/>
						</TextLine>
						<TextLine ID="line_20" HPOS="228" VPOS="848" WIDTH="795" HEIGHT="27">
							<String ID="string_105" HPOS="228" VPOS="848" WIDTH="130" HEIGHT="20" WC="0.92" CONTENT="omförmäld"/><SP WIDTH="23" VPOS="848" HPOS="358"/>
							<String ID="string_106" HPOS="381" VPOS="855" WIDTH="26" HEIGHT="13" WC="0.91" CONTENT="av"/><SP WIDTH="19" VPOS="855" HPOS="407"/>
							<String ID="string_107" HPOS="426" VPOS="848" WIDTH="239" HEIGHT="21" WC="0.90" CONTENT="distriktslantmätaren"/><SP WIDTH="17" VPOS="848" HPOS="665"/>
							<String ID="string_108" HPOS="682" VPOS="848" WIDTH="58" HEIGHT="21" WC="0.92" CONTENT="Edw."/><SP WIDTH="18" VPOS="848" HPOS="740"/>
							<String ID="string_109" HPOS="758" VPOS="848" WIDTH="84" HEIGHT="26" WC="0.96" CONTENT="Ekberg"/><SP WIDTH="15" VPOS="848" HPOS="842"/>
							<String ID="string_110" HPOS="857" VPOS="849" WIDTH="23" HEIGHT="19" WC="0.96" CONTENT="år"/><SP WIDTH="18" VPOS="849" HPOS="880"/>
							<String ID="string_111" HPOS="898" VPOS="848" WIDTH="55" HEIGHT="20" WC="0.93" CONTENT="1926"/><SP WIDTH="17" VPOS="848" HPOS="953"/>
							<String ID="string_112" HPOS="970" VPOS="855" WIDTH="53" HEIGHT="20" WC="0.92" CONTENT="upp-"/>
						</TextLine>
						<TextLine ID="line_21" HPOS="227" VPOS="878" WIDTH="796" HEIGHT="26">
							<String ID="string_113" HPOS="227" VPOS="878" WIDTH="71" HEIGHT="20" WC="0.96" CONTENT="rättad"/><SP WIDTH="17" VPOS="878" HPOS="298"/>
							<String ID="string_114" HPOS="315" VPOS="878" WIDTH="66" HEIGHT="23" WC="0.96" CONTENT="karta,"/><SP WIDTH="17" VPOS="878" HPOS="381"/>
							<String ID="string_115" HPOS="398" VPOS="879" WIDTH="36" HEIGHT="19" WC="0.96" CONTENT="må"/><SP WIDTH="15" VPOS="879" HPOS="434"/>
							<String ID="string_116" HPOS="449" VPOS="878" WIDTH="50" HEIGHT="21" WC="0.96" CONTENT="med"/><SP WIDTH="16" VPOS="878" HPOS="499"/>
							<String ID="string_117" HPOS="515" VPOS="878" WIDTH="110" HEIGHT="26" WC="0.96" CONTENT="undantag"/><SP WIDTH="15" VPOS="878" HPOS="625"/>
							<String ID="string_118" HPOS="640" VPOS="879" WIDTH="33" HEIGHT="20" WC="0.96" CONTENT="för"/><SP WIDTH="15" VPOS="879" HPOS="673"/>
							<String ID="string_119" HPOS="688" VPOS="879" WIDTH="8" HEIGHT="19" WC="0.96" CONTENT="i"/><SP WIDTH="15" VPOS="879" HPOS="696"/>
							<String ID="string_120" HPOS="711" VPOS="885" WIDTH="84" HEIGHT="14" WC="0.95" CONTENT="samma"/><SP WIDTH="15" VPOS="885" HPOS="795"/>
							<String ID="string_121" HPOS="810" VPOS="878" WIDTH="106" HEIGHT="26" WC="0.94" CONTENT="protokoll"/><SP WIDTH="16" VPOS="878" HPOS="916"/>
							<String ID="string_122" HPOS="932" VPOS="879" WIDTH="91" HEIGHT="25" WC="0.96" CONTENT="angiven"/>
						</TextLine>
						<TextLine ID="line_22" HPOS="228" VPOS="907" WIDTH="699" HEIGHT="28">
							<String ID="string_123" HPOS="228" VPOS="907" WIDTH="61" HEIGHT="21" WC="0.96" CONTENT="mark"/><SP WIDTH="16" VPOS="907" HPOS="289"/>
							<String ID="string_124" HPOS="305" VPOS="908" WIDTH="33" HEIGHT="20" WC="0.93" CONTENT="för"/><SP WIDTH="16" VPOS="908" HPOS="338"/>
							<String ID="string_125" HPOS="354" VPOS="908" WIDTH="141" HEIGHT="27" WC="0.91" CONTENT="utfartsvägar"/><SP WIDTH="15" VPOS="908" HPOS="495"/>
							<String ID="string_126" HPOS="510" VPOS="908" WIDTH="99" HEIGHT="27" WC="0.90" CONTENT="försäljas"/><SP WIDTH="16" VPOS="908" HPOS="609"/>
							<String ID="string_127" HPOS="625" VPOS="908" WIDTH="34" HEIGHT="21" WC="0.93" CONTENT="till"/><SP WIDTH="15" VPOS="908" HPOS="659"/>
							<String ID="string_128" HPOS="674" VPOS="908" WIDTH="19" HEIGHT="21" WC="0.90" CONTENT="J."/><SP WIDTH="17" VPOS="908" HPOS="693"/>
							<String ID="string_129" HPOS="710" VPOS="908" WIDTH="22" HEIGHT="21" WC="0.91" CONTENT="P."/><SP WIDTH="17" VPOS="908" HPOS="732"/>
							<String ID="string_130" HPOS="749" VPOS="908" WIDTH="178" HEIGHT="21" WC="0.96" CONTENT="Alexandersson."/>
						</TextLine>
					</TextBlock>
				</ComposedBlock>
				<ComposedBlock ID="cblock_12" HPOS="171" VPOS="984" WIDTH="850" HEIGHT="29">
					<TextBlock ID="block_12" HPOS="171" VPOS="984" WIDTH="850" HEIGHT="29">
						<TextLine ID="line_23" HPOS="171" VPOS="984" WIDTH="850" HEIGHT="29">
							<String ID="string_131" HPOS="171" VPOS="990" WIDTH="23" HEIGHT="16" WC="0.93" CONTENT="21"/><SP WIDTH="19" VPOS="990" HPOS="194"/>
							<String ID="string_132" HPOS="213" VPOS="986" WIDTH="38" HEIGHT="20" WC="0.90" CONTENT="RD"/><SP WIDTH="16" VPOS="986" HPOS="251"/>
							<String ID="string_133" HPOS="267" VPOS="985" WIDTH="114" HEIGHT="27" WC="0.92" CONTENT="medgiver,"/><SP WIDTH="17" VPOS="985" HPOS="381"/>
							<String ID="string_134" HPOS="398" VPOS="986" WIDTH="119" HEIGHT="25" WC="0.71" CONTENT="att,-sedan"/><SP WIDTH="12" VPOS="986" HPOS="517"/>
							<String ID="string_135" HPOS="529" VPOS="986" WIDTH="199" HEIGHT="27" WC="0.91" CONTENT="kronoegendomen"/><SP WIDTH="11" VPOS="986" HPOS="728"/>
							<String ID="string_136" HPOS="739" VPOS="984" WIDTH="29" HEIGHT="29" WC="0.68" CONTENT="!/,"/><SP WIDTH="11" VPOS="984" HPOS="768"/>
							<String ID="string_137" HPOS="779" VPOS="986" WIDTH="81" HEIGHT="20" WC="0.96" CONTENT="mantal"/><SP WIDTH="12" VPOS="986" HPOS="860"/>
							<String ID="string_138" HPOS="872" VPOS="986" WIDTH="88" HEIGHT="27" WC="0.96" CONTENT="Hultsjö"/><SP WIDTH="11" VPOS="986" HPOS="960"/>
							<String ID="string_139" HPOS="971" VPOS="993" WIDTH="26" HEIGHT="13" WC="0.96" CONTENT="nr"/><SP WIDTH="11" VPOS="993" HPOS="997"/>
							<String ID="string_140" HPOS="1008" VPOS="986" WIDTH="13" HEIGHT="20" WC="0.97" CONTENT="3"/>
						</TextLine>
					</TextBlock>
				</ComposedBlock>
				<ComposedBlock ID="cblock_13" HPOS="228" VPOS="1016" WIDTH="796" HEIGHT="354">
					<TextBlock ID="block_13" HPOS="228" VPOS="1016" WIDTH="796" HEIGHT="354">
						<TextLine ID="line_24" HPOS="228" VPOS="1016" WIDTH="793" HEIGHT="27">
							<String ID="string_141" HPOS="228" VPOS="1016" WIDTH="146" HEIGHT="27" WC="0.90" CONTENT="Bergagården"/><SP WIDTH="16" VPOS="1016" HPOS="374"/>
							<String ID="string_142" HPOS="390" VPOS="1017" WIDTH="7" HEIGHT="19" WC="0.96" CONTENT="i"/><SP WIDTH="16" VPOS="1017" HPOS="397"/>
							<String ID="string_143" HPOS="413" VPOS="1017" WIDTH="90" HEIGHT="26" WC="0.96" CONTENT="Hultsjö"/><SP WIDTH="23" VPOS="1017" HPOS="503"/>
							<String ID="string_144" HPOS="526" VPOS="1017" WIDTH="78" HEIGHT="20" WC="0.94" CONTENT="socken"/><SP WIDTH="23" VPOS="1017" HPOS="604"/>
							<String ID="string_145" HPOS="627" VPOS="1016" WIDTH="62" HEIGHT="21" WC="0.94" CONTENT="blivit"/><SP WIDTH="17" VPOS="1016" HPOS="689"/>
							<String ID="string_146" HPOS="706" VPOS="1016" WIDTH="97" HEIGHT="21" WC="0.96" CONTENT="fördelad"/><SP WIDTH="16" VPOS="1016" HPOS="803"/>
							<String ID="string_147" HPOS="819" VPOS="1017" WIDTH="7" HEIGHT="19" WC="0.96" CONTENT="i"/><SP WIDTH="16" VPOS="1017" HPOS="826"/>
							<String ID="string_148" HPOS="842" VPOS="1019" WIDTH="31" HEIGHT="18" WC="0.96" CONTENT="tre"/><SP WIDTH="16" VPOS="1019" HPOS="873"/>
							<String ID="string_149" HPOS="889" VPOS="1017" WIDTH="7" HEIGHT="19" WC="0.93" CONTENT="i"/><SP WIDTH="16" VPOS="1017" HPOS="896"/>
							<String ID="string_150" HPOS="912" VPOS="1016" WIDTH="109" HEIGHT="21" WC="0.92" CONTENT="statsråds-"/>
						</TextLine>
						<TextLine ID="line_25" HPOS="228" VPOS="1044" WIDTH="793" HEIGHT="28">
							<String ID="string_151" HPOS="228" VPOS="1046" WIDTH="129" HEIGHT="26" WC="0.95" CONTENT="protokollet"/><SP WIDTH="23" VPOS="1046" HPOS="357"/>
							<String ID="string_152" HPOS="380" VPOS="1047" WIDTH="91" HEIGHT="25" WC="0.93" CONTENT="angivna"/><SP WIDTH="23" VPOS="1047" HPOS="471"/>
							<String ID="string_153" HPOS="494" VPOS="1047" WIDTH="70" HEIGHT="23" WC="0.93" CONTENT="lotter,"/><SP WIDTH="16" VPOS="1047" HPOS="564"/>
							<String ID="string_154" HPOS="580" VPOS="1047" WIDTH="67" HEIGHT="19" WC="0.96" CONTENT="lotten"/><SP WIDTH="16" VPOS="1047" HPOS="647"/>
							<String ID="string_155" HPOS="663" VPOS="1046" WIDTH="41" HEIGHT="20" WC="0.93" CONTENT="litt."/><SP WIDTH="17" VPOS="1046" HPOS="704"/>
							<String ID="string_156" HPOS="721" VPOS="1047" WIDTH="19" HEIGHT="19" WC="0.93" CONTENT="A"/><SP WIDTH="16" VPOS="1047" HPOS="740"/>
							<String ID="string_157" HPOS="756" VPOS="1047" WIDTH="36" HEIGHT="19" WC="0.90" CONTENT="må"/><SP WIDTH="15" VPOS="1047" HPOS="792"/>
							<String ID="string_158" HPOS="807" VPOS="1046" WIDTH="98" HEIGHT="26" WC="0.90" CONTENT="försäljas"/><SP WIDTH="15" VPOS="1046" HPOS="905"/>
							<String ID="string_159" HPOS="920" VPOS="1044" WIDTH="101" HEIGHT="27" WC="0.96" CONTENT="antingen"/>
						</TextLine>
						<TextLine ID="line_26" HPOS="228" VPOS="1075" WIDTH="795" HEIGHT="27">
							<String ID="string_160" HPOS="228" VPOS="1075" WIDTH="33" HEIGHT="21" WC="0.93" CONTENT="till"/><SP WIDTH="17" VPOS="1075" HPOS="261"/>
							<String ID="string_161" HPOS="278" VPOS="1076" WIDTH="142" HEIGHT="25" WC="0.91" CONTENT="egendomens"/><SP WIDTH="16" VPOS="1076" HPOS="420"/>
							<String ID="string_162" HPOS="436" VPOS="1076" WIDTH="123" HEIGHT="20" WC="0.93" CONTENT="arrendator"/><SP WIDTH="15" VPOS="1076" HPOS="559"/>
							<String ID="string_163" HPOS="574" VPOS="1076" WIDTH="21" HEIGHT="20" WC="0.92" CONTENT="P."/><SP WIDTH="17" VPOS="1076" HPOS="595"/>
							<String ID="string_164" HPOS="612" VPOS="1076" WIDTH="121" HEIGHT="20" WC="0.96" CONTENT="Johansson"/><SP WIDTH="16" VPOS="1076" HPOS="733"/>
							<String ID="string_165" HPOS="749" VPOS="1076" WIDTH="33" HEIGHT="20" WC="0.96" CONTENT="för"/><SP WIDTH="16" VPOS="1076" HPOS="782"/>
							<String ID="string_166" HPOS="798" VPOS="1082" WIDTH="26" HEIGHT="13" WC="0.96" CONTENT="en"/><SP WIDTH="16" VPOS="1082" HPOS="824"/>
							<String ID="string_167" HPOS="840" VPOS="1076" WIDTH="144" HEIGHT="26" WC="0.96" CONTENT="köpeskilling"/><SP WIDTH="12" VPOS="1076" HPOS="984"/>
							<String ID="string_168" HPOS="996" VPOS="1082" WIDTH="27" HEIGHT="14" WC="0.96" CONTENT="av"/>
						</TextLine>
						<TextLine ID="line_27" HPOS="228" VPOS="1105" WIDTH="794" HEIGHT="27">
							<String ID="string_169" HPOS="228" VPOS="1105" WIDTH="80" HEIGHT="21" WC="0.96" CONTENT="21400"/><SP WIDTH="24" VPOS="1105" HPOS="308"/>
							<String ID="string_170" HPOS="332" VPOS="1106" WIDTH="31" HEIGHT="19" WC="0.96" CONTENT="kr."/><SP WIDTH="21" VPOS="1106" HPOS="363"/>
							<String ID="string_171" HPOS="384" VPOS="1107" WIDTH="31" HEIGHT="19" WC="0.96" CONTENT="att"/><SP WIDTH="16" VPOS="1107" HPOS="415"/>
							<String ID="string_172" HPOS="431" VPOS="1106" WIDTH="94" HEIGHT="26" WC="0.96" CONTENT="erläggas"/><SP WIDTH="16" VPOS="1106" HPOS="525"/>
							<String ID="string_173" HPOS="541" VPOS="1106" WIDTH="50" HEIGHT="20" WC="0.96" CONTENT="med"/><SP WIDTH="16" VPOS="1106" HPOS="591"/>
							<String ID="string_174" HPOS="607" VPOS="1113" WIDTH="26" HEIGHT="13" WC="0.92" CONTENT="en"/><SP WIDTH="16" VPOS="1113" HPOS="633"/>
							<String ID="string_175" HPOS="649" VPOS="1105" WIDTH="100" HEIGHT="27" WC="0.92" CONTENT="sjättedel"/><SP WIDTH="15" VPOS="1105" HPOS="749"/>
							<String ID="string_176" HPOS="764" VPOS="1105" WIDTH="37" HEIGHT="21" WC="0.96" CONTENT="vid"/><SP WIDTH="16" VPOS="1105" HPOS="801"/>
							<String ID="string_177" HPOS="817" VPOS="1105" WIDTH="104" HEIGHT="21" WC="0.96" CONTENT="tillträdet"/><SP WIDTH="15" VPOS="1105" HPOS="921"/>
							<String ID="string_178" HPOS="936" VPOS="1105" WIDTH="42" HEIGHT="21" WC="0.97" CONTENT="den"/><SP WIDTH="17" VPOS="1105" HPOS="978"/>
							<String ID="string_179" HPOS="995" VPOS="1105" WIDTH="27" HEIGHT="21" WC="0.96" CONTENT="14"/>
						</TextLine>
						<TextLine ID="line_28" HPOS="228" VPOS="1135" WIDTH="795" HEIGHT="27">
							<String ID="string_180" HPOS="228" VPOS="1142" WIDTH="57" HEIGHT="14" WC="0.96" CONTENT="mars"/><SP WIDTH="18" VPOS="1142" HPOS="285"/>
							<String ID="string_181" HPOS="303" VPOS="1135" WIDTH="56" HEIGHT="20" WC="0.96" CONTENT="1929"/><SP WIDTH="17" VPOS="1135" HPOS="359"/>
							<String ID="string_182" HPOS="376" VPOS="1136" WIDTH="40" HEIGHT="20" WC="0.96" CONTENT="och"/><SP WIDTH="16" VPOS="1136" HPOS="416"/>
							<String ID="string_183" HPOS="432" VPOS="1142" WIDTH="26" HEIGHT="14" WC="0.93" CONTENT="en"/><SP WIDTH="16" VPOS="1142" HPOS="458"/>
							<String ID="string_184" HPOS="474" VPOS="1136" WIDTH="100" HEIGHT="26" WC="0.92" CONTENT="sjättedel"/><SP WIDTH="16" VPOS="1136" HPOS="574"/>
							<String ID="string_185" HPOS="590" VPOS="1136" WIDTH="41" HEIGHT="20" WC="0.96" CONTENT="den"/><SP WIDTH="17" VPOS="1136" HPOS="631"/>
							<String ID="string_186" HPOS="648" VPOS="1136" WIDTH="28" HEIGHT="20" WC="0.95" CONTENT="14"/><SP WIDTH="15" VPOS="1136" HPOS="676"/>
							<String ID="string_187" HPOS="691" VPOS="1142" WIDTH="57" HEIGHT="14" WC="0.95" CONTENT="mars"/><SP WIDTH="16" VPOS="1142" HPOS="748"/>
							<String ID="string_188" HPOS="764" VPOS="1136" WIDTH="59" HEIGHT="26" WC="0.96" CONTENT="varje"/><SP WIDTH="16" VPOS="1136" HPOS="823"/>
							<String ID="string_189" HPOS="839" VPOS="1142" WIDTH="26" HEIGHT="13" WC="0.96" CONTENT="av"/><SP WIDTH="13" VPOS="1142" HPOS="865"/>
							<String ID="string_190" HPOS="878" VPOS="1136" WIDTH="145" HEIGHT="26" WC="0.96" CONTENT="nästföljande"/>
						</TextLine>
						<TextLine ID="line_29" HPOS="229" VPOS="1165" WIDTH="793" HEIGHT="26">
							<String ID="string_191" HPOS="229" VPOS="1165" WIDTH="43" HEIGHT="20" WC="0.96" CONTENT="fem"/><SP WIDTH="20" VPOS="1165" HPOS="272"/>
							<String ID="string_192" HPOS="292" VPOS="1166" WIDTH="23" HEIGHT="19" WC="0.96" CONTENT="år"/><SP WIDTH="16" VPOS="1166" HPOS="315"/>
							<String ID="string_193" HPOS="331" VPOS="1167" WIDTH="56" HEIGHT="18" WC="0.95" CONTENT="samt"/><SP WIDTH="15" VPOS="1167" HPOS="387"/>
							<String ID="string_194" HPOS="402" VPOS="1165" WIDTH="68" HEIGHT="21" WC="0.95" CONTENT="under"/><SP WIDTH="15" VPOS="1165" HPOS="470"/>
							<String ID="string_195" HPOS="485" VPOS="1166" WIDTH="57" HEIGHT="20" WC="0.96" CONTENT="vissa"/><SP WIDTH="16" VPOS="1166" HPOS="542"/>
							<String ID="string_196" HPOS="558" VPOS="1166" WIDTH="91" HEIGHT="25" WC="0.96" CONTENT="angivna"/><SP WIDTH="16" VPOS="1166" HPOS="649"/>
							<String ID="string_197" HPOS="665" VPOS="1165" WIDTH="83" HEIGHT="25" WC="0.95" CONTENT="villkor,"/><SP WIDTH="17" VPOS="1165" HPOS="748"/>
							<String ID="string_198" HPOS="765" VPOS="1165" WIDTH="58" HEIGHT="25" WC="0.96" CONTENT="eller,"/><SP WIDTH="15" VPOS="1165" HPOS="823"/>
							<String ID="string_199" HPOS="838" VPOS="1165" WIDTH="70" HEIGHT="21" WC="0.93" CONTENT="därest"/><SP WIDTH="16" VPOS="1165" HPOS="908"/>
							<String ID="string_200" HPOS="924" VPOS="1165" WIDTH="98" HEIGHT="20" WC="0.92" CONTENT="bemälde"/>
						</TextLine>
						<TextLine ID="line_30" HPOS="228" VPOS="1195" WIDTH="794" HEIGHT="26">
							<String ID="string_201" HPOS="228" VPOS="1195" WIDTH="121" HEIGHT="21" WC="0.96" CONTENT="Johansson"/><SP WIDTH="16" VPOS="1195" HPOS="349"/>
							<String ID="string_202" HPOS="365" VPOS="1196" WIDTH="47" HEIGHT="19" WC="0.96" CONTENT="icke"/><SP WIDTH="16" VPOS="1196" HPOS="412"/>
							<String ID="string_203" HPOS="428" VPOS="1196" WIDTH="105" HEIGHT="25" WC="0.96" CONTENT="begagnar"/><SP WIDTH="15" VPOS="1196" HPOS="533"/>
							<String ID="string_204" HPOS="548" VPOS="1196" WIDTH="32" HEIGHT="25" WC="0.96" CONTENT="sig"/><SP WIDTH="15" VPOS="1196" HPOS="580"/>
							<String ID="string_205" HPOS="595" VPOS="1202" WIDTH="26" HEIGHT="14" WC="0.93" CONTENT="av"/><SP WIDTH="16" VPOS="1202" HPOS="621"/>
							<String ID="string_206" HPOS="637" VPOS="1195" WIDTH="143" HEIGHT="21" WC="0.91" CONTENT="omförmälda"/><SP WIDTH="10" VPOS="1195" HPOS="780"/>
							<String ID="string_207" HPOS="790" VPOS="1195" WIDTH="141" HEIGHT="26" WC="0.96" CONTENT="medgivande"/><SP WIDTH="11" VPOS="1195" HPOS="931"/>
							<String ID="string_208" HPOS="942" VPOS="1197" WIDTH="31" HEIGHT="18" WC="0.93" CONTENT="att"/><SP WIDTH="10" VPOS="1197" HPOS="973"/>
							<String ID="string_209" HPOS="983" VPOS="1196" WIDTH="39" HEIGHT="19" WC="0.92" CONTENT="för-"/>
						</TextLine>
						<TextLine ID="line_31" HPOS="228" VPOS="1225" WIDTH="795" HEIGHT="27">
							<String ID="string_210" HPOS="228" VPOS="1226" WIDTH="64" HEIGHT="19" WC="0.96" CONTENT="värva"/><SP WIDTH="16" VPOS="1226" HPOS="292"/>
							<String ID="string_211" HPOS="308" VPOS="1225" WIDTH="68" HEIGHT="20" WC="0.96" CONTENT="lotten"/><SP WIDTH="15" VPOS="1225" HPOS="376"/>
							<String ID="string_212" HPOS="391" VPOS="1225" WIDTH="34" HEIGHT="20" WC="0.93" CONTENT="för"/><SP WIDTH="15" VPOS="1225" HPOS="425"/>
							<String ID="string_213" HPOS="440" VPOS="1225" WIDTH="140" HEIGHT="20" WC="0.92" CONTENT="förenämnda"/><SP WIDTH="15" VPOS="1225" HPOS="580"/>
							<String ID="string_214" HPOS="595" VPOS="1225" WIDTH="149" HEIGHT="27" WC="0.93" CONTENT="köpeskilling,"/><SP WIDTH="15" VPOS="1225" HPOS="744"/>
							<String ID="string_215" HPOS="759" VPOS="1226" WIDTH="13" HEIGHT="19" WC="0.92" CONTENT="å"/><SP WIDTH="10" VPOS="1226" HPOS="772"/>
							<String ID="string_216" HPOS="782" VPOS="1225" WIDTH="98" HEIGHT="26" WC="0.96" CONTENT="offentlig"/><SP WIDTH="10" VPOS="1225" HPOS="880"/>
							<String ID="string_217" HPOS="890" VPOS="1225" WIDTH="88" HEIGHT="20" WC="0.96" CONTENT="auktion"/><SP WIDTH="12" VPOS="1225" HPOS="978"/>
							<String ID="string_218" HPOS="990" VPOS="1225" WIDTH="33" HEIGHT="20" WC="0.96" CONTENT="till"/>
						</TextLine>
						<TextLine ID="line_32" HPOS="228" VPOS="1254" WIDTH="795" HEIGHT="27">
							<String ID="string_219" HPOS="228" VPOS="1254" WIDTH="41" HEIGHT="21" WC="0.96" CONTENT="den"/><SP WIDTH="16" VPOS="1254" HPOS="269"/>
							<String ID="string_220" HPOS="285" VPOS="1255" WIDTH="173" HEIGHT="26" WC="0.96" CONTENT="högstbjudande"/><SP WIDTH="16" VPOS="1255" HPOS="458"/>
							<String ID="string_221" HPOS="474" VPOS="1255" WIDTH="68" HEIGHT="20" WC="0.96" CONTENT="under"/><SP WIDTH="16" VPOS="1255" HPOS="542"/>
							<String ID="string_222" HPOS="558" VPOS="1255" WIDTH="26" HEIGHT="20" WC="0.96" CONTENT="de"/><SP WIDTH="15" VPOS="1255" HPOS="584"/>
							<String ID="string_223" HPOS="599" VPOS="1256" WIDTH="7" HEIGHT="19" WC="0.96" CONTENT="i"/><SP WIDTH="16" VPOS="1256" HPOS="606"/>
							<String ID="string_224" HPOS="622" VPOS="1255" WIDTH="73" HEIGHT="20" WC="0.96" CONTENT="brevet"/><SP WIDTH="10" VPOS="1255" HPOS="695"/>
							<String ID="string_225" HPOS="705" VPOS="1255" WIDTH="41" HEIGHT="20" WC="0.96" CONTENT="den"/><SP WIDTH="12" VPOS="1255" HPOS="746"/>
							<String ID="string_226" HPOS="758" VPOS="1255" WIDTH="27" HEIGHT="19" WC="0.96" CONTENT="29"/><SP WIDTH="12" VPOS="1255" HPOS="785"/>
							<String ID="string_227" HPOS="797" VPOS="1256" WIDTH="44" HEIGHT="25" WC="0.96" CONTENT="maj"/><SP WIDTH="14" VPOS="1256" HPOS="841"/>
							<String ID="string_228" HPOS="855" VPOS="1255" WIDTH="56" HEIGHT="20" WC="0.96" CONTENT="1874"/><SP WIDTH="11" VPOS="1255" HPOS="911"/>
							<String ID="string_229" HPOS="922" VPOS="1255" WIDTH="101" HEIGHT="26" WC="0.96" CONTENT="stadgade"/>
						</TextLine>
						<TextLine ID="line_33" HPOS="228" VPOS="1284" WIDTH="796" HEIGHT="27">
							<String ID="string_230" HPOS="228" VPOS="1284" WIDTH="85" HEIGHT="24" WC="0.96" CONTENT="villkor,"/><SP WIDTH="17" VPOS="1284" HPOS="313"/>
							<String ID="string_231" HPOS="330" VPOS="1284" WIDTH="50" HEIGHT="21" WC="0.93" CONTENT="med"/><SP WIDTH="15" VPOS="1284" HPOS="380"/>
							<String ID="string_232" HPOS="395" VPOS="1285" WIDTH="149" HEIGHT="20" WC="0.91" CONTENT="tillträdesrätt"/><SP WIDTH="15" VPOS="1285" HPOS="544"/>
							<String ID="string_233" HPOS="559" VPOS="1285" WIDTH="33" HEIGHT="20" WC="0.96" CONTENT="för"/><SP WIDTH="16" VPOS="1285" HPOS="592"/>
							<String ID="string_234" HPOS="608" VPOS="1285" WIDTH="93" HEIGHT="26" WC="0.97" CONTENT="köparen"/><SP WIDTH="17" VPOS="1285" HPOS="701"/>
							<String ID="string_235" HPOS="718" VPOS="1284" WIDTH="41" HEIGHT="21" WC="0.96" CONTENT="den"/><SP WIDTH="18" VPOS="1284" HPOS="759"/>
							<String ID="string_236" HPOS="777" VPOS="1285" WIDTH="27" HEIGHT="19" WC="0.96" CONTENT="14"/><SP WIDTH="16" VPOS="1285" HPOS="804"/>
							<String ID="string_237" HPOS="820" VPOS="1291" WIDTH="56" HEIGHT="14" WC="0.96" CONTENT="mars"/><SP WIDTH="14" VPOS="1291" HPOS="876"/>
							<String ID="string_238" HPOS="890" VPOS="1284" WIDTH="65" HEIGHT="24" WC="0.96" CONTENT="1929;"/><SP WIDTH="13" VPOS="1284" HPOS="955"/>
							<String ID="string_239" HPOS="968" VPOS="1286" WIDTH="56" HEIGHT="19" WC="0.96" CONTENT="samt"/>
						</TextLine>
						<TextLine ID="line_34" HPOS="229" VPOS="1314" WIDTH="794" HEIGHT="27">
							<String ID="string_240" HPOS="229" VPOS="1314" WIDTH="68" HEIGHT="21" WC="0.96" CONTENT="lotten"/><SP WIDTH="15" VPOS="1314" HPOS="297"/>
							<String ID="string_241" HPOS="312" VPOS="1314" WIDTH="41" HEIGHT="21" WC="0.93" CONTENT="litt."/><SP WIDTH="17" VPOS="1314" HPOS="353"/>
							<String ID="string_242" HPOS="370" VPOS="1315" WIDTH="18" HEIGHT="19" WC="0.92" CONTENT="B"/><SP WIDTH="15" VPOS="1315" HPOS="388"/>
							<String ID="string_243" HPOS="403" VPOS="1316" WIDTH="37" HEIGHT="19" WC="0.93" CONTENT="må"/><SP WIDTH="10" VPOS="1316" HPOS="440"/>
							<String ID="string_244" HPOS="450" VPOS="1315" WIDTH="99" HEIGHT="26" WC="0.91" CONTENT="försäljas"/><SP WIDTH="11" VPOS="1315" HPOS="549"/>
							<String ID="string_245" HPOS="560" VPOS="1315" WIDTH="66" HEIGHT="26" WC="0.96" CONTENT="enligt"/><SP WIDTH="10" VPOS="1315" HPOS="626"/>
							<String ID="string_246" HPOS="636" VPOS="1314" WIDTH="99" HEIGHT="27" WC="0.96" CONTENT="gällande"/><SP WIDTH="10" VPOS="1314" HPOS="735"/>
							<String ID="string_247" HPOS="745" VPOS="1314" WIDTH="92" HEIGHT="26" WC="0.96" CONTENT="grunder"/><SP WIDTH="11" VPOS="1314" HPOS="837"/>
							<String ID="string_248" HPOS="848" VPOS="1315" WIDTH="33" HEIGHT="20" WC="0.96" CONTENT="för"/><SP WIDTH="10" VPOS="1315" HPOS="881"/>
							<String ID="string_249" HPOS="891" VPOS="1314" WIDTH="132" HEIGHT="27" WC="0.96" CONTENT="upplåtande"/>
						</TextLine>
						<TextLine ID="line_35" HPOS="229" VPOS="1344" WIDTH="561" HEIGHT="26">
							<String ID="string_250" HPOS="229" VPOS="1351" WIDTH="26" HEIGHT="14" WC="0.93" CONTENT="av"/><SP WIDTH="16" VPOS="1351" HPOS="255"/>
							<String ID="string_251" HPOS="271" VPOS="1344" WIDTH="239" HEIGHT="26" WC="0.91" CONTENT="egnahemslägenheter"/><SP WIDTH="15" VPOS="1344" HPOS="510"/>
							<String ID="string_252" HPOS="525" VPOS="1345" WIDTH="48" HEIGHT="20" WC="0.93" CONTENT="från"/><SP WIDTH="16" VPOS="1345" HPOS="573"/>
							<String ID="string_253" HPOS="589" VPOS="1344" WIDTH="201" HEIGHT="26" WC="0.91" CONTENT="kronoegendomar."/>
						</TextLine>
					</TextBlock>
				</ComposedBlock>
				<ComposedBlock ID="cblock_14" HPOS="172" VPOS="1421" WIDTH="852" HEIGHT="27">
					<TextBlock ID="block_14" HPOS="172" VPOS="1421" WIDTH="852" HEIGHT="27">
						<TextLine ID="line_36" HPOS="172" VPOS="1421" WIDTH="852" HEIGHT="27">
							<String ID="string_254" HPOS="172" VPOS="1427" WIDTH="25" HEIGHT="15" WC="0.92" CONTENT="22"/><SP WIDTH="17" VPOS="1427" HPOS="197"/>
							<String ID="string_255" HPOS="214" VPOS="1422" WIDTH="38" HEIGHT="20" WC="0.89" CONTENT="RD"/><SP WIDTH="16" VPOS="1422" HPOS="252"/>
							<String ID="string_256" HPOS="268" VPOS="1422" WIDTH="114" HEIGHT="26" WC="0.89" CONTENT="medgiver,"/><SP WIDTH="17" VPOS="1422" HPOS="382"/>
							<String ID="string_257" HPOS="399" VPOS="1424" WIDTH="32" HEIGHT="18" WC="0.96" CONTENT="att"/><SP WIDTH="14" VPOS="1424" HPOS="431"/>
							<String ID="string_258" HPOS="445" VPOS="1423" WIDTH="37" HEIGHT="19" WC="0.96" CONTENT="två"/><SP WIDTH="15" VPOS="1423" HPOS="482"/>
							<String ID="string_259" HPOS="497" VPOS="1422" WIDTH="7" HEIGHT="20" WC="0.93" CONTENT="i"/><SP WIDTH="16" VPOS="1422" HPOS="504"/>
							<String ID="string_260" HPOS="520" VPOS="1422" WIDTH="232" HEIGHT="26" WC="0.91" CONTENT="statsrådsprotokollet"/><SP WIDTH="15" VPOS="1422" HPOS="752"/>
							<String ID="string_261" HPOS="767" VPOS="1421" WIDTH="142" HEIGHT="21" WC="0.91" CONTENT="omförmälda"/><SP WIDTH="16" VPOS="1421" HPOS="909"/>
							<String ID="string_262" HPOS="925" VPOS="1424" WIDTH="47" HEIGHT="24" WC="0.96" CONTENT="torp"/><SP WIDTH="16" VPOS="1424" HPOS="972"/>
							<String ID="string_263" HPOS="988" VPOS="1422" WIDTH="36" HEIGHT="20" WC="0.96" CONTENT="må"/>
						</TextLine>
					</TextBlock>
				</ComposedBlock>
				<ComposedBlock ID="cblock_15" HPOS="229" VPOS="1451" WIDTH="796" HEIGHT="117">
					<TextBlock ID="block_15" HPOS="229" VPOS="1451" WIDTH="796" HEIGHT="117">
						<TextLine ID="line_37" HPOS="230" VPOS="1451" WIDTH="795" HEIGHT="27">
							<String ID="string_264" HPOS="230" VPOS="1454" WIDTH="47" HEIGHT="18" WC="0.95" CONTENT="vart"/><SP WIDTH="14" VPOS="1454" HPOS="277"/>
							<String ID="string_265" HPOS="291" VPOS="1452" WIDTH="33" HEIGHT="20" WC="0.96" CONTENT="för"/><SP WIDTH="16" VPOS="1452" HPOS="324"/>
							<String ID="string_266" HPOS="340" VPOS="1452" WIDTH="32" HEIGHT="26" WC="0.96" CONTENT="sig"/><SP WIDTH="15" VPOS="1452" HPOS="372"/>
							<String ID="string_267" HPOS="387" VPOS="1452" WIDTH="50" HEIGHT="20" WC="0.96" CONTENT="med"/><SP WIDTH="16" VPOS="1452" HPOS="437"/>
							<String ID="string_268" HPOS="453" VPOS="1452" WIDTH="7" HEIGHT="20" WC="0.96" CONTENT="i"/><SP WIDTH="16" VPOS="1452" HPOS="460"/>
							<String ID="string_269" HPOS="476" VPOS="1458" WIDTH="84" HEIGHT="14" WC="0.95" CONTENT="samma"/><SP WIDTH="15" VPOS="1458" HPOS="560"/>
							<String ID="string_270" HPOS="575" VPOS="1452" WIDTH="106" HEIGHT="26" WC="0.95" CONTENT="protokoll"/><SP WIDTH="16" VPOS="1452" HPOS="681"/>
							<String ID="string_271" HPOS="697" VPOS="1452" WIDTH="92" HEIGHT="26" WC="0.96" CONTENT="angivna"/><SP WIDTH="16" VPOS="1452" HPOS="789"/>
							<String ID="string_272" HPOS="805" VPOS="1451" WIDTH="129" HEIGHT="26" WC="0.96" CONTENT="begränsade"/><SP WIDTH="11" VPOS="1451" HPOS="934"/>
							<String ID="string_273" HPOS="945" VPOS="1452" WIDTH="80" HEIGHT="20" WC="0.96" CONTENT="arealer"/>
						</TextLine>
						<TextLine ID="line_38" HPOS="230" VPOS="1480" WIDTH="793" HEIGHT="29">
							<String ID="string_274" HPOS="230" VPOS="1482" WIDTH="47" HEIGHT="20" WC="0.88" CONTENT="från"/><SP WIDTH="23" VPOS="1482" HPOS="277"/>
							<String ID="string_275" HPOS="300" VPOS="1482" WIDTH="199" HEIGHT="26" WC="0.88" CONTENT="kronoegendomen"/><SP WIDTH="24" VPOS="1482" HPOS="499"/>
							<String ID="string_276" HPOS="523" VPOS="1480" WIDTH="28" HEIGHT="29" WC="0.17" CONTENT="1/,"/><SP WIDTH="17" VPOS="1480" HPOS="551"/>
							<String ID="string_277" HPOS="568" VPOS="1482" WIDTH="82" HEIGHT="20" WC="0.96" CONTENT="mantal"/><SP WIDTH="16" VPOS="1482" HPOS="650"/>
							<String ID="string_278" HPOS="666" VPOS="1482" WIDTH="56" HEIGHT="20" WC="0.96" CONTENT="Albo"/><SP WIDTH="15" VPOS="1482" HPOS="722"/>
							<String ID="string_279" HPOS="737" VPOS="1488" WIDTH="26" HEIGHT="14" WC="0.96" CONTENT="nr"/><SP WIDTH="16" VPOS="1488" HPOS="763"/>
							<String ID="string_280" HPOS="779" VPOS="1481" WIDTH="12" HEIGHT="20" WC="0.93" CONTENT="3"/><SP WIDTH="17" VPOS="1481" HPOS="791"/>
							<String ID="string_281" HPOS="808" VPOS="1481" WIDTH="116" HEIGHT="26" WC="0.92" CONTENT="Södergård"/><SP WIDTH="17" VPOS="1481" HPOS="924"/>
							<String ID="string_282" HPOS="941" VPOS="1482" WIDTH="7" HEIGHT="20" WC="0.93" CONTENT="i"/><SP WIDTH="16" VPOS="1482" HPOS="948"/>
							<String ID="string_283" HPOS="964" VPOS="1482" WIDTH="59" HEIGHT="20" WC="0.90" CONTENT="Kull-"/>
						</TextLine>
						<TextLine ID="line_39" HPOS="229" VPOS="1511" WIDTH="795" HEIGHT="27">
							<String ID="string_284" HPOS="229" VPOS="1513" WIDTH="59" HEIGHT="25" WC="0.93" CONTENT="torps"/><SP WIDTH="23" VPOS="1513" HPOS="288"/>
							<String ID="string_285" HPOS="311" VPOS="1512" WIDTH="77" HEIGHT="20" WC="0.84" CONTENT="socken"/><SP WIDTH="23" VPOS="1512" HPOS="388"/>
							<String ID="string_286" HPOS="411" VPOS="1512" WIDTH="99" HEIGHT="26" WC="0.84" CONTENT="försäljas"/><SP WIDTH="15" VPOS="1512" HPOS="510"/>
							<String ID="string_287" HPOS="525" VPOS="1512" WIDTH="51" HEIGHT="20" WC="0.93" CONTENT="med"/><SP WIDTH="16" VPOS="1512" HPOS="576"/>
							<String ID="string_288" HPOS="592" VPOS="1512" WIDTH="149" HEIGHT="20" WC="0.91" CONTENT="hembudsrätt"/><SP WIDTH="14" VPOS="1512" HPOS="741"/>
							<String ID="string_289" HPOS="755" VPOS="1511" WIDTH="82" HEIGHT="27" WC="0.96" CONTENT="jämväl"/><SP WIDTH="16" VPOS="1511" HPOS="837"/>
							<String ID="string_290" HPOS="853" VPOS="1512" WIDTH="33" HEIGHT="20" WC="0.96" CONTENT="för"/><SP WIDTH="15" VPOS="1512" HPOS="886"/>
							<String ID="string_291" HPOS="901" VPOS="1511" WIDTH="123" HEIGHT="21" WC="0.96" CONTENT="nuvarande"/>
						</TextLine>
						<TextLine ID="line_40" HPOS="229" VPOS="1542" WIDTH="470" HEIGHT="26">
							<String ID="string_292" HPOS="229" VPOS="1542" WIDTH="144" HEIGHT="20" WC="0.95" CONTENT="innehavaren"/><SP WIDTH="16" VPOS="1542" HPOS="373"/>
							<String ID="string_293" HPOS="389" VPOS="1548" WIDTH="26" HEIGHT="15" WC="0.96" CONTENT="av"/><SP WIDTH="15" VPOS="1548" HPOS="415"/>
							<String ID="string_294" HPOS="430" VPOS="1543" WIDTH="70" HEIGHT="25" WC="0.96" CONTENT="torpet"/><SP WIDTH="15" VPOS="1543" HPOS="500"/>
							<String ID="string_295" HPOS="515" VPOS="1542" WIDTH="48" HEIGHT="26" WC="0.96" CONTENT="Nya"/><SP WIDTH="15" VPOS="1542" HPOS="563"/>
							<String ID="string_296" HPOS="578" VPOS="1542" WIDTH="121" HEIGHT="26" WC="0.95" CONTENT="Svenstorp."/>
						</TextLine>
					</TextBlock>
				</ComposedBlock>
				<ComposedBlock ID="cblock_16" HPOS="172" VPOS="1613" WIDTH="850" HEIGHT="26">
					<TextBlock ID="block_16" HPOS="172" VPOS="1613" WIDTH="850" HEIGHT="26">
						<TextLine ID="line_41" HPOS="172" VPOS="1613" WIDTH="850" HEIGHT="26">
							<String ID="string_297" HPOS="172" VPOS="1618" WIDTH="25" HEIGHT="16" WC="0.71" CONTENT="25"/><SP WIDTH="17" VPOS="1618" HPOS="197"/>
							<String ID="string_298" HPOS="214" VPOS="1614" WIDTH="38" HEIGHT="20" WC="0.90" CONTENT="RD"/><SP WIDTH="16" VPOS="1614" HPOS="252"/>
							<String ID="string_299" HPOS="268" VPOS="1613" WIDTH="114" HEIGHT="26" WC="0.90" CONTENT="medgiver,"/><SP WIDTH="18" VPOS="1613" HPOS="382"/>
							<String ID="string_300" HPOS="400" VPOS="1615" WIDTH="37" HEIGHT="22" WC="0.96" CONTENT="att,"/><SP WIDTH="17" VPOS="1615" HPOS="437"/>
							<String ID="string_301" HPOS="454" VPOS="1613" WIDTH="65" HEIGHT="21" WC="0.93" CONTENT="sedan"/><SP WIDTH="15" VPOS="1613" HPOS="519"/>
							<String ID="string_302" HPOS="534" VPOS="1613" WIDTH="200" HEIGHT="26" WC="0.91" CONTENT="kronoegendomen"/><SP WIDTH="18" VPOS="1613" HPOS="734"/>
							<String ID="string_303" HPOS="752" VPOS="1613" WIDTH="10" HEIGHT="20" WC="0.96" CONTENT="1"/><SP WIDTH="18" VPOS="1613" HPOS="762"/>
							<String ID="string_304" HPOS="780" VPOS="1613" WIDTH="82" HEIGHT="20" WC="0.93" CONTENT="mantal"/><SP WIDTH="15" VPOS="1613" HPOS="862"/>
							<String ID="string_305" HPOS="877" VPOS="1613" WIDTH="78" HEIGHT="26" WC="0.91" CONTENT="Rågsjö"/><SP WIDTH="16" VPOS="1613" HPOS="955"/>
							<String ID="string_306" HPOS="971" VPOS="1619" WIDTH="26" HEIGHT="13" WC="0.97" CONTENT="nr"/><SP WIDTH="13" VPOS="1619" HPOS="997"/>
							<String ID="string_307" HPOS="1010" VPOS="1613" WIDTH="12" HEIGHT="19" WC="0.96" CONTENT="2"/>
						</TextLine>
					</TextBlock>
				</ComposedBlock>
				<ComposedBlock ID="cblock_17" HPOS="228" VPOS="1643" WIDTH="796" HEIGHT="445">
					<TextBlock ID="block_17" HPOS="228" VPOS="1643" WIDTH="796" HEIGHT="445">
						<TextLine ID="line_42" HPOS="229" VPOS="1643" WIDTH="794" HEIGHT="27">
							<String ID="string_308" HPOS="229" VPOS="1644" WIDTH="40" HEIGHT="20" WC="0.96" CONTENT="och"/><SP WIDTH="16" VPOS="1644" HPOS="269"/>
							<String ID="string_309" HPOS="285" VPOS="1643" WIDTH="12" HEIGHT="20" WC="0.93" CONTENT="3"/><SP WIDTH="17" VPOS="1643" HPOS="297"/>
							<String ID="string_310" HPOS="314" VPOS="1643" WIDTH="130" HEIGHT="27" WC="0.91" CONTENT="Bengtsgård"/><SP WIDTH="15" VPOS="1643" HPOS="444"/>
							<String ID="string_311" HPOS="459" VPOS="1644" WIDTH="40" HEIGHT="20" WC="0.93" CONTENT="och"/><SP WIDTH="16" VPOS="1644" HPOS="499"/>
							<String ID="string_312" HPOS="515" VPOS="1643" WIDTH="115" HEIGHT="26" WC="0.91" CONTENT="Larsagård"/><SP WIDTH="16" VPOS="1643" HPOS="630"/>
							<String ID="string_313" HPOS="646" VPOS="1643" WIDTH="7" HEIGHT="20" WC="0.93" CONTENT="i"/><SP WIDTH="16" VPOS="1643" HPOS="653"/>
							<String ID="string_314" HPOS="669" VPOS="1643" WIDTH="101" HEIGHT="27" WC="0.91" CONTENT="Nävelsjö"/><SP WIDTH="16" VPOS="1643" HPOS="770"/>
							<String ID="string_315" HPOS="786" VPOS="1643" WIDTH="77" HEIGHT="20" WC="0.96" CONTENT="socken"/><SP WIDTH="11" VPOS="1643" HPOS="863"/>
							<String ID="string_316" HPOS="874" VPOS="1643" WIDTH="63" HEIGHT="20" WC="0.96" CONTENT="blivit"/><SP WIDTH="9" VPOS="1643" HPOS="937"/>
							<String ID="string_317" HPOS="946" VPOS="1649" WIDTH="77" HEIGHT="20" WC="0.96" CONTENT="genom"/>
						</TextLine>
						<TextLine ID="line_43" HPOS="230" VPOS="1672" WIDTH="792" HEIGHT="28">
							<String ID="string_318" HPOS="230" VPOS="1673" WIDTH="153" HEIGHT="27" WC="0.91" CONTENT="ägostyckning"/><SP WIDTH="22" VPOS="1673" HPOS="383"/>
							<String ID="string_319" HPOS="405" VPOS="1673" WIDTH="97" HEIGHT="20" WC="0.96" CONTENT="fördelad"/><SP WIDTH="15" VPOS="1673" HPOS="502"/>
							<String ID="string_320" HPOS="517" VPOS="1673" WIDTH="8" HEIGHT="20" WC="0.96" CONTENT="i"/><SP WIDTH="15" VPOS="1673" HPOS="525"/>
							<String ID="string_321" HPOS="540" VPOS="1674" WIDTH="37" HEIGHT="19" WC="0.96" CONTENT="två"/><SP WIDTH="22" VPOS="1674" HPOS="577"/>
							<String ID="string_322" HPOS="599" VPOS="1673" WIDTH="69" HEIGHT="24" WC="0.96" CONTENT="lotter,"/><SP WIDTH="24" VPOS="1673" HPOS="668"/>
							<String ID="string_323" HPOS="692" VPOS="1673" WIDTH="133" HEIGHT="20" WC="0.96" CONTENT="omfattande"/><SP WIDTH="19" VPOS="1673" HPOS="825"/>
							<String ID="string_324" HPOS="844" VPOS="1672" WIDTH="42" HEIGHT="20" WC="0.96" CONTENT="den"/><SP WIDTH="17" VPOS="1672" HPOS="886"/>
							<String ID="string_325" HPOS="903" VPOS="1679" WIDTH="40" HEIGHT="13" WC="0.96" CONTENT="ena"/><SP WIDTH="15" VPOS="1679" HPOS="943"/>
							<String ID="string_326" HPOS="958" VPOS="1672" WIDTH="41" HEIGHT="20" WC="0.96" CONTENT="den"/><SP WIDTH="17" VPOS="1672" HPOS="999"/>
							<String ID="string_327" HPOS="1016" VPOS="1673" WIDTH="6" HEIGHT="19" WC="0.96" CONTENT="i"/>
						</TextLine>
						<TextLine ID="line_44" HPOS="230" VPOS="1702" WIDTH="792" HEIGHT="27">
							<String ID="string_328" HPOS="230" VPOS="1703" WIDTH="232" HEIGHT="26" WC="0.91" CONTENT="statsrådsprotokollet"/><SP WIDTH="16" VPOS="1703" HPOS="462"/>
							<String ID="string_329" HPOS="478" VPOS="1704" WIDTH="92" HEIGHT="25" WC="0.95" CONTENT="angivna"/><SP WIDTH="15" VPOS="1704" HPOS="570"/>
							<String ID="string_330" HPOS="585" VPOS="1703" WIDTH="50" HEIGHT="20" WC="0.96" CONTENT="med"/><SP WIDTH="16" VPOS="1703" HPOS="635"/>
							<String ID="string_331" HPOS="651" VPOS="1703" WIDTH="41" HEIGHT="20" WC="0.90" CONTENT="litt."/><SP WIDTH="12" VPOS="1703" HPOS="692"/>
							<String ID="string_332" HPOS="704" VPOS="1704" WIDTH="25" HEIGHT="23" WC="0.89" CONTENT="A,"/><SP WIDTH="12" VPOS="1704" HPOS="729"/>
							<String ID="string_333" HPOS="741" VPOS="1703" WIDTH="17" HEIGHT="19" WC="0.92" CONTENT="B"/><SP WIDTH="11" VPOS="1703" HPOS="758"/>
							<String ID="string_334" HPOS="769" VPOS="1703" WIDTH="39" HEIGHT="20" WC="0.93" CONTENT="och"/><SP WIDTH="12" VPOS="1703" HPOS="808"/>
							<String ID="string_335" HPOS="820" VPOS="1703" WIDTH="16" HEIGHT="19" WC="0.91" CONTENT="C"/><SP WIDTH="12" VPOS="1703" HPOS="836"/>
							<String ID="string_336" HPOS="848" VPOS="1702" WIDTH="129" HEIGHT="20" WC="0.95" CONTENT="betecknade"/><SP WIDTH="11" VPOS="1702" HPOS="977"/>
							<String ID="string_337" HPOS="988" VPOS="1702" WIDTH="34" HEIGHT="20" WC="0.95" CONTENT="del"/>
						</TextLine>
						<TextLine ID="line_45" HPOS="229" VPOS="1731" WIDTH="794" HEIGHT="28">
							<String ID="string_338" HPOS="229" VPOS="1739" WIDTH="26" HEIGHT="14" WC="0.96" CONTENT="av"/><SP WIDTH="16" VPOS="1739" HPOS="255"/>
							<String ID="string_339" HPOS="271" VPOS="1733" WIDTH="131" HEIGHT="26" WC="0.95" CONTENT="egendomen"/><SP WIDTH="16" VPOS="1733" HPOS="402"/>
							<String ID="string_340" HPOS="418" VPOS="1733" WIDTH="40" HEIGHT="20" WC="0.96" CONTENT="och"/><SP WIDTH="16" VPOS="1733" HPOS="458"/>
							<String ID="string_341" HPOS="474" VPOS="1733" WIDTH="41" HEIGHT="20" WC="0.96" CONTENT="den"/><SP WIDTH="16" VPOS="1733" HPOS="515"/>
							<String ID="string_342" HPOS="531" VPOS="1733" WIDTH="67" HEIGHT="20" WC="0.96" CONTENT="andra"/><SP WIDTH="15" VPOS="1733" HPOS="598"/>
							<String ID="string_343" HPOS="613" VPOS="1732" WIDTH="131" HEIGHT="27" WC="0.96" CONTENT="egendomen"/><SP WIDTH="16" VPOS="1732" HPOS="744"/>
							<String ID="string_344" HPOS="760" VPOS="1733" WIDTH="7" HEIGHT="19" WC="0.96" CONTENT="i"/><SP WIDTH="16" VPOS="1733" HPOS="767"/>
							<String ID="string_345" HPOS="783" VPOS="1732" WIDTH="75" HEIGHT="26" WC="0.96" CONTENT="övrigt,"/><SP WIDTH="16" VPOS="1732" HPOS="858"/>
							<String ID="string_346" HPOS="874" VPOS="1731" WIDTH="149" HEIGHT="21" WC="0.96" CONTENT="förstnämnda"/>
						</TextLine>
						<TextLine ID="line_46" HPOS="229" VPOS="1762" WIDTH="794" HEIGHT="27">
							<String ID="string_347" HPOS="229" VPOS="1763" WIDTH="165" HEIGHT="26" WC="0.91" CONTENT="styckningslott"/><SP WIDTH="10" VPOS="1763" HPOS="394"/>
							<String ID="string_348" HPOS="404" VPOS="1764" WIDTH="37" HEIGHT="19" WC="0.93" CONTENT="må"/><SP WIDTH="10" VPOS="1764" HPOS="441"/>
							<String ID="string_349" HPOS="451" VPOS="1763" WIDTH="99" HEIGHT="26" WC="0.90" CONTENT="försäljas"/><SP WIDTH="10" VPOS="1763" HPOS="550"/>
							<String ID="string_350" HPOS="560" VPOS="1763" WIDTH="101" HEIGHT="25" WC="0.95" CONTENT="antingen"/><SP WIDTH="9" VPOS="1763" HPOS="661"/>
							<String ID="string_351" HPOS="670" VPOS="1763" WIDTH="6" HEIGHT="19" WC="0.95" CONTENT="i"/><SP WIDTH="9" VPOS="1763" HPOS="676"/>
							<String ID="string_352" HPOS="685" VPOS="1762" WIDTH="71" HEIGHT="20" WC="0.96" CONTENT="odelat"/><SP WIDTH="10" VPOS="1762" HPOS="756"/>
							<String ID="string_353" HPOS="766" VPOS="1762" WIDTH="60" HEIGHT="20" WC="0.96" CONTENT="skick"/><SP WIDTH="11" VPOS="1762" HPOS="826"/>
							<String ID="string_354" HPOS="837" VPOS="1762" WIDTH="33" HEIGHT="20" WC="0.93" CONTENT="till"/><SP WIDTH="11" VPOS="1762" HPOS="870"/>
							<String ID="string_355" HPOS="881" VPOS="1762" WIDTH="142" HEIGHT="26" WC="0.92" CONTENT="egendomens"/>
						</TextLine>
						<TextLine ID="line_47" HPOS="229" VPOS="1791" WIDTH="792" HEIGHT="27">
							<String ID="string_356" HPOS="229" VPOS="1793" WIDTH="123" HEIGHT="20" WC="0.93" CONTENT="arrendator"/><SP WIDTH="22" VPOS="1793" HPOS="352"/>
							<String ID="string_357" HPOS="374" VPOS="1793" WIDTH="19" HEIGHT="20" WC="0.90" CONTENT="J."/><SP WIDTH="20" VPOS="1793" HPOS="393"/>
							<String ID="string_358" HPOS="413" VPOS="1794" WIDTH="25" HEIGHT="19" WC="0.92" CONTENT="A."/><SP WIDTH="17" VPOS="1794" HPOS="438"/>
							<String ID="string_359" HPOS="455" VPOS="1793" WIDTH="119" HEIGHT="20" WC="0.96" CONTENT="Pettersson"/><SP WIDTH="17" VPOS="1793" HPOS="574"/>
							<String ID="string_360" HPOS="591" VPOS="1794" WIDTH="46" HEIGHT="18" WC="0.96" CONTENT="mot"/><SP WIDTH="15" VPOS="1794" HPOS="637"/>
							<String ID="string_361" HPOS="652" VPOS="1799" WIDTH="26" HEIGHT="13" WC="0.96" CONTENT="en"/><SP WIDTH="16" VPOS="1799" HPOS="678"/>
							<String ID="string_362" HPOS="694" VPOS="1792" WIDTH="144" HEIGHT="26" WC="0.96" CONTENT="köpeskilling"/><SP WIDTH="15" VPOS="1792" HPOS="838"/>
							<String ID="string_363" HPOS="853" VPOS="1799" WIDTH="26" HEIGHT="13" WC="0.96" CONTENT="av"/><SP WIDTH="16" VPOS="1799" HPOS="879"/>
							<String ID="string_364" HPOS="895" VPOS="1791" WIDTH="26" HEIGHT="20" WC="0.91" CONTENT="31"/><SP WIDTH="11" VPOS="1791" HPOS="921"/>
							<String ID="string_365" HPOS="932" VPOS="1791" WIDTH="42" HEIGHT="21" WC="0.91" CONTENT="040"/><SP WIDTH="17" VPOS="1791" HPOS="974"/>
							<String ID="string_366" HPOS="991" VPOS="1791" WIDTH="30" HEIGHT="20" WC="0.95" CONTENT="kr."/>
						</TextLine>
						<TextLine ID="line_48" HPOS="229" VPOS="1821" WIDTH="793" HEIGHT="28">
							<String ID="string_367" HPOS="229" VPOS="1824" WIDTH="32" HEIGHT="19" WC="0.95" CONTENT="att"/><SP WIDTH="22" VPOS="1824" HPOS="261"/>
							<String ID="string_368" HPOS="283" VPOS="1823" WIDTH="94" HEIGHT="26" WC="0.95" CONTENT="erläggas"/><SP WIDTH="18" VPOS="1823" HPOS="377"/>
							<String ID="string_369" HPOS="395" VPOS="1823" WIDTH="50" HEIGHT="20" WC="0.96" CONTENT="med"/><SP WIDTH="16" VPOS="1823" HPOS="445"/>
							<String ID="string_370" HPOS="461" VPOS="1829" WIDTH="27" HEIGHT="14" WC="0.91" CONTENT="en"/><SP WIDTH="15" VPOS="1829" HPOS="488"/>
							<String ID="string_371" HPOS="503" VPOS="1822" WIDTH="100" HEIGHT="27" WC="0.90" CONTENT="sjättedel"/><SP WIDTH="16" VPOS="1822" HPOS="603"/>
							<String ID="string_372" HPOS="619" VPOS="1822" WIDTH="36" HEIGHT="20" WC="0.96" CONTENT="vid"/><SP WIDTH="15" VPOS="1822" HPOS="655"/>
							<String ID="string_373" HPOS="670" VPOS="1822" WIDTH="105" HEIGHT="20" WC="0.96" CONTENT="tillträdet"/><SP WIDTH="15" VPOS="1822" HPOS="775"/>
							<String ID="string_374" HPOS="790" VPOS="1822" WIDTH="41" HEIGHT="20" WC="0.96" CONTENT="den"/><SP WIDTH="18" VPOS="1822" HPOS="831"/>
							<String ID="string_375" HPOS="849" VPOS="1822" WIDTH="26" HEIGHT="19" WC="0.96" CONTENT="14"/><SP WIDTH="16" VPOS="1822" HPOS="875"/>
							<String ID="string_376" HPOS="891" VPOS="1828" WIDTH="58" HEIGHT="13" WC="0.96" CONTENT="mars"/><SP WIDTH="17" VPOS="1828" HPOS="949"/>
							<String ID="string_377" HPOS="966" VPOS="1821" WIDTH="56" HEIGHT="20" WC="0.96" CONTENT="1928"/>
						</TextLine>
						<TextLine ID="line_49" HPOS="229" VPOS="1851" WIDTH="794" HEIGHT="28">
							<String ID="string_378" HPOS="229" VPOS="1853" WIDTH="40" HEIGHT="20" WC="0.96" CONTENT="och"/><SP WIDTH="16" VPOS="1853" HPOS="269"/>
							<String ID="string_379" HPOS="285" VPOS="1859" WIDTH="26" HEIGHT="14" WC="0.93" CONTENT="en"/><SP WIDTH="16" VPOS="1859" HPOS="311"/>
							<String ID="string_380" HPOS="327" VPOS="1852" WIDTH="100" HEIGHT="27" WC="0.92" CONTENT="sjättedel"/><SP WIDTH="16" VPOS="1852" HPOS="427"/>
							<String ID="string_381" HPOS="443" VPOS="1853" WIDTH="58" HEIGHT="26" WC="0.96" CONTENT="varje"/><SP WIDTH="16" VPOS="1853" HPOS="501"/>
							<String ID="string_382" HPOS="517" VPOS="1859" WIDTH="26" HEIGHT="13" WC="0.96" CONTENT="av"/><SP WIDTH="16" VPOS="1859" HPOS="543"/>
							<String ID="string_383" HPOS="559" VPOS="1852" WIDTH="144" HEIGHT="26" WC="0.96" CONTENT="nästföljande"/><SP WIDTH="15" VPOS="1852" HPOS="703"/>
							<String ID="string_384" HPOS="718" VPOS="1852" WIDTH="45" HEIGHT="20" WC="0.96" CONTENT="fem"/><SP WIDTH="16" VPOS="1852" HPOS="763"/>
							<String ID="string_385" HPOS="779" VPOS="1852" WIDTH="23" HEIGHT="20" WC="0.96" CONTENT="år"/><SP WIDTH="15" VPOS="1852" HPOS="802"/>
							<String ID="string_386" HPOS="817" VPOS="1854" WIDTH="56" HEIGHT="18" WC="0.96" CONTENT="samt"/><SP WIDTH="16" VPOS="1854" HPOS="873"/>
							<String ID="string_387" HPOS="889" VPOS="1851" WIDTH="67" HEIGHT="21" WC="0.96" CONTENT="under"/><SP WIDTH="12" VPOS="1851" HPOS="956"/>
							<String ID="string_388" HPOS="968" VPOS="1851" WIDTH="55" HEIGHT="20" WC="0.96" CONTENT="vissa"/>
						</TextLine>
						<TextLine ID="line_50" HPOS="230" VPOS="1881" WIDTH="792" HEIGHT="27">
							<String ID="string_389" HPOS="230" VPOS="1883" WIDTH="91" HEIGHT="25" WC="0.95" CONTENT="angivna"/><SP WIDTH="15" VPOS="1883" HPOS="321"/>
							<String ID="string_390" HPOS="336" VPOS="1882" WIDTH="79" HEIGHT="21" WC="0.95" CONTENT="villkor"/><SP WIDTH="15" VPOS="1882" HPOS="415"/>
							<String ID="string_391" HPOS="430" VPOS="1882" WIDTH="57" HEIGHT="22" WC="0.96" CONTENT="eller,"/><SP WIDTH="16" VPOS="1882" HPOS="487"/>
							<String ID="string_392" HPOS="503" VPOS="1882" WIDTH="71" HEIGHT="21" WC="0.93" CONTENT="därest"/><SP WIDTH="15" VPOS="1882" HPOS="574"/>
							<String ID="string_393" HPOS="589" VPOS="1882" WIDTH="78" HEIGHT="20" WC="0.92" CONTENT="lottens"/><SP WIDTH="16" VPOS="1882" HPOS="667"/>
							<String ID="string_394" HPOS="683" VPOS="1882" WIDTH="127" HEIGHT="26" WC="0.95" CONTENT="försäljning"/><SP WIDTH="16" VPOS="1882" HPOS="810"/>
							<String ID="string_395" HPOS="826" VPOS="1882" WIDTH="6" HEIGHT="19" WC="0.96" CONTENT="i"/><SP WIDTH="17" VPOS="1882" HPOS="832"/>
							<String ID="string_396" HPOS="849" VPOS="1881" WIDTH="72" HEIGHT="20" WC="0.96" CONTENT="odelat"/><SP WIDTH="10" VPOS="1881" HPOS="921"/>
							<String ID="string_397" HPOS="931" VPOS="1881" WIDTH="60" HEIGHT="21" WC="0.96" CONTENT="skick"/><SP WIDTH="11" VPOS="1881" HPOS="991"/>
							<String ID="string_398" HPOS="1002" VPOS="1881" WIDTH="20" HEIGHT="27" WC="0.96" CONTENT="ej"/>
						</TextLine>
						<TextLine ID="line_51" HPOS="229" VPOS="1911" WIDTH="794" HEIGHT="27">
							<String ID="string_399" HPOS="229" VPOS="1913" WIDTH="98" HEIGHT="20" WC="0.96" CONTENT="kommer"/><SP WIDTH="15" VPOS="1913" HPOS="327"/>
							<String ID="string_400" HPOS="342" VPOS="1912" WIDTH="34" HEIGHT="20" WC="0.96" CONTENT="till"/><SP WIDTH="16" VPOS="1912" HPOS="376"/>
							<String ID="string_401" HPOS="392" VPOS="1912" WIDTH="69" HEIGHT="24" WC="0.96" CONTENT="stånd,"/><SP WIDTH="17" VPOS="1912" HPOS="461"/>
							<String ID="string_402" HPOS="478" VPOS="1912" WIDTH="53" HEIGHT="21" WC="0.96" CONTENT="efter"/><SP WIDTH="16" VPOS="1912" HPOS="531"/>
							<String ID="string_403" HPOS="547" VPOS="1912" WIDTH="113" HEIGHT="26" WC="0.96" CONTENT="styckning"/><SP WIDTH="16" VPOS="1912" HPOS="660"/>
							<String ID="string_404" HPOS="676" VPOS="1911" WIDTH="96" HEIGHT="25" WC="0.96" CONTENT="sålunda,"/><SP WIDTH="17" VPOS="1911" HPOS="772"/>
							<String ID="string_405" HPOS="789" VPOS="1914" WIDTH="32" HEIGHT="18" WC="0.96" CONTENT="att"/><SP WIDTH="15" VPOS="1914" HPOS="821"/>
							<String ID="string_406" HPOS="836" VPOS="1911" WIDTH="37" HEIGHT="21" WC="0.96" CONTENT="det"/><SP WIDTH="15" VPOS="1911" HPOS="873"/>
							<String ID="string_407" HPOS="888" VPOS="1911" WIDTH="49" HEIGHT="20" WC="0.96" CONTENT="med"/><SP WIDTH="14" VPOS="1911" HPOS="937"/>
							<String ID="string_408" HPOS="951" VPOS="1911" WIDTH="40" HEIGHT="20" WC="0.93" CONTENT="litt."/><SP WIDTH="16" VPOS="1911" HPOS="991"/>
							<String ID="string_409" HPOS="1007" VPOS="1911" WIDTH="16" HEIGHT="20" WC="0.91" CONTENT="C"/>
						</TextLine>
						<TextLine ID="line_52" HPOS="230" VPOS="1941" WIDTH="793" HEIGHT="25">
							<String ID="string_410" HPOS="230" VPOS="1942" WIDTH="131" HEIGHT="21" WC="0.96" CONTENT="betecknade"/><SP WIDTH="16" VPOS="1942" HPOS="361"/>
							<String ID="string_411" HPOS="377" VPOS="1942" WIDTH="86" HEIGHT="21" WC="0.95" CONTENT="område"/><SP WIDTH="16" VPOS="1942" HPOS="463"/>
							<String ID="string_412" HPOS="479" VPOS="1942" WIDTH="65" HEIGHT="20" WC="0.96" CONTENT="därav"/><SP WIDTH="16" VPOS="1942" HPOS="544"/>
							<String ID="string_413" HPOS="560" VPOS="1943" WIDTH="36" HEIGHT="19" WC="0.95" CONTENT="må"/><SP WIDTH="10" VPOS="1943" HPOS="596"/>
							<String ID="string_414" HPOS="606" VPOS="1942" WIDTH="34" HEIGHT="20" WC="0.93" CONTENT="till"/><SP WIDTH="11" VPOS="1942" HPOS="640"/>
							<String ID="string_415" HPOS="651" VPOS="1941" WIDTH="132" HEIGHT="21" WC="0.90" CONTENT="förbemälde"/><SP WIDTH="11" VPOS="1941" HPOS="783"/>
							<String ID="string_416" HPOS="794" VPOS="1941" WIDTH="119" HEIGHT="21" WC="0.93" CONTENT="Pettersson"/><SP WIDTH="11" VPOS="1941" HPOS="913"/>
							<String ID="string_417" HPOS="924" VPOS="1941" WIDTH="99" HEIGHT="25" WC="0.92" CONTENT="försäljas"/>
						</TextLine>
						<TextLine ID="line_53" HPOS="229" VPOS="1971" WIDTH="795" HEIGHT="28">
							<String ID="string_418" HPOS="229" VPOS="1972" WIDTH="67" HEIGHT="27" WC="0.96" CONTENT="enligt"/><SP WIDTH="22" VPOS="1972" HPOS="296"/>
							<String ID="string_419" HPOS="318" VPOS="1972" WIDTH="98" HEIGHT="26" WC="0.96" CONTENT="gällande"/><SP WIDTH="23" VPOS="1972" HPOS="416"/>
							<String ID="string_420" HPOS="439" VPOS="1972" WIDTH="92" HEIGHT="26" WC="0.96" CONTENT="grunder"/><SP WIDTH="18" VPOS="1972" HPOS="531"/>
							<String ID="string_421" HPOS="549" VPOS="1972" WIDTH="33" HEIGHT="20" WC="0.96" CONTENT="för"/><SP WIDTH="15" VPOS="1972" HPOS="582"/>
							<String ID="string_422" HPOS="597" VPOS="1971" WIDTH="131" HEIGHT="28" WC="0.96" CONTENT="upplåtande"/><SP WIDTH="16" VPOS="1971" HPOS="728"/>
							<String ID="string_423" HPOS="744" VPOS="1978" WIDTH="26" HEIGHT="14" WC="0.93" CONTENT="av"/><SP WIDTH="16" VPOS="1978" HPOS="770"/>
							<String ID="string_424" HPOS="786" VPOS="1971" WIDTH="238" HEIGHT="26" WC="0.91" CONTENT="egnahemslägenheter"/>
						</TextLine>
						<TextLine ID="line_54" HPOS="228" VPOS="2000" WIDTH="795" HEIGHT="28">
							<String ID="string_425" HPOS="228" VPOS="2003" WIDTH="48" HEIGHT="19" WC="0.93" CONTENT="från"/><SP WIDTH="16" VPOS="2003" HPOS="276"/>
							<String ID="string_426" HPOS="292" VPOS="2002" WIDTH="196" HEIGHT="26" WC="0.91" CONTENT="kronoegendomar"/><SP WIDTH="16" VPOS="2002" HPOS="488"/>
							<String ID="string_427" HPOS="504" VPOS="2004" WIDTH="56" HEIGHT="18" WC="0.96" CONTENT="samt"/><SP WIDTH="15" VPOS="2004" HPOS="560"/>
							<String ID="string_428" HPOS="575" VPOS="2002" WIDTH="67" HEIGHT="20" WC="0.96" CONTENT="lotten"/><SP WIDTH="16" VPOS="2002" HPOS="642"/>
							<String ID="string_429" HPOS="658" VPOS="2002" WIDTH="7" HEIGHT="19" WC="0.95" CONTENT="i"/><SP WIDTH="16" VPOS="2002" HPOS="665"/>
							<String ID="string_430" HPOS="681" VPOS="2002" WIDTH="68" HEIGHT="25" WC="0.93" CONTENT="övrigt"/><SP WIDTH="10" VPOS="2002" HPOS="749"/>
							<String ID="string_431" HPOS="759" VPOS="2002" WIDTH="13" HEIGHT="20" WC="0.93" CONTENT="å"/><SP WIDTH="10" VPOS="2002" HPOS="772"/>
							<String ID="string_432" HPOS="782" VPOS="2001" WIDTH="97" HEIGHT="26" WC="0.96" CONTENT="offentlig"/><SP WIDTH="11" VPOS="2001" HPOS="879"/>
							<String ID="string_433" HPOS="890" VPOS="2001" WIDTH="88" HEIGHT="20" WC="0.96" CONTENT="auktion"/><SP WIDTH="11" VPOS="2001" HPOS="978"/>
							<String ID="string_434" HPOS="989" VPOS="2000" WIDTH="34" HEIGHT="21" WC="0.96" CONTENT="till"/>
						</TextLine>
						<TextLine ID="line_55" HPOS="229" VPOS="2030" WIDTH="793" HEIGHT="29">
							<String ID="string_435" HPOS="229" VPOS="2032" WIDTH="42" HEIGHT="21" WC="0.96" CONTENT="den"/><SP WIDTH="23" VPOS="2032" HPOS="271"/>
							<String ID="string_436" HPOS="294" VPOS="2032" WIDTH="173" HEIGHT="27" WC="0.96" CONTENT="högstbjudande"/><SP WIDTH="23" VPOS="2032" HPOS="467"/>
							<String ID="string_437" HPOS="490" VPOS="2032" WIDTH="68" HEIGHT="20" WC="0.95" CONTENT="under"/><SP WIDTH="19" VPOS="2032" HPOS="558"/>
							<String ID="string_438" HPOS="577" VPOS="2032" WIDTH="26" HEIGHT="20" WC="0.96" CONTENT="de"/><SP WIDTH="15" VPOS="2032" HPOS="603"/>
							<String ID="string_439" HPOS="618" VPOS="2032" WIDTH="8" HEIGHT="19" WC="0.96" CONTENT="i"/><SP WIDTH="16" VPOS="2032" HPOS="626"/>
							<String ID="string_440" HPOS="642" VPOS="2032" WIDTH="73" HEIGHT="20" WC="0.96" CONTENT="brevet"/><SP WIDTH="15" VPOS="2032" HPOS="715"/>
							<String ID="string_441" HPOS="730" VPOS="2031" WIDTH="41" HEIGHT="20" WC="0.96" CONTENT="den"/><SP WIDTH="17" VPOS="2031" HPOS="771"/>
							<String ID="string_442" HPOS="788" VPOS="2031" WIDTH="27" HEIGHT="20" WC="0.96" CONTENT="29"/><SP WIDTH="17" VPOS="2031" HPOS="815"/>
							<String ID="string_443" HPOS="832" VPOS="2032" WIDTH="44" HEIGHT="25" WC="0.96" CONTENT="maj"/><SP WIDTH="19" VPOS="2032" HPOS="876"/>
							<String ID="string_444" HPOS="895" VPOS="2030" WIDTH="57" HEIGHT="21" WC="0.92" CONTENT="1874"/><SP WIDTH="16" VPOS="2030" HPOS="952"/>
							<String ID="string_445" HPOS="968" VPOS="2030" WIDTH="54" HEIGHT="21" WC="0.92" CONTENT="stad-"/>
						</TextLine>
						<TextLine ID="line_56" HPOS="229" VPOS="2062" WIDTH="153" HEIGHT="26">
							<String ID="string_446" HPOS="229" VPOS="2062" WIDTH="53" HEIGHT="26" WC="0.91" CONTENT="gade"/><SP WIDTH="16" VPOS="2062" HPOS="282"/>
							<String ID="string_447" HPOS="298" VPOS="2062" WIDTH="84" HEIGHT="21" WC="0.96" CONTENT="villkor."/>
						</TextLine>
					</TextBlock>
				</ComposedBlock>
				<ComposedBlock ID="cblock_18" HPOS="1055" VPOS="253" WIDTH="22" HEIGHT="144">
					<TextBlock ID="block_18" HPOS="1055" VPOS="253" WIDTH="22" HEIGHT="144">
						<TextLine ID="line_57" HPOS="1055" VPOS="253" WIDTH="22" HEIGHT="144">
							<String ID="string_448" HPOS="1055" VPOS="253" WIDTH="22" HEIGHT="144" WC="0.0" CONTENT="I1BS3LpsAIA"/>
						</TextLine>
					</TextBlock>
				</ComposedBlock>
				<ComposedBlock ID="cblock_19" HPOS="1113" VPOS="224" WIDTH="41" HEIGHT="199">
					<TextBlock ID="block_19" HPOS="1113" VPOS="224" WIDTH="41" HEIGHT="199">
						<TextLine ID="line_58" HPOS="1113" VPOS="240" WIDTH="17" HEIGHT="164">
							<String ID="string_449" HPOS="1113" VPOS="300" WIDTH="17" HEIGHT="104" WC="0.0" CONTENT="J98[9ALLYS"/><SP WIDTH="-17" VPOS="300" HPOS="1130"/>
							<String ID="string_450" HPOS="1113" VPOS="240" WIDTH="17" HEIGHT="47" WC="0.0" CONTENT="I9[[9"/>
						</TextLine>
						<TextLine ID="line_59" HPOS="1132" VPOS="224" WIDTH="22" HEIGHT="199">
							<String ID="string_451" HPOS="1132" VPOS="370" WIDTH="17" HEIGHT="53" WC="0.15" CONTENT="”doad"/><SP WIDTH="-16" VPOS="370" HPOS="1149"/>
							<String ID="string_452" HPOS="1133" VPOS="298" WIDTH="21" HEIGHT="64" WC="0.13" CONTENT="sj:fen"/><SP WIDTH="-21" VPOS="298" HPOS="1154"/>
							<String ID="string_453" HPOS="1133" VPOS="224" WIDTH="21" HEIGHT="68" WC="0.0" CONTENT="ung"/>
						</TextLine>
					</TextBlock>
				</ComposedBlock>
				<ComposedBlock ID="cblock_20" HPOS="1171" VPOS="276" WIDTH="95" HEIGHT="18">
					<TextBlock ID="block_20" HPOS="1171" VPOS="276" WIDTH="95" HEIGHT="18">
						<TextLine ID="line_60" HPOS="1171" VPOS="276" WIDTH="95" HEIGHT="18">
							<String ID="string_454" HPOS="1171" VPOS="276" WIDTH="95" HEIGHT="18" WC="0.96" CONTENT="Motioner"/>
						</TextLine>
					</TextBlock>
				</ComposedBlock>
				<ComposedBlock ID="cblock_21" HPOS="1293" VPOS="246" WIDTH="158" HEIGHT="77">
					<TextBlock ID="block_21" HPOS="1293" VPOS="246" WIDTH="158" HEIGHT="77">
						<TextLine ID="line_61" HPOS="1328" VPOS="246" WIDTH="95" HEIGHT="18">
							<String ID="string_455" HPOS="1328" VPOS="246" WIDTH="95" HEIGHT="18" WC="0.92" CONTENT="Utskotts-"/>
						</TextLine>
						<TextLine ID="line_62" HPOS="1317" VPOS="276" WIDTH="112" HEIGHT="17">
							<String ID="string_456" HPOS="1317" VPOS="276" WIDTH="112" HEIGHT="17" WC="0.96" CONTENT="utlåtanden"/>
						</TextLine>
						<TextLine ID="line_63" HPOS="1293" VPOS="306" WIDTH="158" HEIGHT="17">
							<String ID="string_457" HPOS="1293" VPOS="306" WIDTH="47" HEIGHT="17" WC="0.96" CONTENT="eller"/><SP WIDTH="12" VPOS="306" HPOS="1340"/>
							<String ID="string_458" HPOS="1352" VPOS="306" WIDTH="99" HEIGHT="17" WC="0.96" CONTENT="memorial"/>
						</TextLine>
					</TextBlock>
				</ComposedBlock>
				<ComposedBlock ID="cblock_22" HPOS="1487" VPOS="228" WIDTH="72" HEIGHT="107">
					<TextBlock ID="block_22" HPOS="1487" VPOS="228" WIDTH="72" HEIGHT="107">
						<TextLine ID="line_64" HPOS="1496" VPOS="228" WIDTH="55" HEIGHT="18">
							<String ID="string_459" HPOS="1496" VPOS="228" WIDTH="55" HEIGHT="18" WC="0.87" CONTENT="Riks-"/>
						</TextLine>
						<TextLine ID="line_65" HPOS="1487" VPOS="258" WIDTH="72" HEIGHT="22">
							<String ID="string_460" HPOS="1487" VPOS="258" WIDTH="72" HEIGHT="22" WC="0.96" CONTENT="dagens"/>
						</TextLine>
						<TextLine ID="line_66" HPOS="1500" VPOS="288" WIDTH="47" HEIGHT="17">
							<String ID="string_461" HPOS="1500" VPOS="288" WIDTH="47" HEIGHT="17" WC="0.92" CONTENT="skri-"/>
						</TextLine>
						<TextLine ID="line_67" HPOS="1492" VPOS="318" WIDTH="63" HEIGHT="17">
							<String ID="string_462" HPOS="1492" VPOS="318" WIDTH="63" HEIGHT="17" WC="0.92" CONTENT="velser"/>
						</TextLine>
					</TextBlock>
				</ComposedBlock>
				<ComposedBlock ID="cblock_23" HPOS="1601" VPOS="259" WIDTH="146" HEIGHT="51">
					<TextBlock ID="block_23" HPOS="1601" VPOS="259" WIDTH="146" HEIGHT="51">
						<TextLine ID="line_68" HPOS="1616" VPOS="259" WIDTH="119" HEIGHT="17">
							<String ID="string_463" HPOS="1616" VPOS="259" WIDTH="119" HEIGHT="17" WC="0.91" CONTENT="Kamrarnas"/>
						</TextLine>
						<TextLine ID="line_69" HPOS="1601" VPOS="288" WIDTH="146" HEIGHT="22">
							<String ID="string_464" HPOS="1601" VPOS="288" WIDTH="146" HEIGHT="22" WC="0.95" CONTENT="förhandlingar"/>
						</TextLine>
					</TextBlock>
				</ComposedBlock>
				<ComposedBlock ID="cblock_24" HPOS="1168" VPOS="355" WIDTH="601" HEIGHT="1">
					<TextBlock ID="block_24" HPOS="1168" VPOS="355" WIDTH="601" HEIGHT="1">
						<TextLine ID="line_70" HPOS="1168" VPOS="355" WIDTH="601" HEIGHT="1">
							<String ID="string_465" HPOS="1168" VPOS="355" WIDTH="601" HEIGHT="1" WC="0.95" CONTENT=" "/>
						</TextLine>
					</TextBlock>
				</ComposedBlock>
				<ComposedBlock ID="cblock_25" HPOS="1175" VPOS="384" WIDTH="33" HEIGHT="17">
					<TextBlock ID="block_25" HPOS="1175" VPOS="384" WIDTH="33" HEIGHT="17">
						<TextLine ID="line_71" HPOS="1175" VPOS="384" WIDTH="33" HEIGHT="17">
							<String ID="string_466" HPOS="1175" VPOS="384" WIDTH="33" HEIGHT="17" WC="0.95" CONTENT="FK"/>
						</TextLine>
					</TextBlock>
				</ComposedBlock>
				<ComposedBlock ID="cblock_26" HPOS="1226" VPOS="384" WIDTH="35" HEIGHT="17">
					<TextBlock ID="block_26" HPOS="1226" VPOS="384" WIDTH="35" HEIGHT="17">
						<TextLine ID="line_72" HPOS="1226" VPOS="384" WIDTH="35" HEIGHT="17">
							<String ID="string_467" HPOS="1226" VPOS="384" WIDTH="35" HEIGHT="17" WC="0.96" CONTENT="AK"/>
						</TextLine>
					</TextBlock>
				</ComposedBlock>
				<ComposedBlock ID="cblock_27" HPOS="1286" VPOS="366" WIDTH="17" HEIGHT="57">
					<TextBlock ID="block_27" HPOS="1286" VPOS="366" WIDTH="17" HEIGHT="57">
						<TextLine ID="line_73" HPOS="1286" VPOS="366" WIDTH="17" HEIGHT="57">
							<String ID="string_468" HPOS="1286" VPOS="366" WIDTH="17" HEIGHT="57" WC="0.51" CONTENT="[meg"/>
						</TextLine>
					</TextBlock>
				</ComposedBlock>
				<ComposedBlock ID="cblock_28" HPOS="1328" VPOS="371" WIDTH="17" HEIGHT="49">
					<TextBlock ID="block_28" HPOS="1328" VPOS="371" WIDTH="17" HEIGHT="49">
						<TextLine ID="line_74" HPOS="1328" VPOS="371" WIDTH="17" HEIGHT="49">
							<String ID="string_469" HPOS="1328" VPOS="371" WIDTH="17" HEIGHT="49" WC="0.28" CONTENT="&quot;PAy"/>
						</TextLine>
					</TextBlock>
				</ComposedBlock>
				<ComposedBlock ID="cblock_29" HPOS="1441" VPOS="374" WIDTH="17" HEIGHT="43">
					<TextBlock ID="block_29" HPOS="1441" VPOS="374" WIDTH="17" HEIGHT="43">
						<TextLine ID="line_75" HPOS="1441" VPOS="374" WIDTH="17" HEIGHT="43">
							<String ID="string_470" HPOS="1441" VPOS="374" WIDTH="17" HEIGHT="43" WC="0.36" CONTENT="BpIS"/>
						</TextLine>
					</TextBlock>
				</ComposedBlock>
				<ComposedBlock ID="cblock_30" HPOS="1527" VPOS="360" WIDTH="2" HEIGHT="35">
					<TextBlock ID="block_30" HPOS="1527" VPOS="360" WIDTH="2" HEIGHT="35">
						<TextLine ID="line_76" HPOS="1527" VPOS="360" WIDTH="2" HEIGHT="35">
							<String ID="string_471" HPOS="1527" VPOS="360" WIDTH="2" HEIGHT="35" WC="0.95" CONTENT=" "/>
						</TextLine>
					</TextBlock>
				</ComposedBlock>
				<ComposedBlock ID="cblock_31" HPOS="1495" VPOS="384" WIDTH="17" HEIGHT="27">
					<TextBlock ID="block_31" HPOS="1495" VPOS="384" WIDTH="17" HEIGHT="27">
						<TextLine ID="line_77" HPOS="1495" VPOS="384" WIDTH="17" HEIGHT="15">
							<String ID="string_472" HPOS="1495" VPOS="384" WIDTH="17" HEIGHT="15" WC="0.63" CONTENT="Zz"/>
						</TextLine>
						<TextLine ID="line_78" HPOS="1495" VPOS="402" WIDTH="11" HEIGHT="9">
							<String ID="string_473" HPOS="1495" VPOS="402" WIDTH="11" HEIGHT="9" WC="0.20" CONTENT="H"/>
						</TextLine>
					</TextBlock>
				</ComposedBlock>
				<ComposedBlock ID="cblock_32" HPOS="1542" VPOS="374" WIDTH="18" HEIGHT="45">
					<TextBlock ID="block_32" HPOS="1542" VPOS="374" WIDTH="18" HEIGHT="45">
						<TextLine ID="line_79" HPOS="1542" VPOS="374" WIDTH="18" HEIGHT="45">
							<String ID="string_474" HPOS="1542" VPOS="374" WIDTH="18" HEIGHT="45" WC="0.32" CONTENT="BpIg"/>
						</TextLine>
					</TextBlock>
				</ComposedBlock>
				<ComposedBlock ID="cblock_33" HPOS="1586" VPOS="372" WIDTH="71" HEIGHT="42">
					<TextBlock ID="block_33" HPOS="1586" VPOS="372" WIDTH="71" HEIGHT="42">
						<TextLine ID="line_80" HPOS="1590" VPOS="372" WIDTH="67" HEIGHT="17">
							<String ID="string_475" HPOS="1590" VPOS="372" WIDTH="67" HEIGHT="17" WC="0.96" CONTENT="Första"/>
						</TextLine>
						<TextLine ID="line_81" HPOS="1586" VPOS="396" WIDTH="71" HEIGHT="18">
							<String ID="string_476" HPOS="1586" VPOS="396" WIDTH="71" HEIGHT="18" WC="0.59" CONTENT="kamm,"/>
						</TextLine>
					</TextBlock>
				</ComposedBlock>
				<ComposedBlock ID="cblock_34" HPOS="1687" VPOS="372" WIDTH="71" HEIGHT="41">
					<TextBlock ID="block_34" HPOS="1687" VPOS="372" WIDTH="71" HEIGHT="41">
						<TextLine ID="line_82" HPOS="1691" VPOS="372" WIDTH="65" HEIGHT="17">
							<String ID="string_477" HPOS="1691" VPOS="372" WIDTH="65" HEIGHT="17" WC="0.96" CONTENT="Andra"/>
						</TextLine>
						<TextLine ID="line_83" HPOS="1687" VPOS="396" WIDTH="71" HEIGHT="17">
							<String ID="string_478" HPOS="1687" VPOS="396" WIDTH="71" HEIGHT="17" WC="0.89" CONTENT="kamm."/>
						</TextLine>
					</TextBlock>
				</ComposedBlock>
				<ComposedBlock ID="cblock_35" HPOS="1038" VPOS="432" WIDTH="731" HEIGHT="4">
					<TextBlock ID="block_35" HPOS="1038" VPOS="432" WIDTH="731" HEIGHT="4">
						<TextLine ID="line_84" HPOS="1038" VPOS="432" WIDTH="731" HEIGHT="4">
							<String ID="string_479" HPOS="1038" VPOS="432" WIDTH="731" HEIGHT="4" WC="0.95" CONTENT=" "/>
						</TextLine>
					</TextBlock>
				</ComposedBlock>
				<ComposedBlock ID="cblock_36" HPOS="1039" VPOS="469" WIDTH="54" HEIGHT="20">
					<TextBlock ID="block_36" HPOS="1039" VPOS="469" WIDTH="54" HEIGHT="20">
						<TextLine ID="line_85" HPOS="1039" VPOS="469" WIDTH="54" HEIGHT="20">
							<String ID="string_480" HPOS="1039" VPOS="469" WIDTH="54" HEIGHT="20" WC="0.96" CONTENT="1927"/>
						</TextLine>
					</TextBlock>
				</ComposedBlock>
				<ComposedBlock ID="cblock_37" HPOS="1031" VPOS="214" WIDTH="6" HEIGHT="1874">
					<TextBlock ID="block_37" HPOS="1031" VPOS="214" WIDTH="6" HEIGHT="1874">
						<TextLine ID="line_86" HPOS="1031" VPOS="214" WIDTH="6" HEIGHT="1874">
							<String ID="string_481" HPOS="1031" VPOS="214" WIDTH="6" HEIGHT="1874" WC="0.95" CONTENT=" "/>
						</TextLine>
					</TextBlock>
				</ComposedBlock>
				<ComposedBlock ID="cblock_38" HPOS="1096" VPOS="214" WIDTH="8" HEIGHT="1871">
					<TextBlock ID="block_38" HPOS="1096" VPOS="214" WIDTH="8" HEIGHT="1871">
						<TextLine ID="line_87" HPOS="1096" VPOS="214" WIDTH="8" HEIGHT="1871">
							<String ID="string_482" HPOS="1096" VPOS="214" WIDTH="8" HEIGHT="1871" WC="0.95" CONTENT=" "/>
						</TextLine>
					</TextBlock>
				</ComposedBlock>
				<ComposedBlock ID="cblock_39" HPOS="1110" VPOS="469" WIDTH="42" HEIGHT="56">
					<TextBlock ID="block_39" HPOS="1110" VPOS="469" WIDTH="42" HEIGHT="56">
						<TextLine ID="line_88" HPOS="1110" VPOS="469" WIDTH="12" HEIGHT="19">
							<String ID="string_483" HPOS="1110" VPOS="469" WIDTH="12" HEIGHT="19" WC="0.54" CONTENT="Do"/>
						</TextLine>
						<TextLine ID="line_89" HPOS="1114" VPOS="469" WIDTH="23" HEIGHT="56">
							<String ID="string_484" HPOS="1114" VPOS="469" WIDTH="23" HEIGHT="56" WC="0.11" CONTENT="Sö"/>
						</TextLine>
						<TextLine ID="line_90" HPOS="1137" VPOS="469" WIDTH="15" HEIGHT="51">
							<String ID="string_485" HPOS="1137" VPOS="469" WIDTH="15" HEIGHT="51" WC="0.15" CONTENT="a"/>
						</TextLine>
					</TextBlock>
				</ComposedBlock>
				<ComposedBlock ID="cblock_40" HPOS="1111" VPOS="786" WIDTH="41" HEIGHT="58">
					<TextBlock ID="block_40" HPOS="1111" VPOS="786" WIDTH="41" HEIGHT="58">
						<TextLine ID="line_91" HPOS="1111" VPOS="786" WIDTH="41" HEIGHT="21">
							<String ID="string_486" HPOS="1111" VPOS="786" WIDTH="41" HEIGHT="21" WC="0.96" CONTENT="166"/>
						</TextLine>
						<TextLine ID="line_92" HPOS="1114" VPOS="821" WIDTH="35" HEIGHT="23">
							<String ID="string_487" HPOS="1114" VPOS="821" WIDTH="35" HEIGHT="23" WC="0.64" CONTENT="p.6"/>
						</TextLine>
					</TextBlock>
				</ComposedBlock>
				<ComposedBlock ID="cblock_41" HPOS="1110" VPOS="984" WIDTH="42" HEIGHT="59">
					<TextBlock ID="block_41" HPOS="1110" VPOS="984" WIDTH="42" HEIGHT="59">
						<TextLine ID="line_93" HPOS="1110" VPOS="984" WIDTH="42" HEIGHT="21">
							<String ID="string_488" HPOS="1110" VPOS="984" WIDTH="42" HEIGHT="21" WC="0.96" CONTENT="166"/>
						</TextLine>
						<TextLine ID="line_94" HPOS="1114" VPOS="1020" WIDTH="34" HEIGHT="23">
							<String ID="string_489" HPOS="1114" VPOS="1020" WIDTH="34" HEIGHT="23" WC="0.17" CONTENT="Pp.7"/>
						</TextLine>
					</TextBlock>
				</ComposedBlock>
				<ComposedBlock ID="cblock_42" HPOS="1112" VPOS="1420" WIDTH="41" HEIGHT="58">
					<TextBlock ID="block_42" HPOS="1112" VPOS="1420" WIDTH="41" HEIGHT="58">
						<TextLine ID="line_95" HPOS="1112" VPOS="1420" WIDTH="41" HEIGHT="21">
							<String ID="string_490" HPOS="1112" VPOS="1420" WIDTH="41" HEIGHT="21" WC="0.96" CONTENT="166"/>
						</TextLine>
						<TextLine ID="line_96" HPOS="1115" VPOS="1455" WIDTH="34" HEIGHT="23">
							<String ID="string_491" HPOS="1115" VPOS="1455" WIDTH="34" HEIGHT="23" WC="0.57" CONTENT="p.8"/>
						</TextLine>
					</TextBlock>
				</ComposedBlock>
				<ComposedBlock ID="cblock_43" HPOS="1108" VPOS="1611" WIDTH="46" HEIGHT="58">
					<TextBlock ID="block_43" HPOS="1108" VPOS="1611" WIDTH="46" HEIGHT="58">
						<TextLine ID="line_97" HPOS="1110" VPOS="1611" WIDTH="42" HEIGHT="21">
							<String ID="string_492" HPOS="1110" VPOS="1611" WIDTH="42" HEIGHT="21" WC="0.95" CONTENT="215"/>
						</TextLine>
						<TextLine ID="line_98" HPOS="1108" VPOS="1647" WIDTH="46" HEIGHT="22">
							<String ID="string_493" HPOS="1108" VPOS="1647" WIDTH="46" HEIGHT="22" WC="0.46" CONTENT="p.10"/>
						</TextLine>
					</TextBlock>
				</ComposedBlock>
				<ComposedBlock ID="cblock_44" HPOS="1169" VPOS="469" WIDTH="41" HEIGHT="20">
					<TextBlock ID="block_44" HPOS="1169" VPOS="469" WIDTH="41" HEIGHT="20">
						<TextLine ID="line_99" HPOS="1169" VPOS="469" WIDTH="41" HEIGHT="20">
							<String ID="string_494" HPOS="1169" VPOS="469" WIDTH="41" HEIGHT="20" WC="0.95" CONTENT="337"/>
						</TextLine>
					</TextBlock>
				</ComposedBlock>
				<ComposedBlock ID="cblock_45" HPOS="1163" VPOS="214" WIDTH="5" HEIGHT="1872">
					<TextBlock ID="block_45" HPOS="1163" VPOS="214" WIDTH="5" HEIGHT="1872">
						<TextLine ID="line_100" HPOS="1163" VPOS="214" WIDTH="5" HEIGHT="1872">
							<String ID="string_495" HPOS="1163" VPOS="214" WIDTH="5" HEIGHT="1872" WC="0.95" CONTENT=" "/>
						</TextLine>
					</TextBlock>
				</ComposedBlock>
				<ComposedBlock ID="cblock_46" HPOS="1217" VPOS="360" WIDTH="3" HEIGHT="1724">
					<TextBlock ID="block_46" HPOS="1217" VPOS="360" WIDTH="3" HEIGHT="1724">
						<TextLine ID="line_101" HPOS="1217" VPOS="360" WIDTH="3" HEIGHT="1724">
							<String ID="string_496" HPOS="1217" VPOS="360" WIDTH="3" HEIGHT="1724" WC="0.95" CONTENT=" "/>
						</TextLine>
					</TextBlock>
				</ComposedBlock>
				<ComposedBlock ID="cblock_47" HPOS="1222" VPOS="469" WIDTH="43" HEIGHT="20">
					<TextBlock ID="block_47" HPOS="1222" VPOS="469" WIDTH="43" HEIGHT="20">
						<TextLine ID="line_102" HPOS="1222" VPOS="469" WIDTH="43" HEIGHT="20">
							<String ID="string_497" HPOS="1222" VPOS="469" WIDTH="43" HEIGHT="20" WC="0.95" CONTENT="454"/>
						</TextLine>
					</TextBlock>
				</ComposedBlock>
				<ComposedBlock ID="cblock_48" HPOS="1278" VPOS="469" WIDTH="25" HEIGHT="20">
					<TextBlock ID="block_48" HPOS="1278" VPOS="469" WIDTH="25" HEIGHT="20">
						<TextLine ID="line_103" HPOS="1278" VPOS="469" WIDTH="25" HEIGHT="20">
							<String ID="string_498" HPOS="1278" VPOS="469" WIDTH="25" HEIGHT="20" WC="0.96" CONTENT="10"/>
						</TextLine>
					</TextBlock>
				</ComposedBlock>
				<ComposedBlock ID="cblock_49" HPOS="1277" VPOS="786" WIDTH="26" HEIGHT="21">
					<TextBlock ID="block_49" HPOS="1277" VPOS="786" WIDTH="26" HEIGHT="21">
						<TextLine ID="line_104" HPOS="1277" VPOS="786" WIDTH="26" HEIGHT="21">
							<String ID="string_499" HPOS="1277" VPOS="786" WIDTH="26" HEIGHT="21" WC="0.96" CONTENT="10"/>
						</TextLine>
					</TextBlock>
				</ComposedBlock>
				<ComposedBlock ID="cblock_50" HPOS="1278" VPOS="984" WIDTH="26" HEIGHT="21">
					<TextBlock ID="block_50" HPOS="1278" VPOS="984" WIDTH="26" HEIGHT="21">
						<TextLine ID="line_105" HPOS="1278" VPOS="984" WIDTH="26" HEIGHT="21">
							<String ID="string_500" HPOS="1278" VPOS="984" WIDTH="26" HEIGHT="21" WC="0.96" CONTENT="10"/>
						</TextLine>
					</TextBlock>
				</ComposedBlock>
				<ComposedBlock ID="cblock_51" HPOS="1278" VPOS="1419" WIDTH="26" HEIGHT="20">
					<TextBlock ID="block_51" HPOS="1278" VPOS="1419" WIDTH="26" HEIGHT="20">
						<TextLine ID="line_106" HPOS="1278" VPOS="1419" WIDTH="26" HEIGHT="20">
							<String ID="string_501" HPOS="1278" VPOS="1419" WIDTH="26" HEIGHT="20" WC="0.96" CONTENT="10"/>
						</TextLine>
					</TextBlock>
				</ComposedBlock>
				<ComposedBlock ID="cblock_52" HPOS="1277" VPOS="1610" WIDTH="26" HEIGHT="21">
					<TextBlock ID="block_52" HPOS="1277" VPOS="1610" WIDTH="26" HEIGHT="21">
						<TextLine ID="line_107" HPOS="1277" VPOS="1610" WIDTH="26" HEIGHT="21">
							<String ID="string_502" HPOS="1277" VPOS="1610" WIDTH="26" HEIGHT="21" WC="0.96" CONTENT="10"/>
						</TextLine>
					</TextBlock>
				</ComposedBlock>
				<ComposedBlock ID="cblock_53" HPOS="1271" VPOS="214" WIDTH="4" HEIGHT="1870">
					<TextBlock ID="block_53" HPOS="1271" VPOS="214" WIDTH="4" HEIGHT="1870">
						<TextLine ID="line_108" HPOS="1271" VPOS="214" WIDTH="4" HEIGHT="1870">
							<String ID="string_503" HPOS="1271" VPOS="214" WIDTH="4" HEIGHT="1870" WC="0.95" CONTENT=" "/>
						</TextLine>
					</TextBlock>
				</ComposedBlock>
				<ComposedBlock ID="cblock_54" HPOS="1313" VPOS="359" WIDTH="3" HEIGHT="1725">
					<TextBlock ID="block_54" HPOS="1313" VPOS="359" WIDTH="3" HEIGHT="1725">
						<TextLine ID="line_109" HPOS="1313" VPOS="359" WIDTH="3" HEIGHT="1725">
							<String ID="string_504" HPOS="1313" VPOS="359" WIDTH="3" HEIGHT="1725" WC="0.95" CONTENT=" "/>
						</TextLine>
					</TextBlock>
				</ComposedBlock>
				<ComposedBlock ID="cblock_55" HPOS="1314" VPOS="359" WIDTH="2" HEIGHT="1725">
					<TextBlock ID="block_55" HPOS="1314" VPOS="359" WIDTH="2" HEIGHT="1725">
						<TextLine ID="line_110" HPOS="1314" VPOS="359" WIDTH="2" HEIGHT="1725">
							<String ID="string_505" HPOS="1314" VPOS="359" WIDTH="2" HEIGHT="1725" WC="0.95" CONTENT=" "/>
						</TextLine>
					</TextBlock>
				</ComposedBlock>
				<ComposedBlock ID="cblock_56" HPOS="1355" VPOS="360" WIDTH="3" HEIGHT="1726">
					<TextBlock ID="block_56" HPOS="1355" VPOS="360" WIDTH="3" HEIGHT="1726">
						<TextLine ID="line_111" HPOS="1355" VPOS="360" WIDTH="3" HEIGHT="1726">
							<String ID="string_506" HPOS="1355" VPOS="360" WIDTH="3" HEIGHT="1726" WC="0.95" CONTENT=" "/>
						</TextLine>
					</TextBlock>
				</ComposedBlock>
				<ComposedBlock ID="cblock_57" HPOS="1382" VPOS="787" WIDTH="27" HEIGHT="21">
					<TextBlock ID="block_57" HPOS="1382" VPOS="787" WIDTH="27" HEIGHT="21">
						<TextLine ID="line_112" HPOS="1382" VPOS="787" WIDTH="27" HEIGHT="21">
							<String ID="string_507" HPOS="1382" VPOS="787" WIDTH="27" HEIGHT="21" WC="0.95" CONTENT="28"/>
						</TextLine>
					</TextBlock>
				</ComposedBlock>
				<ComposedBlock ID="cblock_58" HPOS="1383" VPOS="985" WIDTH="27" HEIGHT="21">
					<TextBlock ID="block_58" HPOS="1383" VPOS="985" WIDTH="27" HEIGHT="21">
						<TextLine ID="line_113" HPOS="1383" VPOS="985" WIDTH="27" HEIGHT="21">
							<String ID="string_508" HPOS="1383" VPOS="985" WIDTH="27" HEIGHT="21" WC="0.96" CONTENT="28"/>
						</TextLine>
					</TextBlock>
				</ComposedBlock>
				<ComposedBlock ID="cblock_59" HPOS="1383" VPOS="1420" WIDTH="27" HEIGHT="20">
					<TextBlock ID="block_59" HPOS="1383" VPOS="1420" WIDTH="27" HEIGHT="20">
						<TextLine ID="line_114" HPOS="1383" VPOS="1420" WIDTH="27" HEIGHT="20">
							<String ID="string_509" HPOS="1383" VPOS="1420" WIDTH="27" HEIGHT="20" WC="0.95" CONTENT="28"/>
						</TextLine>
					</TextBlock>
				</ComposedBlock>
				<ComposedBlock ID="cblock_60" HPOS="1381" VPOS="1611" WIDTH="28" HEIGHT="20">
					<TextBlock ID="block_60" HPOS="1381" VPOS="1611" WIDTH="28" HEIGHT="20">
						<TextLine ID="line_115" HPOS="1381" VPOS="1611" WIDTH="28" HEIGHT="20">
							<String ID="string_510" HPOS="1381" VPOS="1611" WIDTH="28" HEIGHT="20" WC="0.96" CONTENT="46"/>
						</TextLine>
					</TextBlock>
				</ComposedBlock>
				<ComposedBlock ID="cblock_61" HPOS="1420" VPOS="360" WIDTH="3" HEIGHT="1726">
					<TextBlock ID="block_61" HPOS="1420" VPOS="360" WIDTH="3" HEIGHT="1726">
						<TextLine ID="line_116" HPOS="1420" VPOS="360" WIDTH="3" HEIGHT="1726">
							<String ID="string_511" HPOS="1420" VPOS="360" WIDTH="3" HEIGHT="1726" WC="0.95" CONTENT=" "/>
						</TextLine>
					</TextBlock>
				</ComposedBlock>
				<ComposedBlock ID="cblock_62" HPOS="1457" VPOS="469" WIDTH="102" HEIGHT="21">
					<TextBlock ID="block_62" HPOS="1457" VPOS="469" WIDTH="102" HEIGHT="21">
						<TextLine ID="line_117" HPOS="1457" VPOS="469" WIDTH="102" HEIGHT="21">
							<String ID="string_512" HPOS="1457" VPOS="469" WIDTH="67" HEIGHT="21" WC="0.34" CONTENT="7|327)"/><SP WIDTH="25" VPOS="469" HPOS="1524"/>
							<String ID="string_513" HPOS="1549" VPOS="474" WIDTH="10" HEIGHT="16" WC="0.96" CONTENT="3"/>
						</TextLine>
					</TextBlock>
				</ComposedBlock>
				<ComposedBlock ID="cblock_63" HPOS="1456" VPOS="786" WIDTH="103" HEIGHT="22">
					<TextBlock ID="block_63" HPOS="1456" VPOS="786" WIDTH="103" HEIGHT="22">
						<TextLine ID="line_118" HPOS="1456" VPOS="786" WIDTH="103" HEIGHT="22">
							<String ID="string_514" HPOS="1456" VPOS="786" WIDTH="68" HEIGHT="21" WC="0.50" CONTENT="41143]"/><SP WIDTH="26" VPOS="786" HPOS="1524"/>
							<String ID="string_515" HPOS="1550" VPOS="792" WIDTH="9" HEIGHT="16" WC="0.95" CONTENT="7"/>
						</TextLine>
					</TextBlock>
				</ComposedBlock>
				<ComposedBlock ID="cblock_64" HPOS="1458" VPOS="984" WIDTH="101" HEIGHT="22">
					<TextBlock ID="block_64" HPOS="1458" VPOS="984" WIDTH="101" HEIGHT="22">
						<TextLine ID="line_119" HPOS="1458" VPOS="984" WIDTH="101" HEIGHT="22">
							<String ID="string_516" HPOS="1458" VPOS="984" WIDTH="67" HEIGHT="21" WC="0.23" CONTENT="4||143]"/><SP WIDTH="25" VPOS="984" HPOS="1525"/>
							<String ID="string_517" HPOS="1550" VPOS="990" WIDTH="9" HEIGHT="16" WC="0.95" CONTENT="7"/>
						</TextLine>
					</TextBlock>
				</ComposedBlock>
				<ComposedBlock ID="cblock_65" HPOS="1457" VPOS="1420" WIDTH="103" HEIGHT="21">
					<TextBlock ID="block_65" HPOS="1457" VPOS="1420" WIDTH="103" HEIGHT="21">
						<TextLine ID="line_120" HPOS="1457" VPOS="1420" WIDTH="103" HEIGHT="21">
							<String ID="string_518" HPOS="1457" VPOS="1420" WIDTH="68" HEIGHT="20" WC="0.39" CONTENT="51143]"/><SP WIDTH="25" VPOS="1420" HPOS="1525"/>
							<String ID="string_519" HPOS="1550" VPOS="1425" WIDTH="10" HEIGHT="16" WC="0.95" CONTENT="7"/>
						</TextLine>
					</TextBlock>
				</ComposedBlock>
				<ComposedBlock ID="cblock_66" HPOS="1472" VPOS="214" WIDTH="4" HEIGHT="1872">
					<TextBlock ID="block_66" HPOS="1472" VPOS="214" WIDTH="4" HEIGHT="1872">
						<TextLine ID="line_121" HPOS="1472" VPOS="214" WIDTH="4" HEIGHT="1872">
							<String ID="string_520" HPOS="1472" VPOS="214" WIDTH="4" HEIGHT="1872" WC="0.95" CONTENT=" "/>
						</TextLine>
					</TextBlock>
				</ComposedBlock>
				<ComposedBlock ID="cblock_67" HPOS="1477" VPOS="214" WIDTH="3" HEIGHT="1872">
					<TextBlock ID="block_67" HPOS="1477" VPOS="214" WIDTH="3" HEIGHT="1872">
						<TextLine ID="line_122" HPOS="1477" VPOS="214" WIDTH="3" HEIGHT="1872">
							<String ID="string_521" HPOS="1477" VPOS="214" WIDTH="3" HEIGHT="1872" WC="0.95" CONTENT=" "/>
						</TextLine>
					</TextBlock>
				</ComposedBlock>
				<ComposedBlock ID="cblock_68" HPOS="1528" VPOS="398" WIDTH="3" HEIGHT="1686">
					<TextBlock ID="block_68" HPOS="1528" VPOS="398" WIDTH="3" HEIGHT="1686">
						<TextLine ID="line_123" HPOS="1528" VPOS="398" WIDTH="3" HEIGHT="1686">
							<String ID="string_522" HPOS="1528" VPOS="398" WIDTH="3" HEIGHT="1686" WC="0.95" CONTENT=" "/>
						</TextLine>
					</TextBlock>
				</ComposedBlock>
				<ComposedBlock ID="cblock_69" HPOS="1575" VPOS="469" WIDTH="93" HEIGHT="21">
					<TextBlock ID="block_69" HPOS="1575" VPOS="469" WIDTH="93" HEIGHT="21">
						<TextLine ID="line_124" HPOS="1575" VPOS="469" WIDTH="93" HEIGHT="21">
							<String ID="string_523" HPOS="1575" VPOS="469" WIDTH="33" HEIGHT="21" WC="0.63" CONTENT="37:"/><SP WIDTH="10" VPOS="469" HPOS="1608"/>
							<String ID="string_524" HPOS="1618" VPOS="469" WIDTH="50" HEIGHT="20" WC="0.83" CONTENT="114d"/>
						</TextLine>
					</TextBlock>
				</ComposedBlock>
				<ComposedBlock ID="cblock_70" HPOS="1591" VPOS="787" WIDTH="68" HEIGHT="20">
					<TextBlock ID="block_70" HPOS="1591" VPOS="787" WIDTH="68" HEIGHT="20">
						<TextLine ID="line_125" HPOS="1591" VPOS="787" WIDTH="68" HEIGHT="20">
							<String ID="string_525" HPOS="1591" VPOS="787" WIDTH="32" HEIGHT="20" WC="0.89" CONTENT="19:"/><SP WIDTH="12" VPOS="787" HPOS="1623"/>
							<String ID="string_526" HPOS="1635" VPOS="792" WIDTH="24" HEIGHT="15" WC="0.89" CONTENT="46"/>
						</TextLine>
					</TextBlock>
				</ComposedBlock>
				<ComposedBlock ID="cblock_71" HPOS="1592" VPOS="985" WIDTH="68" HEIGHT="20">
					<TextBlock ID="block_71" HPOS="1592" VPOS="985" WIDTH="68" HEIGHT="20">
						<TextLine ID="line_126" HPOS="1592" VPOS="985" WIDTH="68" HEIGHT="20">
							<String ID="string_527" HPOS="1592" VPOS="985" WIDTH="68" HEIGHT="20" WC="0.94" CONTENT="19:46"/>
						</TextLine>
					</TextBlock>
				</ComposedBlock>
				<ComposedBlock ID="cblock_72" HPOS="1591" VPOS="1419" WIDTH="68" HEIGHT="21">
					<TextBlock ID="block_72" HPOS="1591" VPOS="1419" WIDTH="68" HEIGHT="21">
						<TextLine ID="line_127" HPOS="1591" VPOS="1419" WIDTH="68" HEIGHT="21">
							<String ID="string_528" HPOS="1591" VPOS="1419" WIDTH="68" HEIGHT="21" WC="0.88" CONTENT="19:46"/>
						</TextLine>
					</TextBlock>
				</ComposedBlock>
				<ComposedBlock ID="cblock_73" HPOS="1591" VPOS="1611" WIDTH="69" HEIGHT="20">
					<TextBlock ID="block_73" HPOS="1591" VPOS="1611" WIDTH="69" HEIGHT="20">
						<TextLine ID="line_128" HPOS="1591" VPOS="1611" WIDTH="69" HEIGHT="20">
							<String ID="string_529" HPOS="1591" VPOS="1611" WIDTH="69" HEIGHT="20" WC="0.92" CONTENT="27:18"/>
						</TextLine>
					</TextBlock>
				</ComposedBlock>
				<ComposedBlock ID="cblock_74" HPOS="1569" VPOS="214" WIDTH="6" HEIGHT="1872">
					<TextBlock ID="block_74" HPOS="1569" VPOS="214" WIDTH="6" HEIGHT="1872">
						<TextLine ID="line_129" HPOS="1569" VPOS="214" WIDTH="6" HEIGHT="1872">
							<String ID="string_530" HPOS="1569" VPOS="214" WIDTH="6" HEIGHT="1872" WC="0.95" CONTENT=" "/>
						</TextLine>
					</TextBlock>
				</ComposedBlock>
				<ComposedBlock ID="cblock_75" HPOS="1673" VPOS="360" WIDTH="2" HEIGHT="1725">
					<TextBlock ID="block_75" HPOS="1673" VPOS="360" WIDTH="2" HEIGHT="1725">
						<TextLine ID="line_130" HPOS="1673" VPOS="360" WIDTH="2" HEIGHT="1725">
							<String ID="string_531" HPOS="1673" VPOS="360" WIDTH="2" HEIGHT="1725" WC="0.95" CONTENT=" "/>
						</TextLine>
					</TextBlock>
				</ComposedBlock>
				<ComposedBlock ID="cblock_76" HPOS="1692" VPOS="469" WIDTH="71" HEIGHT="21">
					<TextBlock ID="block_76" HPOS="1692" VPOS="469" WIDTH="71" HEIGHT="21">
						<TextLine ID="line_131" HPOS="1692" VPOS="469" WIDTH="71" HEIGHT="21">
							<String ID="string_532" HPOS="1692" VPOS="469" WIDTH="33" HEIGHT="21" WC="0.84" CONTENT="39:"/><SP WIDTH="12" VPOS="469" HPOS="1725"/>
							<String ID="string_533" HPOS="1737" VPOS="469" WIDTH="26" HEIGHT="21" WC="0.84" CONTENT="1d"/>
						</TextLine>
					</TextBlock>
				</ComposedBlock>
				<ComposedBlock ID="cblock_77" HPOS="1691" VPOS="786" WIDTH="54" HEIGHT="20">
					<TextBlock ID="block_77" HPOS="1691" VPOS="786" WIDTH="54" HEIGHT="20">
						<TextLine ID="line_132" HPOS="1691" VPOS="786" WIDTH="54" HEIGHT="20">
							<String ID="string_534" HPOS="1691" VPOS="786" WIDTH="33" HEIGHT="20" WC="0.85" CONTENT="20:"/><SP WIDTH="12" VPOS="786" HPOS="1724"/>
							<String ID="string_535" HPOS="1736" VPOS="791" WIDTH="9" HEIGHT="15" WC="0.85" CONTENT="3"/>
						</TextLine>
					</TextBlock>
				</ComposedBlock>
				<ComposedBlock ID="cblock_78" HPOS="1692" VPOS="1419" WIDTH="54" HEIGHT="21">
					<TextBlock ID="block_78" HPOS="1692" VPOS="1419" WIDTH="54" HEIGHT="21">
						<TextLine ID="line_133" HPOS="1692" VPOS="1419" WIDTH="54" HEIGHT="21">
							<String ID="string_536" HPOS="1692" VPOS="1419" WIDTH="34" HEIGHT="20" WC="0.57" CONTENT="20:"/><SP WIDTH="11" VPOS="1419" HPOS="1726"/>
							<String ID="string_537" HPOS="1737" VPOS="1424" WIDTH="9" HEIGHT="16" WC="0.57" CONTENT="3"/>
						</TextLine>
					</TextBlock>
				</ComposedBlock>
				<ComposedBlock ID="cblock_79" HPOS="1687" VPOS="1610" WIDTH="75" HEIGHT="21">
					<TextBlock ID="block_79" HPOS="1687" VPOS="1610" WIDTH="75" HEIGHT="21">
						<TextLine ID="line_134" HPOS="1687" VPOS="1610" WIDTH="75" HEIGHT="21">
							<String ID="string_538" HPOS="1687" VPOS="1610" WIDTH="39" HEIGHT="21" WC="0.35" CONTENT="28:"/><SP WIDTH="13" VPOS="1610" HPOS="1726"/>
							<String ID="string_539" HPOS="1739" VPOS="1616" WIDTH="23" HEIGHT="15" WC="0.94" CONTENT="16"/>
						</TextLine>
					</TextBlock>
				</ComposedBlock>
				<ComposedBlock ID="cblock_80" HPOS="347" VPOS="2356" WIDTH="1496" HEIGHT="3">
					<TextBlock ID="block_80" HPOS="347" VPOS="2356" WIDTH="1496" HEIGHT="3">
						<TextLine ID="line_135" HPOS="347" VPOS="2356" WIDTH="1496" HEIGHT="3">
							<String ID="string_540" HPOS="347" VPOS="2356" WIDTH="1496" HEIGHT="3" WC="0.95" CONTENT=" "/>
						</TextLine>
					</TextBlock>
				</ComposedBlock>
				<ComposedBlock ID="cblock_81" HPOS="1841" VPOS="795" WIDTH="3" HEIGHT="1165">
					<TextBlock ID="block_81" HPOS="1841" VPOS="795" WIDTH="3" HEIGHT="1165">
						<TextLine ID="line_136" HPOS="1841" VPOS="795" WIDTH="3" HEIGHT="1165">
							<String ID="string_541" HPOS="1841" VPOS="795" WIDTH="3" HEIGHT="1165" WC="0.95" CONTENT=" "/>
						</TextLine>
					</TextBlock>
				</ComposedBlock>
				<ComposedBlock ID="cblock_82" HPOS="1773" VPOS="214" WIDTH="4" HEIGHT="1871">
					<TextBlock ID="block_82" HPOS="1773" VPOS="214" WIDTH="4" HEIGHT="1871">
						<TextLine ID="line_137" HPOS="1773" VPOS="214" WIDTH="4" HEIGHT="1871">
							<String ID="string_542" HPOS="1773" VPOS="214" WIDTH="4" HEIGHT="1871" WC="0.95" CONTENT=" "/>
						</TextLine>
					</TextBlock>
				</ComposedBlock>
			</PrintSpace>
		</Page>
	</Layout>
</alto>
