1856 2363
176 157 43 20 438
911 163 136 15 SAKREGISTER

1505 231 54 17 Riks-

1329 233 105 44 Utskotte-
1523 236 29 13 a

1224 279 3 4 3
1495 257 73 31 dagens
1625 261 117 17 Kamrarnas

1171 274 105 34 Motioner
1327 274 113 43 utlåtanden
1510 291 38 18 ÄRA
1610 291 145 22 förhandlingar

1304 309 46 18 eller
1362 309 99 18 memorial

1501 321 63 18 velser

1430 364 1 24 |

1066 255 22 146 18583epsXIA

1124 303 18 105 198[9ALLYS
1124 243 17 48 109

1144 373 17 55 "doad
1143 300 22 66 sy:leyr
1143 225 22 71 un

1588 371 78 30 Första
1680 363 2 34 |
1700 374 64 18 Andra

1392 387 17 28 Z
1594 396 72 31 kamm.
1680 400 2 34 |
1696 395 70 31 kamm.

1238 388 15 17 -

1251 395 31 7 As

1297 370 17 58 "Toueg

1338 375 18 44 PAy

1451 378 17 45 BpIs

1504 387 18 28 IN

1537 363 32 105 des

199 477 7 16 1
226 471 49 21 Ord.
300 471 186 26 förslagsanslaget
509 471 33 20 till
558 471 117 26 ersättning
690 472 21 19 åt
727 477 106 20 personer,
850 471 132 26 menigheter
996 472 40 20 och

240 502 110 20 allmänna
366 502 142 26 inrättningar
523 502 33 19 för
571 501 49 20 dem
637 508 75 19 genom
728 508 42 20 nya
781 501 132 26 strafflagens
924 501 112 21 införande
1120 508 47 23 p.28

240 532 132 26 frångångna
388 531 148 21 bötesandelar
552 531 96 21 minskas
664 531 49 21 med
731 531 63 20 1300
811 531 30 20 kr.
857 531 34 20 till
910 531 27 20 23
947 531 42 21 000
1005 531 31 21 kr.

1064 471 43 23 2

1124 472 10 21 HH

1151 473 12 20 [NA

1302 473 12 21 ee”

1345 473 8 20 RP

1407 473 12 20 DD

1467 478 9 16 3

1495 473 12 20 DD

1516 474 16 19 >

1559 477 9 16 &

1600 472 51 21 PET

198 598 9 15 2
226 592 37 21 RD
287 592 97 20 anhåller
402 598 35 14 om
456 591 115 27 utredning
587 593 39 19 rör.
643 591 122 27 ytterligare
780 591 126 26 gottgörelse
922 591 33 20 till
972 591 63 21 aktie-|
1069 587 7 35 >»

241 622 84 26 bolaget
341 622 57 20 Torf.

1393 594 11 19 [SS]

1407 593 13 20 -

196 436 139 37 Ersättning.
1229 443 1 45 |

1229 499 1 10 |

1229 575 1 15 |

1229 595 1 19 I

1229 624 1 32 |

1229 660 2 14 I

1230 678 1 17 |

198 688 9 16 3
225 683 38 20 RD
287 682 115 26 medgiver,
426 684 31 18 att
481 689 26 14 av
522 681 37 21 det
574 682 33 20 för
622 681 144 21 innevarande
782 681 104 26 budgetår
902 681 68 21 under
985 681 50 21 riks-|
1064 677 14 35 »>
1138 684 11 19 Å
1230 706 1 3 |

240 714 81 19 statens
346 712 47 21 12:e
417 712 40 20 HT
475 711 107 28 uppförda
601 711 186 26 förslagsanslaget
802 711 34 20 till
852 711 137 21 oförutsedda
1005 713 30 19 ut-
1230 710 54 9 PEST

240 743 64 26 gifter
326 743 37 19 må
381 741 109 22 användas
509 744 31 18 ett
556 741 77 27 belopp
649 748 26 14 av
691 741 63 26 högst
770 741 78 21 23500
864 741 31 21 kr.
913 743 31 19 att
959 743 78 19 ersätta
1176 745 1 30 |
1283 740 1 4 |

241 773 55 24 dem,
312 779 46 14 som
377 779 77 20 genom
471 772 154 20 bankirfirman
641 771 96 25 Knauth,
754 771 88 21 Nachod
858 771 16 21 &
885 772 90 20 Kuhnes
986 771 50 21 kon-
1176 782 1 18 |

240 803 51 20 kurs
307 803 45 25 gått
367 802 113 26 förlustiga
495 802 50 20 dem
560 801 108 27 tillhöriga
685 801 124 25 arvsmedel,
827 801 67 21 under
909 801 85 26 villkor,
1005 803 32 19 att
1176 805 1 13 |

241 833 32 24 de,
285 839 47 14 som
343 832 91 21 sålunda
445 832 80 21 erhålla
535 831 132 27 gottgörelse,
679 832 27 25 på
717 831 250 26 utrikesdepartementet
980 833 55 19 över-
1176 819 1 33 |

241 863 44 20 låta
300 863 47 20 sina
363 862 200 27 fordringsanspråk
579 864 46 18 mot
640 861 160 21 bankirfirman,
1176 862 1 14 |

1303 928 11 20 6)
1345 917 22 33 1|
1392 929 28 20 44
1599 912 33 48 30:
1645 933 23 15 12
1680 938 1 17 |
1688 912 38 48 29:
1738 928 40 20 17d

1681 992 1 13 I

1283 1037 1 27 I
1303 1037 12 31 6)
1345 1048 10 20 1)
1393 1048 28 20 94!
1482 1036 52 32 J237|
1592 1048 91 25 J41:s0d]
1700 1047 72 21 41:s8d

1681 1077 2 11 I

200 1144 7 15 1
226 1138 82 20 Motion
319 1144 36 14 om
366 1138 117 25 ersättning
494 1137 33 21 till
539 1137 54 20 förre
604 1136 172 27 torvingenjören
787 1136 23 20 L.
818 1136 90 21 Jönsson
918 1136 33 21 för
958 1137 78 21 mistad
1051 1136 56 23 [1925
1229 1140 2 23 |
1250 1125 34 33 79)
1303 1137 12 21 6)
1345 1137 22 20 1)
1395 1138 25 20 19
1538 1141 2 15 ond
1601 1136 68 22 14:12
1681 1120 2 43 |
1696 1132 31 36 16:
1739 1116 40 51 10d]

241 1168 132 26 anställning
389 1167 77 21 avslås.

198 934 9 16 4
226 929 81 20 Motion
331 935 36 13 om
386 929 43 20 viss
445 928 117 25 ersättning
577 929 75 19 utöver
667 927 64 20 redan
748 927 98 20 utbetald
861 927 126 26 gottgörelse
1002 927 33 21 till|
1075 936 8 10 »

241 959 163 26 byggmästaren
427 958 53 21 Jean
499 958 109 21 Johanson
628 958 32 20 för
676 957 174 21 vattenarbetena
867 957 35 21 vid
918 957 118 22 Dämmans

241 988 92 27 fyrplats
349 988 75 21 avslås.

1229 1020 2 10 I

198 1055 10 14 5
226 1048 192 26 Framställningar
433 1055 35 13 om
485 1048 117 25 ersättning
618 1047 33 20 till
667 1047 56 20 vissa
738 1046 159 21 vintillverkare
913 1049 56 18 samt
980 1048 56 20 vissa|
1074 1056 8 10 »
1124 1048 40 20 |187
1229 1050 2 6 I

241 1078 141 20 medlemmar
398 1084 26 14 av
440 1077 169 26 vindragarlaget
624 1077 7 20 i
648 1076 124 21 Stockholm
789 1076 75 20 avslås.
1229 1069 2 53 |

1230 1128 1 11 I

199 1234 9 15 2
227 1228 82 20 Motion
325 1234 35 14 om
377 1227 118 26 ersättning
510 1227 22 20 åt
543 1226 107 21 Gällivare
661 1226 39 20 och
712 1222 113 24 Överluleå
836 1226 90 20 socknar
936 1226 33 20 för
980 1226 56 21 vissa
1038 1218 15 39 |
1070 1218 8 39 >»
1229 1224 55 24 [1471
1303 1227 12 20 6)
1345 1227 10 20 11
1393 1228 27 20 28
1602 1226 32 21 16:
1645 1232 24 15 22
1681 1239 2 14 |
1695 1226 32 21 18:
1739 1230 45 17 119]

242 1265 25 13 av
283 1264 26 14 en
326 1257 150 21 förutvarande
493 1256 124 21 landsfiskal
633 1256 146 26 förskingrade
795 1255 70 21 medel
881 1256 75 20 avslås.
1487 1267 2 9 |
1682 1256 1 5 |

1229 1166 2 22 |

1229 1192 2 28 |

1229 1232 1 16 I

1229 1257 1 15 I
1682 1267 1 6 |

1229 1275 2 18 |
1682 1285 1 28 |

199 1323 9 15 3
227 1318 75 20 Såsom
319 1317 117 26 ersättning
451 1317 34 20 till
500 1316 143 26 aktiebolaget
658 1315 51 21 Torf
724 1316 33 20 för
772 1315 42 21 vad
830 1315 84 26 bolaget
930 1316 27 26 på
967 1316 69 26 grund
1036 1311 14 36 |
1075 1324 8 11 >»
1124 1316 40 21 1169
1229 1304 2 43 |
1303 1316 118 21 61108
1495 1316 38 21 151
1601 1312 33 35 27:
1646 1321 22 16 17
1682 1315 1 38 |
1702 1316 32 20 30:
1746 1321 24 15 56

242 1354 26 14 av
279 1347 26 21 de
321 1348 7 19 i
345 1346 231 28 statsrådsprotokollet
592 1348 49 18 över
652 1345 292 21 kommunikationsärenden
955 1345 41 21 den
1008 1346 28 20 20

243 1384 56 14 mars
325 1377 55 20 1925
405 1377 92 26 angivna
512 1375 149 22 förhållanden
677 1375 67 26 erlagt
759 1375 32 20 för
807 1375 86 26 mycket
909 1375 7 20 i
932 1375 57 21 skatt
1004 1376 33 20 för
1229 1355 2 50 |

242 1407 125 26 budgetåret
392 1405 125 29 1925/1926
540 1406 84 21 anvisas
648 1405 68 21 under
735 1405 32 21 6:e
787 1405 39 20 HT
842 1407 31 19 ett
888 1406 60 19 extra
963 1406 74 26 anslag
1229 1407 2 69 |

242 1444 26 14 av
285 1437 41 20 115
336 1437 42 21 800
396 1437 30 20 kr.

201 1503 6 15 1
227 1497 81 20 Motion
324 1504 36 13 om
377 1497 117 25 ersättning
510 1496 33 20 till
559 1495 137 21 handlanden
711 1495 31 20 Fr.
754 1495 84 20 Ekman
849 1495 33 20 för
893 1495 27 27 på
930 1495 69 26 grund
1010 1502 26 14 av
1051 1494 57 23 [1926
1229 1483 46 32 1259

1229 1518 2 6 I
1601 1495 52 20 15:6
1695 1495 32 20 |15:
1738 1495 46 28 32d|

242 1527 180 26 monopolisering
438 1533 26 14 av
480 1526 43 20 vin-
540 1526 39 20 och
596 1525 148 27 sprithandeln
760 1524 93 21 förlorad
869 1525 75 26 näring
960 1525 74 21 avslås.
1229 1525 2 27 I
1681 1523 1 12 |
1782 1532 2 2 I

199 1593 9 15 2
227 1587 81 21 Motion
332 1593 35 14 om
391 1586 118 26 ersättning
527 1585 33 21 till
579 1585 120 21 direktören
716 1585 24 20 V.
758 1585 138 26 Lagercrantz
912 1585 32 20 för
960 1584 76 22 förlust
1036 1580 14 36 |
1074 1593 8 11 >
1229 1575 55 30 223]
1303 1584 12 21 61
1345 1584 10 20 11
1393 1584 39 22 34|

1601 1584 53 21 10:36
1681 1584 88 21 20:83

241 1624 76 20 genom
333 1616 211 27 tobaksmonopolets
559 1615 111 21 införande
686 1615 76 21 avslås.
1681 1623 2 3 |

1431 1616 1 36 |

1302 1674 12 20 6)
1345 1674 10 20 11
1394 1666 38 40 78)
1494 1675 46 24 Mae)
1560 1660 26 50 |
1600 1674 83 30 24:17)
1701 1660 82 50 24:10]

1431 1709 1 38 |
1782 1708 1 34 |

1431 1753 1 6 |
1782 1748 1 10 |

199 1683 9 15 3
227 1678 37 20 RD
284 1676 115 27 medgiver,
417 1678 31 18 att
463 1676 7 20 i
487 1675 115 26 anledning
618 1682 25 13 av
659 1675 143 26 ansökningar
818 1681 25 14 av
860 1674 176 21 landsfiskalerna|
1074 1684 8 10 »
1123 1675 53 21 1168
1159 1670 15 37 |

242 1708 24 20 G.
283 1706 127 21 Insulander
426 1706 39 21 och
481 1706 24 20 E.
522 1705 113 26 Lundgren
647 1706 35 19 må
692 1705 47 20 från
750 1704 95 26 anslaget
856 1704 33 20 till
900 1704 137 21 oförutsedda

241 1737 88 26 utgifter
352 1736 105 21 utbetalas
481 1735 45 21 dels
549 1735 34 21 till
599 1735 128 21 Insulander
742 1736 31 19 ett
788 1734 78 27 belopp
882 1740 26 15 av
925 1734 62 21 2156
1003 1734 31 21 kr.

243 1767 26 20 78
291 1769 42 22 öre,
346 1766 116 26 utgörande
479 1773 26 13 av
521 1766 79 20 honom
617 1765 33 20 till
666 1765 126 20 statsverket
808 1764 95 21 inbetald
919 1764 118 26 ersättning

242 1797 33 20 för
298 1803 27 14 av
348 1796 199 27 fjärdingsmannen
570 1796 24 19 E.
615 1795 19 21 J.
652 1795 50 20 Bast
718 1794 46 21 icke
780 1793 123 22 redovisade
919 1794 116 27 uppbörds-

242 1826 76 25 medel,
343 1826 45 20 dels
407 1826 40 20 ock
465 1827 31 19 ett
512 1825 77 26 belopp
606 1832 25 13 av
649 1825 11 20 3
670 1824 41 21 441
729 1825 31 19 kr.
778 1824 27 20 65
821 1825 35 19 öre
873 1824 33 20 för
917 1824 118 21 beredande

242 1863 26 14 av
291 1856 117 26 ersättning
431 1855 33 21 till
488 1852 115 29 Älvsborgs
626 1855 47 20 läns
692 1854 115 26 landsting,
823 1853 211 27 pensionsstyrelsen,

241 1886 158 21 vederbörande
415 1885 171 21 häradsskrivare
602 1885 40 20 och
658 1884 96 26 Nödinge
769 1884 105 20 kommun
890 1884 33 20 för
934 1883 49 21 dem
994 1884 40 20 till-

241 1916 130 21 kommande
395 1915 76 25 medel,
496 1922 46 13 som
565 1922 27 13 av
610 1914 199 27 fjärdingsmannen
829 1914 22 20 CO.
868 1914 24 20 A.
908 1914 72 20 Thorn
995 1914 39 20 för-
1228 1923 1 9 |

241 1946 112 27 skingrats,
378 1947 45 19 mot
442 1945 122 27 skyldighet
579 1945 33 20 för
627 1944 127 21 Insulander
769 1944 39 21 och
825 1943 113 26 Lundgren
955 1945 31 19 att
1001 1943 34 21 till
1174 1944 2 25 I
1228 1944 1 69 |

1323 1946 1 21 I

241 1977 82 20 kronan
339 1976 94 20 överlåta
448 1976 47 20 sina
510 1974 149 21 motsvarande
675 1974 170 26 fordringsrätter
860 1974 39 20 hos
915 1974 119 26 respektive
1323 1984 1 18 |

241 2007 52 20 Bast
316 2006 39 21 och
379 2006 78 24 Thorn,
477 2007 56 19 samt
549 2007 31 18 att
596 2004 105 27 därjämte
717 2004 113 26 Lundgren
846 2003 78 21 befrias
939 2003 49 21 från
1003 2005 32 19 att
1177 1997 36 38 ar
1323 2012 43 13 fs

241 2038 78 19 ersätta
335 2036 81 20 kronan
425 2037 30 19 ett
464 2035 77 27 belopp
550 2042 26 14 av
585 2035 42 20 794
639 2035 30 20 kr.
680 2034 27 21 47
716 2036 42 25 öre,
774 2033 116 27 utgörande
901 2034 81 20 kronan
993 2033 41 21 till-
1174 2030 55 32 föna
1323 2032 1 27 Ja
1430 2048 1 24 |
1680 2045 1 5 |
1781 2034 1 14 |

242 2066 130 21 kommande
395 2065 77 27 medel,
492 2072 46 14 som
554 2065 103 21 likaledes
674 2065 62 20 blivit
752 2071 25 14 av
793 2064 71 20 Thorn
881 2063 151 27 förskingrade.
1174 2064 1 25 |
1323 2061 1 28 |
