1817 2349
1627 66 28 21 89

74 246 168 26 Avskrivningar
257 246 36 20 och
309 246 116 26 eftergifter.

102 282 42 19 RD
155 281 116 27 medgiver,
282 283 34 19 att
326 282 25 20 E.
362 282 20 20 S.
393 282 94 20 Axelson
498 282 40 20 och
549 282 24 20 B.
584 282 135 20 Gustavsson
729 282 36 20 må
776 282 78 20 befrias
864 282 46 20 från
921 282 43 20 viss

73 311 264 27 ersättningsskyldighet.

104 359 17 20 1.
138 359 42 20 RD
191 359 116 26 medgiver,
317 360 35 19 att
361 359 120 26 skepparen
493 360 24 19 G.
529 359 27 20 H.
568 360 19 19 S.
598 359 86 21 Nilsson
694 360 35 19 må
739 359 79 20 befrias
827 360 48 19 från
885 360 80 20 honom

73 389 114 26 åliggande
195 389 258 26 ersättningsskyldighet
461 389 32 20 till
502 391 52 24 väg-
562 390 39 19 och
609 389 298 27 vattenbyggnadsstyrelsen
916 389 49 21 med

73 418 26 20 34
109 419 41 20 937
161 419 32 19 kr.
207 418 24 20 15
242 420 36 19 öre
288 419 88 26 jämlikt
386 419 166 20 rådhusrättens
564 419 6 20 i
581 419 148 20 Oskarshamn
740 419 71 26 utslag
823 419 40 20 den
876 419 25 20 19
912 419 53 20 febr.

75 448 60 20 1945.

102 478 19 20 2.
139 478 42 20 RD
191 478 117 26 medgiver,
318 480 35 18 att
362 478 25 20 B.
399 479 25 19 O.
435 479 23 19 L.
469 478 94 26 Löfberg
572 479 35 19 må
618 478 78 20 befrias
706 479 47 20 från
764 479 79 19 honom
853 478 113 27 åliggande

74 508 259 26 ersättningsskyldighet
343 508 33 20 till
387 508 288 26 riksförsäkringsanstalten
687 508 33 20 för
730 509 43 19 vad
785 508 109 20 anstalten
906 508 6 20 i
923 508 42 20 anl.

74 543 28 14 av
116 537 37 20 det
168 538 49 20 Olof
231 537 86 21 Sandell
331 538 138 26 övergångna
479 538 137 26 olycksfallet
624 538 32 20 till
671 538 86 20 Sandell
771 538 80 26 utgivit
864 538 51 20 eller
923 538 43 20 kan

74 567 87 19 komma
176 568 34 18 att
224 567 82 26 utgiva.

101 597 19 19 3.
139 596 41 20 RD
194 596 117 25 medgiver,
325 598 35 18 att
373 597 145 19 statsverkets
531 597 88 19 fordran
632 597 88 26 jämlikt
733 597 55 20 Svea
802 597 100 20 hovrätts
916 597 49 20 dom

73 625 41 20 den
129 626 23 19 17
164 626 54 26 april
232 626 52 20 1925
295 628 113 24 gentemot
419 626 181 20 varvsarbetaren
612 627 25 20 O.
650 627 20 19 S.
682 626 131 24 Andersson,
825 627 56 19 förre
891 632 76 14 varvs-

73 655 114 20 arbetaren
200 655 25 20 A.
238 656 20 19 S.
271 655 119 27 Malmberg
402 656 39 19 och
453 656 107 20 dödsboet
571 656 55 19 efter
636 656 56 20 förre
702 656 181 20 varvsarbetaren
895 656 25 20 A.
932 656 33 20 W.

73 680 111 31 Åkerberg
197 685 35 20 må
246 685 157 20 efterskänkas.

100 714 20 20 4.
137 715 42 19 RD
190 714 85 20 bifaller
284 721 60 20 prop.
355 720 49 21 ang.
416 715 97 20 befrielse
522 715 34 20 för
565 715 107 20 dödsboet
681 715 55 20 efter
745 715 23 20 F.
781 715 15 20 I.
809 715 99 20 Isaksson
919 715 47 20 från

73 744 43 19 viss
131 744 255 26 betalningsskyldighet.

100 773 19 20 5.
137 774 42 19 RD
192 774 118 26 medgiver,
323 776 35 18 att
370 774 146 26 värnpliktige
529 775 25 19 O.
567 774 26 20 B.
607 775 20 19 S.
641 775 114 22 Svensson,
769 774 80 20 furiren
862 774 25 21 G.
900 775 24 19 L.
937 775 28 19 M.

73 803 93 23 Nilsson,
180 804 147 26 värnpliktige
339 804 81 19 furiren
433 804 24 20 T.
470 804 33 20 W.
517 804 106 23 Carlsson,
636 804 56 20 förre
705 804 80 20 furiren
798 805 20 19 S.
832 804 23 20 F.
870 804 96 26 Sjöblom

72 834 58 18 samt
142 833 81 20 furiren
236 833 25 20 B,
275 833 24 20 G.
313 834 113 19 Farestam
439 834 35 19 må
487 833 79 21 befrias
578 834 47 20 från
639 834 49 20 dem
700 834 113 26 åliggande
825 834 142 26 ersättnings-

72 862 51 20 eller
135 863 273 26 skadeståndsskyldighet
420 863 33 20 till
466 863 90 20 kronan.

101 892 18 20 6.
137 892 42 20 RD
191 893 117 26 medgiver,
320 894 34 19 att
365 893 152 20 mästerlotsen
528 893 37 20 vid
577 893 142 20 Hudiksvalls
730 893 100 26 lotsplats
842 893 23 20 P.
877 893 25 20 O.
914 893 53 20 Kol-

73 922 51 26 berg
140 922 40 20 och
196 922 70 20 lotsen
281 922 37 20 vid
336 923 142 20 Härnösands
493 923 101 26 lotsplats
610 923 23 20 F.
650 923 28 20 H.
695 923 125 20 Pettersson
835 923 42 23 må,
894 923 73 20 därest

73 951 26 20 de
109 953 74 19 senast
192 952 41 20 den
245 952 8 20 1
264 952 45 26 jan.
322 952 52 20 1949
383 952 33 20 till
426 952 148 26 lotsstyrelsen
584 952 108 20 inbetalat
700 953 146 26 sammanlagt
857 953 7 19 1
876 952 41 21 800
926 953 39 23 kr.,

74 981 78 20 befrias
173 981 48 20 från
241 982 138 19 återstående
399 982 259 26 ersättningsskyldighet
676 982 34 20 för
730 982 26 20 de
775 982 125 23 kostnader,
920 988 46 14 som

73 1011 84 20 kronan
170 1011 44 20 fått
226 1011 123 20 vidkännas
362 1012 6 19 i
381 1012 42 19 anl.
437 1018 28 13 av
478 1012 41 19 den
533 1012 68 19 under
613 1013 77 19 natten
703 1012 78 20 mellan
795 1012 41 20 den
848 1012 27 20 24
888 1012 40 20 och
940 1012 26 20 25

73 1042 55 24 sept.
142 1041 52 19 1943
205 1041 117 20 inträffade
333 1041 128 20 kollisionen
483 1041 79 20 mellan
573 1041 205 20 lotsmotorkuttern
790 1042 125 20 Sandhamn
927 1042 39 20 och

73 1070 183 27 skonertskeppet
266 1071 49 19 med
327 1071 147 26 hjälpmaskin
486 1071 111 23 Svanhild,
609 1073 58 18 samt
677 1073 34 18 att
721 1071 34 20 för
764 1071 160 26 återbetalning
934 1071 32 20 till

73 1099 150 27 lotsstyrelsen
237 1106 27 14 av
278 1101 43 19 vad
336 1100 105 26 styrelsen
455 1100 140 20 förskottsvis
609 1101 79 26 erlagts
701 1101 36 20 må
750 1113 28 2 —
790 1101 50 20 med
854 1101 113 26 undantag

73 1135 28 14 av
112 1131 33 18 ett
156 1130 79 26 belopp
247 1136 27 14 av
288 1130 8 20 1
307 1130 41 20 800
359 1130 32 20 kr.
403 1142 27 2 —
441 1132 62 24 tagas
514 1130 6 20 i
532 1130 94 26 anspråk
638 1131 37 19 det
686 1130 6 20 i
704 1131 116 19 riksstaten
832 1131 33 19 för
875 1130 92 27 budget-

73 1159 47 19 året
135 1159 90 26 1945/46
239 1160 108 25 uppförda
360 1159 150 27 förslagslaget
522 1159 32 20 till
568 1160 140 20 oförutsedda
721 1160 97 26 utgifter.

104 1206 16 20 1.
138 1206 42 20 RD
194 1207 117 25 medgiver,
325 1208 35 19 att
372 1207 28 20 K.
415 1207 25 20 B.
454 1207 24 20 F.
492 1208 127 20 Norrbrand
632 1208 79 20 befrias
724 1208 47 20 från
785 1208 137 20 återstående
935 1214 32 14 er-

73 1236 236 26 sättningsskyldighet
324 1236 32 20 till
371 1237 84 20 kronan
471 1238 26 25 på
513 1237 69 26 grund
597 1243 28 14 av
640 1237 6 20 i
661 1237 240 27 statsrådsprotokollet
915 1239 52 19 över

73 1265 191 21 försvarsärenden
281 1266 34 20 för
330 1266 42 20 den
387 1267 27 19 27
430 1268 55 25 sept.
504 1267 52 20 1946
572 1267 143 20 omförmälda
732 1267 112 26 olycksfall
860 1269 57 18 samt
932 1269 35 18 att

73 1295 124 26 löjtnanten
220 1296 37 20 vid
280 1296 168 20 Västerbottens
467 1298 122 24 regemente
608 1297 25 19 A.
653 1297 24 20 L.
697 1297 104 20 Eriksson
821 1297 78 20 befrias
918 1297 48 20 från

73 1325 139 20 återstående
229 1326 259 26 ersättningsskyldighet
505 1326 33 20 till
556 1326 83 20 kronan
658 1327 27 26 på
703 1327 70 26 grund
787 1333 28 14 av
830 1327 6 20 i
850 1327 117 20 statsråds-

74 1355 133 25 protokollet
226 1357 52 18 över
298 1356 191 20 försvarsärenden
512 1356 33 20 för
567 1356 41 20 den
628 1356 26 20 27
674 1358 54 25 sept.
750 1356 53 20 1946
823 1357 143 20 omförmälda

74 1384 119 26 olycksfall.

101 1415 19 19 2.
138 1414 42 20 RD
190 1414 117 26 medgiver,
317 1416 35 19 att
361 1416 84 19 statens
455 1415 6 20 i
470 1416 241 26 statsrådsprotokollet
720 1417 52 19 över
781 1416 185 20 handelsärenden

73 1444 33 19 för
119 1444 41 20 den
175 1444 21 20 11
212 1444 45 20 okt.
272 1444 53 20 1946
338 1445 143 20 omförmälda
494 1445 94 26 kapital-
600 1446 40 19 och
652 1446 152 20 räntefordran
816 1446 12 20 å
841 1446 124 26 ingenjören

75 1474 26 19 R.
116 1474 130 20 Nordström
260 1474 36 20 må
309 1474 120 20 avskrivas.

101 1504 19 19 3.
138 1503 61 20 RD:s
208 1504 105 25 yttrande
322 1504 138 20 beträffande
470 1504 136 26 riktlinjerna
616 1505 33 19 för
658 1505 74 20 KM:ts
741 1505 107 26 prövning
857 1511 28 14 av
895 1505 71 27 frågor

73 1538 35 14 om
120 1533 98 20 befrielse
229 1533 47 20 från
288 1533 125 26 skyldighet
423 1535 35 18 att
468 1534 121 20 återbetala
600 1534 58 20 löne-
669 1535 39 19 och
719 1534 188 27 pensionsbelopp,
919 1541 46 14 som

73 1562 101 26 felaktigt
185 1563 121 20 utbetalats
316 1563 6 20 i
332 1563 54 20 strid
397 1564 47 19 mot
454 1564 68 19 under
533 1564 60 20 RD:s
603 1564 133 20 medverkan
746 1564 114 20 tillkomna
871 1565 94 20 bestäm-

73 1592 83 20 melser.

103 1639 17 20 1.
138 1639 41 20 RD
194 1639 117 26 medgiver,
327 1641 34 18 att
375 1640 30 20 H.
420 1640 167 26 Hemmingsson
602 1641 35 20 må
653 1641 78 20 befrias
745 1641 48 20 från
808 1641 74 20 vidare
896 1642 69 20 betal-

73 1668 189 27 ningsskyldighet
275 1669 33 20 till
322 1670 84 19 kronan
421 1670 27 26 på
462 1670 70 26 grund
546 1676 28 14 av
588 1671 43 19 fem
646 1670 6 20 i
666 1671 241 26 statsrådsprotokollet
920 1678 45 14 om-

73 1698 107 20 förmälda
195 1699 116 26 virkesköp
327 1699 68 20 under
410 1699 165 27 förutsättning,
590 1701 35 19 att
639 1700 33 20 till
687 1700 158 20 domänverket
859 1701 59 20 inom
932 1701 33 21 tid

73 1734 46 14 som
133 1728 64 20 KM:t
210 1728 132 20 bestämmer
354 1729 108 20 inbetalas
475 1731 33 18 ett
521 1730 78 26 belopp
612 1736 29 14 av
653 1730 13 20 2
675 1730 41 20 500
728 1730 32 20 kr.

101 1758 19 20 2.
138 1758 42 20 RD
191 1758 117 26 medgiver,
320 1760 34 18 att
364 1759 26 20 A.
402 1759 136 23 Gustafsson,
550 1759 25 20 A.
587 1760 112 23 Karlsson,
711 1760 26 20 R.
749 1760 129 20 Gustafsson
889 1761 39 20 och
939 1760 26 21 A.

73 1787 93 20 Larsson
178 1788 35 20 må
225 1788 79 20 befrias
315 1788 48 20 från
374 1789 75 20 vidare
460 1789 249 27 betalningsskyldighet
719 1790 32 19 till
762 1790 84 20 kronan
857 1791 28 25 på
896 1791 70 26 grund

73 1823 28 14 av
117 1818 33 19 ett
165 1817 6 20 i
187 1818 242 26 statsrådsprotokollet
444 1819 126 20 omförmält
585 1819 116 27 virkesköp
717 1820 68 20 under
800 1820 165 27 förutsättning,

73 1848 35 19 att
120 1853 26 14 en
159 1853 29 14 av
200 1847 26 20 A.
240 1848 93 20 Larsson
346 1848 103 20 utfärdad
463 1848 130 21 förbindelse
606 1849 11 20 å
631 1849 40 20 606
683 1849 32 20 kr.
729 1849 13 20 9
754 1851 36 19 öre
802 1849 82 21 infrias.

101 1877 19 19 3.
138 1877 42 19 RD
198 1877 118 26 medgiver,
334 1879 35 18 att
386 1878 67 20 förste
470 1878 206 21 stationsskrivaren
694 1879 37 20 vid
749 1880 83 19 statens
849 1879 118 27 järnvägar

74 1906 24 20 G.
112 1906 24 20 V.
149 1906 97 20 Löthner
256 1907 43 23 må,
312 1907 73 20 därest
396 1908 43 19 han
450 1907 59 20 inom
520 1908 40 23 tid,
572 1914 46 14 som
629 1914 28 14 av
668 1909 64 20 KM:t
743 1909 138 23 bestämmes,
893 1916 28 13 av
932 1911 34 18 ut-

74 1936 62 19 dömt
146 1936 225 27 skadeståndsbelopp
382 1937 33 20 till
425 1937 210 27 järnvägsstyrelsen
646 1938 107 20 inbetalar
765 1939 8 19 1
785 1938 40 21 000
835 1939 40 23 kr.,
887 1939 79 20 befrias

73 1965 48 20 från
135 1965 80 20 honom
228 1966 114 26 åliggande
355 1967 139 20 återstående
506 1967 270 27 skadeståndsskyldighet
788 1968 33 20 till
833 1968 84 20 kronan
930 1975 36 14 en-

73 1995 39 26 ligt
126 1995 54 20 Svea
195 1995 101 20 hovrätts
310 1996 71 26 utslag
394 1997 41 19 den
449 1997 12 19 3
475 1997 45 19 okt.
536 1997 59 20 1946.

100 2030 20 20 4.
138 2031 41 20 RD
196 2031 118 26 medgiver,
331 2033 35 19 att
381 2032 229 26 byggnadsarbetaren
627 2033 23 20 F.
667 2033 28 21 H.
712 2034 95 20 Jonsson
823 2034 79 20 befrias
918 2034 47 20 från

73 2061 259 26 ersättningsskyldighet
344 2061 32 20 till
389 2062 83 20 kronan
484 2062 88 26 jämlikt
585 2063 54 20 Svea
653 2063 100 20 hovrätts
766 2064 50 19 dom
829 2064 41 20 den
882 2064 26 20 28
920 2064 44 26 jan.

75 2089 59 21 1946.

1119 157 90 16 Motioner
1267 157 79 16 Utskott
1420 169 8 8 åa
1509 156 94 17 Protokoll

985 177 25 20 År
1007 173 18 33 |
1032 181 54 20 Prop.
1356 171 16 33 cr.
1391 169 57 40 ig
1457 192 193 2 FER
1558 170 13 33 Pe

1114 211 32 16 FK
1149 207 23 29 I
1176 211 35 16 AK
1233 211 85 16 |SmllAvd!
1342 211 26 16 Nr
1487 210 33 16 FK
1586 211 35 15 AK

985 282 27 20 451
1040 282 38 20 351
1088 278 27 35 |
1125 294 27 2 —I
1190 294 27 2 —1I
1252 282 60 20 6'1—1
1336 282 40 20 2771
1401 282 40 20 5551
1465 282 69 20 35:12
1543 278 18 35 |
1566 282 69 21 37:36

988 312 20 20 H

985 360 27 20 46,1,
1057 360 24 20 151,
1125 371 28 3 —]
1190 371 27 2 TT]
1252 360 124 20 61—]|:27)
1415 360 23 20 311
1480 361 155 20 8:21-1.,8:19

996 485 9 13 »
1055 479 26 20 781
1126 491 26 2 —|
1190 490 27 2 —I
1252 480 61 19 61)—]
1351 479 90 20 661137]
1468 480 66 19 14:45
1539 475 22 34 |
1570 480 29 20 14:
1611 483 24 17 62

997 602 8 14 »
1016 593 22 34 |
1043 597 38 20 147]
1126 609 26 2 —I
1190 608 19 2 —
1218 593 18 34 I
1252 598 61 19 61—]1
1351 597 183 20 681139114:45
1539 593 22 34 |
1568 598 31 20 14:
1610 601 25 16 62

996 721 9 14 »
1023 712 14 34 |
1043 716 38 20 115]
1125 727 28 2 —|
1190 716 123 20 —]101—]
1353 716 23 20 141
1403 716 95 20 130114:
1510 718 24 17 64
1538 712 22 34 |
1568 716 31 21 14:
1611 719 24 17 88

996 781 9 13 FIT
1055 775 27 20 SA
1091 771 36 37 fa
1191 787 26 2 EST
1252 775 61 20 GT
1338 775 39 20 R00
1397 775 45 29 dSTOT
1510 776 89 20 UTG
1611 778 24 17 0

1040 808 21 20 pt
1072 807 9 17 2
1338 812 15 12 s.
1365 807 78 17 41s.14

1040 836 41 17 —6

996 899 9 14 »
1015 890 22 34 |
1043 894 39 19 119]
1125 905 28 3 —|
1190 905 27 3 —I
1252 894 61 19 61—1]
1339 894 38 20 1901
1401 894 40 20 3431
1466 895 32 19 23:
1510 897 24 17 90
1538 890 22 34 |
1566 894 33 21 24:
1613 897 37 17 129

986 1208 28 20 461
1041 1209 41 19 3200
1092 1204 22 34 |
1126 1220 26 2 —|
1191 1220 27 2 —I
1253 1209 60 19 61—1]
1337 1208 40 20 2621
1401 1208 40 20 4861
1466 1209 32 20 35:
1510 1210 10 18 4
1538 1204 22 34 |
1566 1209 33 20 35:
1610 1211 25 18 20

989 1237 21 20 H

996 1422 9 13 »
1020 1412 18 35 I
1041 1416 40 21 354]
1125 1428 28 2 —I:
1190 1427 27 3 —1I
1252 1416 60 20 61—]
1336 1416 40 20 2841
1401 1416 97 21 525139:
1510 1419 24 17 28
1566 1417 33 20 139:
1611 1419 22 17 41

996 1511 8 13 »
1019 1501 18 34 I
1040 1505 41 20 375]
1125 1517 27 2 —I
1190 1517 27 2 —I
1252 1505 60 19 61—1]1
1336 1505 40 20 3051
1401 1505 40 20 565
1442 1501 18 34 I
1465 1505 33 20 42:
1510 1507 24 18 93
1538 1501 22 34 |
1566 1505 33 20 42:
1611 1508 24 17 94

985 1640 27 21 41
1068 1642 12 19 61
1125 1653 27 2 —|I
1190 1641 122 20 —l1101—1|
1364 1641 12 20 51
1416 1641 25 20 181
1480 1643 40 19 6:3
1580 1643 55 19 6:12

996 1766 9 13 »
1013 1756 23 35 |
1056 1760 22 20 111
1125 1772 27 3 —I
1190 1760 123 20 —lI101—1-
1364 1760 77 20 61-191:
1479 1761 41 20 6:3
1580 1762 19 19 6:
1612 1763 22 17 12

996 1884 8 14 »
1013 1875 28 35 |
1057 1879 24 21 151
1125 1891 28 2 —I
1190 1891 28 3 —Pb
1252 1880 61 19 6)—1
1350 1879 26 20 271
1415 1879 26 20 381
1479 1880 55 20 8:10:
1580 1880 54 20 8:17

1040 1913 21 20 pt
1072 1911 8 17 1

995 2039 10 13 »
1057 2034 24 20 151]
1125 2045 28 2 —|
1190 2046 28 2 —]|
1252 2033 62 20 61—]
1351 2033 25 20 271
1415 2033 27 20 381
1480 2034 55 20 810
1545 2029 14 35 |)
1580 2034 55 20 817

1040 2067 22 20 pt
1072 2066 10 17 2
