1827 2347
1624 70 28 20 29

70 288 298 28 ARBETSFÖRMEDLING,
380 292 159 20 OFFENTLIG.

99 328 18 19 1.
135 328 42 20 RD
191 328 100 23 besluter,
305 329 34 19 att
352 328 11 20 å
377 328 264 26 personalförteckningen
654 328 33 20 för
700 328 40 20 den
754 328 112 26 offentliga
878 328 83 19 arbets-

70 357 157 27 förmedlingen
245 358 84 20 antalet
347 358 192 20 kontorsbiträden
557 358 6 19 i
581 358 102 25 lönegrad
701 358 50 20 Ca8
769 358 54 19 skall
841 358 52 19 ökas
911 357 49 20 med

69 387 51 24 fem,
134 387 119 20 fastställer
265 387 160 27 avlöningsstat
437 389 58 18 samt
507 388 87 19 anvisar
607 387 32 20 till
651 387 128 27 avlöningar
792 387 25 20 13
826 387 40 21 075
875 387 41 20 000
928 387 32 20 kr.

70 417 33 26 (f);
119 417 40 20 och
173 417 60 26 giver
248 417 41 20 RD
304 417 6 20 i
325 417 102 20 skrivelse
441 417 33 20 till
489 417 63 20 KM:t
567 417 105 20 tillkänna
687 417 43 20 vad
745 417 110 20 utskottet
868 417 73 20 anfört
955 417 6 19 i

69 446 61 26 fråga
143 453 35 14 om
192 448 92 25 översyn
297 453 27 14 av
337 447 299 26 arbetsmarknadsstyrelsen
649 447 39 20 och
701 447 41 20 den
755 447 112 26 offentliga
879 447 83 20 arbets-

70 476 164 26 förmedlingen.

98 506 19 20 2.
135 506 42 20 RD
197 506 88 20 anvisar
304 506 32 20 till
356 507 41 19 den
417 506 113 26 offentliga
550 506 236 26 arbetsförmedlingen:
807 506 155 20 omkostnader

70 536 12 19 3
91 536 41 20 440
141 536 41 20 000
195 536 31 20 kr.
241 536 33 25 (f).

98 565 19 20 3.
134 565 42 19 RD
196 565 88 20 anvisar
304 565 31 20 till
356 566 41 19 den
417 566 112 25 offentliga
550 565 236 26 arbetsförmedlingen:
807 565 154 26 krisorganisa-

70 594 73 20 tionen
156 595 13 19 2
178 594 41 20 500
228 594 41 21 000
281 595 31 19 kr.
326 595 33 26 (f).

100 636 17 20 1.
134 636 42 19 RD
191 636 100 23 besluter,
306 637 35 19 att
354 636 6 20 i
374 636 264 26 personalförteckningen
652 636 33 20 för
698 636 41 20 den
753 636 112 26 offentliga
879 636 82 19 arbets-

69 665 169 26 förmedlingens
255 667 142 25 permanenta
415 666 147 25 organisation
579 666 84 20 antalet
679 666 191 20 kontorsbiträden
887 666 6 19 i
910 665 50 20 Ca8

70 695 54 20 skall
138 695 52 20 ökas
203 695 50 20 med
266 695 34 23 46,
314 695 119 21 fastställer
445 695 160 26 avlöningsstat
618 695 33 20 för
664 696 42 19 den
719 695 113 26 offentliga
845 695 116 20 arbetsför-

69 724 122 27 medlingen
215 726 58 19 samt
296 725 88 20 anvisar
407 725 32 20 till
463 725 41 20 den
528 725 112 26 offentliga
663 725 237 26 arbetsförmedlingen:
924 731 37 13 av-

69 754 99 26 löningar
182 754 25 20 12
216 754 40 21 897
265 754 42 20 000
319 755 32 19 kr.
366 755 32 26 (f).

97 784 19 20 2.
133 784 42 20 RD
196 784 88 20 anvisar
302 784 33 20 till
356 784 41 20 den
417 784 112 27 offentliga
549 784 237 26 arbetsförmedlingen:
807 784 155 20 omkostnader

69 813 12 20 3
91 813 40 21 515
140 813 41 21 000
193 814 33 20 kr.
240 814 33 26 (f).
682 814 10 7 +

97 843 19 20 3.
134 843 42 20 RD
185 843 88 20 anvisar
281 843 34 20 till
323 844 41 19 den
374 844 113 25 offentliga
496 844 237 25 arbetsförmedlingen:
742 843 219 26 krisorganisationen

69 873 13 19 2
91 872 40 21 500
140 873 42 20 000
194 873 32 20 kr.
240 873 33 26 (f).

98 908 25 20 Se
137 909 41 19 ock
191 909 225 26 Arbetarlagstiftning,
431 909 212 23 Arbetsmarknaden,
658 909 166 20 Pensionsväsen
839 909 69 26 (1950:
923 908 38 26 19).

69 946 400 24 ARBETSFÖRMEDLINGSTVÅNG
479 950 33 20 för
521 951 220 25 byggnadsarbetare;
751 957 22 13 se
785 950 178 27 Interpellationer

98 979 70 26 (1943:
181 981 40 25 64).

70 1026 226 25 ARBETSGIVARE;
310 1033 22 14 se
346 1027 241 26 Anställningsregister;
603 1027 126 27 förordning
743 1034 35 13 om
793 1027 124 27 skyldighet
930 1027 34 20 för

98 1057 148 26 arbetsgivare
258 1058 35 18 att
306 1057 86 20 anmäla
405 1057 214 26 arbetsanställning:
633 1063 21 14 se
668 1057 132 20 Skatteväsen
814 1057 70 26 (1943:
897 1057 26 26 3).

70 1104 182 24 ARBETSHEM;
262 1110 22 14 se
296 1104 121 26 Fattigvård
426 1105 70 25 (1941:
510 1107 16 21 5,
539 1105 59 19 1942:
611 1107 17 21 6,
640 1105 59 20 1943:
712 1107 17 21 4,
742 1105 52 20 1943
804 1105 28 20 H:
846 1107 15 21 1,
874 1104 59 20 1944:
946 1104 16 20 &

72 1133 59 20 1945:
144 1136 16 20 4,
183 1133 59 20 1946:
255 1136 17 21 2,
294 1134 59 20 1947:
366 1136 17 21 8,
404 1134 60 20 1948:
477 1136 17 21 8,
516 1134 58 20 1949:
588 1136 16 21 8,
628 1136 29 21 18,
680 1134 59 20 1950:
751 1134 27 26 9),
796 1134 166 20 Pensionsväsen

70 1163 70 26 (1945:
153 1163 40 26 33).

70 1210 280 21 ARBETSKLAUSULER
366 1211 9 20 I
391 1211 164 25 KONTRAKT;
570 1218 22 13 se
608 1211 218 27 Arbetarlagstiftning
841 1211 79 26 (1950).

69 1258 220 25 ARBETSKLINIK;
302 1264 22 14 se
337 1259 125 20 Arbetsvård
474 1259 79 26 (1950).

70 1295 239 29 ARBETSKLÄDER;
322 1306 22 13 se
357 1300 132 20 Skatteväsen
503 1300 70 26 (1950:
587 1301 38 25 12).

70 1341 289 25 ARBETSKOMPANIER;
371 1347 21 14 se
407 1342 180 26 Interpellationer
599 1342 69 26 (1941:
681 1344 17 21 2,
714 1342 39 26 15).

71 1382 297 21 ARBETSKONFLIKTER.

98 1418 55 26 Ang.
173 1419 75 25 frågan
267 1425 35 13 om
321 1419 247 25 statstjänstemännens
586 1419 104 25 ställning
708 1419 36 19 vid
763 1419 198 23 arbetskonflikter;

98 1454 22 13 se
137 1447 179 27 Interpellationer
330 1448 70 26 (1945:
414 1448 52 27 145).

70 1489 213 20 ARBETSKRAFT.

98 1525 55 26 Ang.
164 1524 117 27 tillgången
293 1525 27 26 på
330 1525 134 20 arbetskraft
474 1526 37 19 vid
520 1525 133 26 järnbruken
664 1532 28 13 m.
702 1531 37 18 m.;
750 1531 21 14 se
784 1525 179 27 Interpellationer

71 1554 70 26 (1946:
155 1554 53 26 116).
556 1560 4 4 :

98 1584 55 26 Ang.
171 1584 145 26 utnyttjande
332 1590 28 14 av
377 1585 161 20 arbetskraften
555 1585 6 19 i
578 1585 134 20 Norrbotten
729 1585 33 20 för
778 1585 120 20 industriell
915 1591 48 20 pro-

71 1613 91 20 duktion
175 1614 58 19 inom
246 1614 81 23 landet;
340 1620 22 14 se
377 1614 180 26 Interpellationer
568 1614 70 26 (1946:
652 1614 52 26 118).

100 1643 54 26 Ang.
171 1643 122 20 beredande
304 1650 28 14 av
344 1644 69 20 ökade
425 1644 137 26 möjligheter
572 1645 35 19 att
618 1644 113 26 tillgodose
741 1644 139 26 jordbrukets
892 1644 71 20 behov

70 1679 28 13 av
110 1673 141 23 arbetskraft;
263 1680 22 13 se
299 1674 180 26 Interpellationer
490 1674 69 26 (1946:
573 1674 53 25 134).

98 1703 55 25 Ang.
170 1703 133 26 anställning
318 1709 28 14 av
362 1703 134 20 arbetskraft
511 1704 37 19 vid
564 1703 88 27 statliga
668 1704 60 23 verk;
744 1709 22 14 se
784 1703 179 27 Interpellationer

71 1732 70 26 (1949:
155 1732 39 26 16).

98 1762 55 26 Ang.
170 1762 134 20 arbetskraft
318 1762 33 20 till
366 1763 126 23 vårbruket;
508 1769 22 13 se
547 1763 180 26 Interpellationer
742 1763 69 26 (1949:
825 1763 39 25 71).

99 1791 83 21 Genom
198 1792 311 27 avverkningsförhållandena
525 1792 146 27 föreliggande
686 1793 137 20 överskottet
837 1798 28 14 av
880 1793 82 20 arbets-

70 1821 67 23 kraft;
150 1827 22 14 se
187 1821 179 27 Interpellationer
378 1822 70 26 (1949:
461 1821 40 27 75).

100 1851 25 20 Se
139 1851 39 19 ock
193 1851 147 26 Befolknings-
352 1851 36 21 och
400 1851 240 26 näringsförhållanden,
656 1852 179 26 Interpellationer
848 1852 69 26 (1947:
931 1854 30 21 12,

73 1882 24 17 46
114 1880 59 21 1948:
187 1881 40 26 24),
242 1881 167 20 Pensionsväsen
425 1881 70 26 (1947:
509 1883 30 22 15,
558 1881 39 26 17),
615 1881 140 27 Registrering
770 1881 79 26 (1942).

70 1921 213 25 ARBETSKRAFT,
297 1918 226 24 ÖVERFLYTTNING
538 1923 46 23 AV;
599 1929 21 13 se
635 1922 201 21 Arbetsmarknaden
852 1923 70 25 (1944:
934 1923 26 25 3),

100 1951 164 21 Försvarsväsen
281 1952 69 25 (1944:
363 1952 40 26 25).

71 1992 350 25 ARBETSKRAFTSBRISTEN;
429 1999 22 14 se
462 1993 179 26 Interpellationer
648 1994 65 25 (spec.
724 1993 59 20 1946:
796 1995 30 22 24,
837 1995 31 21 61,
879 1995 31 21 63,
921 1993 39 26 80).

71 2033 292 21 ARBETSKURATORER.

99 2069 123 20 Kamrarna
240 2069 60 21 avslå
317 2070 108 20 motioner
441 2076 49 20 ang.
509 2070 115 26 utredning
641 2077 35 13 om
693 2070 125 20 inrättande
835 2076 28 14 av
880 2070 82 20 arbets-

71 2098 258 28 kuratorsbefattningar.

1105 156 100 30 Motioner
1254 156 89 30 Utskott
1421 172 3 3 5
1505 160 94 16 Protokoll

980 180 26 20 År
1002 176 14 33 |
1027 184 55 20 Prop.
1387 172 57 40 Så

1110 214 32 15 FK
1149 209 19 29 |
1172 213 35 16 AK
1229 196 82 55 SmilAva
1337 214 27 16 Nr
1484 214 32 16 FK
1582 215 36 15 AK

1548 258 3 16 I

980 327 28 20 491
1037 327 39 20 1:7
1084 323 26 34 |
1121 339 27 2 —]
1175 327 38 20 1001]
1249 327 60 20 61—
1361 327 12 20 5
1426 328 12 20 51]
1465 328 31 20 10:
1508 328 38 20 99d]
1566 328 31 20 10:
1611 330 37 17 145

1029 361 21 19 pt
1060 359 24 17 44
1329 364 14 12 s.
1353 359 22 17 16

992 512 8 13 »
1012 501 18 33 I
1038 505 39 20 1:27]
1121 517 27 2 —|
1186 517 26 2 —I
1248 505 60 19 61—
1361 506 12 19 5
1425 506 70 20 5110:
1509 508 37 17 1021
1566 506 30 20 10:
1611 509 36 16 145

1029 539 21 19 pt
1061 537 24 17 45
1327 537 47 17 8:19

991 571 8 12 »
1011 560 18 33 I
1039 565 38 19 1:71]
1122 576 19 2 —I
1186 576 27 2 —I
1248 564 60 19 61—
1360 565 12 19 5
1425 565 70 19 5110:
1510 568 36 16 102|
1565 566 31 18 10:
1611 568 36 16 145

1029 598 21 19 pt
1060 596 24 17 46
1327 601 15 12 s.
1351 596 23 17 19

981 635 27 19 501
1038 635 39 20 1:71
1122 647 18 2 —I
1186 647 26 2 —I
1248 635 59 19 61/—
1360 635 12 20 5
1425 636 12 20 SJ
1464 636 66 19 11:64
1534 632 22 33 |
1565 636 31 20 11:
1610 632 37 33 102

1030 668 20 20 pt
1061 667 24 17 45
1327 672 15 12 s.
1349 667 24 17 25

992 789 8 13 »
1008 779 22 33 I
1039 783 38 20 1:27]
1120 795 28 2 —I
1186 795 27 2 —I
1248 783 60 20 61—
1360 783 12 21 &
1424 784 106 20 5111:64
1541 780 18 33 I
1565 784 81 20 11::102

1030 817 21 19 pt
1061 815 24 17 46
1328 820 14 12 s.
1350 815 24 18 26

992 849 9 12 »
1038 843 39 19 [1:71]
1121 854 27 2 —I
1186 854 27 2 —I
1248 842 60 20 61—
1360 843 12 20 5
1424 843 13 20 51
1464 843 66 20 11:64
1534 839 22 34 |
1565 843 30 20 11:
1610 846 36 17 102

1030 875 21 20 pt
1061 874 24 17 47
1328 879 14 12 s.
1350 874 23 18 27

982 2070 28 19 441
1051 2082 27 2 —
1108 2070 41 20 1260
1156 2065 14 34 |
1173 2069 88 21 429112]
1298 2070 8 19 1
1361 2071 13 19 21
1411 2071 135 20 —J]12:37d

1237 2099 71 21 13:18
1361 2100 12 20 5l
1411 2112 27 2 —
1492 2112 28 3 —
1531 2097 26 33 |
1565 2101 31 20 10:
1611 2103 36 17 124]
