1837 2356
159 153 40 20 596
889 151 223 18 SAKREGISTER

175 446 170 21 HAGBYTORP
361 446 29 20 Nr
406 446 22 25 2;
444 452 22 14 se
482 446 158 26 Avsöndringar
655 445 70 27 (1936:
739 445 38 26 13).

175 497 140 24 HAGGÅRD
330 501 28 19 Nr
375 501 19 21 1;
409 506 22 14 se
445 500 158 26 Avsöndringar
617 500 69 25 (1932:
699 499 26 26 3).

175 554 145 25 HAGLUND,
332 554 24 20 E.
368 554 26 24 I.,
406 554 155 20 överassistent
573 554 11 20 å
597 554 166 26 övergångsstat
774 553 37 20 vid
824 552 192 21 centralanstalten

202 585 34 19 för
249 584 191 20 försöksväsendet
454 584 28 26 på
494 583 224 27 jordbruksområdet;
733 589 22 14 se
767 583 115 20 Pensioner
895 582 79 26 (1934).

174 638 145 25 HAGLUND,
333 639 24 19 T.
371 638 35 25 R.,
420 638 147 26 tygarbetare;
582 644 22 13 se
619 637 78 20 Armén
712 637 70 26 (1932:
795 637 39 25 53).

173 687 162 30 HAGSTRÖM,
343 692 33 25 V.,
386 692 14 20 f.
411 692 20 20 d.
442 691 197 21 skrädderiförman
649 691 37 20 vid
696 691 87 20 Bodens
793 690 223 26 artilleriregementes

202 722 224 23 skrädderiverkstad;
442 728 21 14 se
475 722 116 20 Pensioner
604 721 79 26 (1935).

173 776 89 25 HAKE,
278 776 26 20 A.
321 776 74 24 P:son,
412 776 14 19 f.
437 775 20 20 d.
474 775 108 23 båtsman;
600 781 22 14 se
636 775 115 20 Pensioner
766 774 80 26 (1932).

173 830 107 24 HAKON,
299 830 20 19 J.
337 830 34 24 A.,
389 829 69 20 indelt
474 829 72 20 soldat
563 829 37 19 vid
618 829 133 25 Skaraborgs
768 829 129 25 regemente,
915 827 60 24 furir;
993 833 21 14 se

199 860 116 20 Pensioner
331 859 79 26 (1940).

172 919 83 25 HALL,
271 918 200 21 åkerbrukskoloni.

201 949 43 21 RD
259 949 117 26 medgiver,
392 950 35 18 att
440 948 126 26 föreningen
580 948 33 20 till
627 948 73 20 minne
715 954 28 13 av
757 948 96 25 Konung
868 947 67 20 Oscar
951 946 8 20 I
974 946 40 20 och

216 979 121 26 Drottning
350 978 119 26 Josephina
483 978 36 20 må
533 978 32 20 till
580 977 160 27 uppehållande
754 983 28 15 av
795 977 168 20 verksamheten
976 976 38 20 vid

214 1008 222 21 åkerbrukskolonien
447 1008 51 20 Hall
508 1008 87 26 åtnjuta
605 1009 33 19 ett
647 1007 104 26 tillfälligt
762 1007 130 26 driftbidrag
901 1012 28 15 av
938 1006 26 20 25
973 1005 41 21 000

214 1039 40 23 kr.,
268 1040 35 18 att
316 1039 52 25 utgå
382 1044 28 13 av
423 1038 33 19 5:e
469 1038 59 19 HT:s
541 1037 166 26 förslagsanslag
719 1037 33 19 till
765 1036 220 26 skyddsuppfostran.

243 1075 22 16 Se
278 1074 34 16 ock
326 1073 96 21 Fångvård
436 1073 59 20 (1938:
505 1075 15 17 8;
535 1073 50 16 1939:
595 1076 16 16 4,
625 1073 23 19 8);
662 1073 145 16 Pensionsväsen
820 1072 60 20 (1939:
891 1072 33 20 12);
935 1072 79 20 Skydds-

218 1099 44 15 hem
274 1098 61 20 (1936:
345 1101 14 16 1;
375 1098 51 16 1939:
435 1097 23 20 2);
471 1095 195 19 Åkerbrukskolonien
679 1097 49 16 Hall.

172 1151 83 25 HALL,
269 1151 27 20 A.
309 1151 24 20 V.

200 1181 43 20 RD
257 1181 117 26 medgiver,
389 1182 35 18 att
438 1180 171 20 underofficeren
624 1186 27 14 av
665 1180 33 20 3:e
711 1179 81 27 graden
807 1179 27 27 på
848 1179 166 26 övergångsstat

203 1228 3 3 .
214 1211 37 20 vid
265 1210 165 21 kustartilleriet
443 1210 26 20 A.
483 1210 26 20 V.
524 1210 51 20 Hall
588 1210 36 20 må
638 1210 33 19 för
684 1209 109 26 placering
806 1209 7 20 i
826 1209 107 20 löneklass
947 1208 67 26 enligt

214 1241 26 19 de
253 1240 6 20 i
273 1240 25 20 14
310 1241 10 24 $
334 1240 8 20 1
357 1246 66 14 mom.
436 1240 143 26 kungörelsen
592 1240 41 19 den
646 1239 26 20 23
685 1239 45 20 okt.
745 1239 53 20 1925
811 1239 34 25 (nr
856 1238 50 26 429)
919 1238 94 26 angivna

213 1270 95 26 grunder
316 1270 160 26 tillgodoräkna
486 1269 31 26 sig
527 1269 41 20 den
578 1269 39 23 tid,
628 1269 109 20 varunder
746 1269 43 19 han
799 1268 55 20 efter
863 1268 149 26 överföringen

213 1300 33 20 till
267 1300 167 26 övergångsstat
454 1299 100 20 innehaft
575 1298 132 26 anställning
728 1298 67 26 enligt
815 1298 106 20 kontrakt
942 1298 70 20 såsom

212 1329 116 20 maskinist
341 1329 12 20 å
367 1329 33 20 för
412 1329 134 20 Karlskrona
559 1328 97 26 fästning
669 1328 81 20 avsedd
763 1327 248 21 kommunikationsbåt.

170 1389 83 24 HALL,
263 1389 22 20 C.
297 1388 28 25 J.,
335 1389 15 20 f.
361 1389 20 20 d.
393 1388 189 20 stationsmästare
592 1387 37 21 vid
640 1389 83 19 statens
733 1387 123 27 järnvägar;
868 1393 21 14 se
898 1387 115 20 Pensioner

199 1419 79 26 (1934).

170 1472 83 25 HALL,
267 1472 36 25 H.,
317 1472 104 26 ingenjör.

198 1502 101 20 Tilldelas
314 1503 34 19 ett
362 1502 64 26 årligt
441 1501 119 21 understöd
575 1507 28 14 av
618 1501 40 20 800
673 1501 31 20 kr.

170 1556 151 20 HALLANDS
330 1555 178 25 REGEMENTE,
520 1554 323 27 uppvärmningsanläggningar
851 1554 43 25 vid;
903 1560 21 14 se
932 1553 78 21 Armén

198 1585 70 27 (1940:
282 1586 39 25 14).

170 1639 158 25 HALLBERG,
345 1639 64 25 Beda,
425 1639 41 23 fru;
484 1645 22 14 se
520 1638 115 21 Pensioner
651 1638 79 26 (1938).

169 1693 159 24 HALLBERG,
344 1692 97 27 Eugenia
458 1692 97 20 Josefina
572 1692 102 26 (Jenny),
690 1692 15 20 f.
716 1692 20 20 d.
753 1691 145 20 skrivbiträde
915 1691 11 20 å
940 1691 72 26 Grips-

197 1723 70 20 holms
282 1722 190 27 revirexpedition;
488 1728 22 14 se
523 1722 115 20 Pensioner
653 1721 79 27 (1934).

169 1776 159 25 HALLBERG,
350 1776 36 25 K.,
408 1776 46 20 f.d.
477 1776 115 20 timlönare
614 1776 37 20 vid
674 1775 138 20 Stockholms
834 1775 132 26 örlogsvarv;
990 1780 22 14 se

195 1806 116 20 Pensioner
327 1806 80 26 (1934).

169 1859 158 25 HALLBERG,
341 1859 68 25 Ruth;
424 1866 21 13 se
460 1859 124 26 Ersättning
598 1859 69 26 (1937:
680 1859 26 25 2).

169 1919 250 24 HALLBERG-HOLM,
433 1919 20 20 J.
467 1919 31 24 F.,
511 1919 52 20 ban-
576 1905 39 45 och
629 1918 221 27 byggnadsarbetare;
864 1923 21 14 se
897 1917 115 20 Pensioner

196 1948 80 27 (1934).

168 2002 178 25 HALLEBERG,
363 2009 21 13 se
402 2002 181 27 Interpellationer
599 2002 70 27 (1932:
681 2003 40 26 22).

168 2056 131 21 HALLEBY
314 2056 29 20 Nr
358 2057 22 24 2;
397 2063 21 13 se
434 2056 158 26 Avsöndringar
608 2056 69 26 (1935:
690 2056 39 25 28).

1311 228 97 17 Utskotts-

1480 227 55 17 Riks-

1097 251 55 35 Kungl.
1206 277 4 3 .
1299 251 118 34 utlåtanden,
1473 250 70 34 dagens
1602 241 118 43 FKanispangs

1100 285 52 18 Maj:ts)
1165 276 92 17 Motioner
1283 288 96 16 Mörmörial
1391 288 44 16 eller
1484 287 44 17 Hal
1592 271 141 31 förhandlingar

1045 309 26 20 År
1099 318 51 15 [prop:r
1294 318 132 16 betänkanden
1465 313 71 31 velser
1618 305 87 20 (EDEND

1099 341 44 27 eller
1287 365 4 4 S

1099 375 55 14 skriv
1166 384 34 17 pk
1217 384 36 17 [AK
1274 379 17 43 ä
1316 377 16 43 Z
1356 383 91 17 Nummer|
1464 383 90 17 Nummer
1576 371 8 40 a
1718 367 30 48 ång

1660 640 1 16 I

1660 676 1 28 |

1032 945 53 21 1937]
1110 945 26 21 25
1145 940 27 36 |
1171 957 28 2 —I|
1225 957 28 2 —]
1280 944 63 20 6|—]
1365 944 24 20 16
1484 945 27 19 22
1577 943 79 20 BYT
1692 944 41 20 UED

1659 1000 2 12 I

1032 1178 52 20 1936)
1109 1177 26 20 34
1142 1172 28 36 |
1170 1189 28 3 —|
1224 1189 28 2 —|
1279 1176 12 20 6
1313 1188 27 3 1—]
1362 1176 26 20 28
1483 1176 27 20 46
1566 1175 65 20 10:33
1640 1170 27 35 |
1679 1176 67 20 10:66

1658 1295 1 10 I

1028 1499 53 20 1931]
1107 1511 28 2 —
1141 1492 23 36 |
1169 1511 27 3 —
1195 1492 9 36 |
1222 1498 27 20 43]
1277 1498 12 20 8]
1312 1511 26 2 —]1
1360 1498 26 19 27
1402 1499 43 18 s.34]
1467 1497 41 20 202
1523 1496 70 21 s.8127:
1605 1499 23 16 45
1641 1496 13 19 dl
1676 1496 33 20 27:
1720 1498 24 18 38
