1846 2357
173 154 43 21 148
906 158 135 16 SAKREGISTER

191 436 405 30 Avståndsmätningsinstrument;
620 447 22 13 se
658 439 105 21 Marinen
782 439 73 27 (1922:
867 444 33 20 45;
919 439 62 21 1923:
994 444 35 19 55;

238 470 63 20 1926:
313 475 34 20 39;
365 469 63 21 1927:
438 470 40 26 36).

191 539 132 28 Avsägelse
340 549 25 14 av
381 542 279 27 riksdagsmannauppdrag.

222 572 70 20 Sedan
308 572 122 20 ledamoten
445 579 27 14 av
487 572 40 20 AK
542 572 22 20 P.
582 572 27 21 H.
622 572 96 27 Sjöblom
732 572 62 21 blivit
805 571 77 21 utsedd
892 571 34 20 till
936 571 95 21 ledamot

237 609 26 13 av
278 602 39 20 FK
332 602 123 26 godkänner
470 603 40 19 AK
527 603 53 20 hans
597 602 100 21 anhållan
709 604 31 19 att
750 602 23 20 få
783 604 77 24 avsäga
870 602 32 26 sig
912 601 119 27 uppdraget

237 633 31 19 att
283 639 51 14 vara
350 632 94 21 ledamot
460 639 26 14 av
502 633 47 20 AK.

195 710 7 15 1
222 704 38 20 FK
283 704 85 21 bifaller
384 704 22 21 C.
423 704 25 21 G.
466 704 102 21 Schedins
585 704 94 21 ansökan
696 711 34 13 om
748 704 107 26 avsägelse
871 711 26 14 av
912 703 119 27 uppdraget

237 736 32 19 att
284 741 51 14 vara
350 734 95 21 ledamot
460 741 26 14 av
501 735 44 20 FK.

195 811 9 15 2
222 806 38 20 FK
278 806 84 21 bifaller
377 807 22 20 P.
416 807 28 20 H.
462 807 108 26 Sjöbloms
586 807 95 20 ansökan
697 813 35 14 om
748 806 107 26 avsägelse
871 813 26 14 av
913 805 119 27 uppdraget

237 838 32 18 att
284 843 51 14 vara
349 836 95 21 ledamot
460 843 26 14 av
501 837 45 20 FK.

249 872 24 17 Se
286 872 36 17 ock
334 871 125 23 Riksdagen
472 871 59 22 (1921:
541 877 14 16 2,
571 877 14 15 3,
600 872 23 22 8).

192 940 192 29 Avsöndringar,
407 944 150 27 försäljningar
580 944 40 20 och
639 944 131 26 upplåtelser
785 951 26 13 av
827 943 115 28 kronojord
957 950 28 13 m.
1001 950 29 13 m.

206 974 63 20 Inom
287 973 131 22 Stockholms
433 974 45 20 län:

195 1008 8 15 1
222 1004 38 20 RD
276 1004 108 26 medgiver
399 1004 127 27 försäljning
542 1005 27 25 på
584 1004 57 20 vissa
656 1004 78 20 villkor
750 1011 25 13 av
791 1005 31 19 ett
837 1004 48 20 från
900 1003 131 27 egendomen

237 1033 150 21 Brandalsund
402 1034 51 20 eller
469 1034 57 26 Alby
542 1041 25 13 nr
584 1034 11 20 1
612 1034 7 20 i
635 1034 124 26 Ytterjärna
774 1034 78 20 socken
866 1034 33 20 för
909 1034 72 20 KM:ts
992 1033 39 20 och

236 1063 93 21 kronans
345 1063 90 26 räkning
450 1064 146 26 exproprierat
612 1063 87 20 område
715 1070 35 13 om
767 1063 28 20 98
811 1070 23 13 ar
851 1063 26 20 72
894 1063 58 20 kvm.

206 1135 63 19 Inom
286 1134 184 22 Södermanlands
485 1135 45 20 län:

194 1169 9 16 2
221 1165 38 19 RD
282 1165 109 26 medgiver
410 1165 127 27 försäljning
553 1172 26 14 av
595 1165 57 21 vissa
666 1165 64 20 lotter
744 1165 48 20 från
808 1164 225 26 kronoegendomarna

236 1194 29 28 1/,
284 1195 82 20 mantal
385 1190 61 25 Ålsta
461 1202 25 13 nr
503 1195 11 20 1
532 1195 39 20 och
588 1194 27 29 !/,
632 1195 83 20 mantal
730 1190 61 25 Ålsta
806 1201 26 14 nr
848 1195 12 19 2
876 1195 8 20 i
900 1194 30 21 St.
947 1194 85 20 Nikolai

236 1224 84 21 socken.

193 1295 10 15 3
221 1290 38 20 RD
282 1290 108 26 medgiver
411 1291 128 27 försäljning
562 1297 27 14 av
612 1291 53 20 visst
686 1290 86 21 område
796 1297 26 14 av
840 1290 192 20 kronohemmanet

236 1320 86 26 Gredby
345 1321 7 19 i
376 1321 125 20 Eskilstuna
524 1320 50 21 med
598 1327 26 13 en
641 1320 56 21 areal
713 1327 26 14 av
755 1320 99 26 omkring
870 1320 41 20 171
923 1320 41 20 154
980 1320 51 20 kvm

236 1350 50 20 med
308 1350 51 20 därå
381 1350 97 21 växande
501 1351 53 25 skog
577 1350 32 20 till
634 1350 247 26 Egnahemsföreningen
901 1350 131 26 Grangärdet

235 1386 21 14 0
274 1387 56 19 På

193 1456 10 15 4
221 1451 38 20 RD
274 1451 108 27 medgiver
397 1452 128 27 försäljning
540 1452 33 20 till
590 1452 125 20 Eskilstuna
730 1451 48 21 stad
794 1459 25 13 av
836 1453 30 19 ett
882 1451 47 21 Carl
944 1451 87 21 Gustafs

236 1481 59 20 stads
316 1482 153 26 gevärsfaktori
492 1482 104 26 tillhörigt
611 1482 7 20 i
635 1482 125 20 Eskilstuna
776 1482 48 20 stad
839 1481 83 26 beläget
937 1481 93 21 område.

206 1559 62 20 Inom
288 1558 160 27 Östergötlands
464 1559 45 21 län:

193 1594 9 14 5
221 1589 38 20 RD
282 1589 114 26 medgiver,
421 1591 32 19 att
475 1591 107 19 tomterna
605 1596 25 13 nr
653 1590 138 20 XVI—XXI
806 1589 48 21 från
870 1589 41 20 den
927 1589 33 20 till
976 1589 56 20 förra

236 1619 229 26 hospitalshemmanet
488 1619 28 27 !/;
533 1619 82 20 mantal
635 1619 97 21 Duvedal
751 1626 25 13 nr
793 1619 11 20 1
820 1619 95 20 hörande
931 1619 101 26 utjorden

236 1649 84 20 Sättran
339 1650 8 19 i
365 1649 80 20 Motala
462 1649 78 21 socken
556 1650 35 19 må
608 1650 27 26 på
651 1650 57 20 vissa
723 1649 77 21 villkor
815 1649 99 27 försäljas
929 1649 34 20 till
979 1655 53 20 egna

235 1679 57 21 hem.

193 1749 10 15 6
221 1744 37 21 RD
274 1745 109 26 medgiver
397 1745 128 26 försäljning
542 1752 26 14 av
583 1745 200 26 kronoegendomen
800 1745 10 20 1
826 1745 82 20 mantal
919 1745 112 21 Söverstad

235 1781 25 13 nr
276 1774 12 20 3
304 1775 8 20 i
328 1770 19 25 Å
362 1775 84 20 socken.

192 1839 9 16 7
219 1834 38 20 RD
281 1834 109 26 medgiver
408 1835 128 26 försäljning
556 1842 27 13 av
598 1835 53 20 visst
666 1834 87 21 område
768 1835 48 20 från
832 1834 199 26 kronoegendomen

234 1862 28 28 1/,
282 1864 82 20 mantal
380 1865 97 20 Hanerik
493 1872 25 13 nr
536 1864 11 20 1
565 1865 40 20 och
622 1864 28 28 1/,
666 1864 83 21 mantal
764 1864 97 21 Hanerik
876 1871 26 13 nr
918 1864 12 20 2
946 1865 8 19 i
961 1856 71 36 Östra

233 1893 58 27 Ryds
307 1894 84 20 socken.

202 1971 63 20 Inom
281 1970 135 28 Jönköpings
432 1972 45 20 län:

190 2004 10 16 8
217 2001 38 20 RD
272 2001 113 26 medgiver,
402 2003 37 23 att,
451 2002 67 20 sedan
528 2001 201 27 kronoegendomen
741 2000 27 29 5/g
780 2001 82 21 mantal
873 2001 97 27 Tykavik
981 2008 25 13 nr
1019 2001 9 20 1

232 2031 8 19 i
256 2030 88 21 Gränna
358 2031 79 21 socken
453 2032 95 26 styckats
563 2032 8 20 i
587 2032 44 20 fem
648 2032 68 25 lotter,
733 2032 63 20 dessa
811 2031 63 21 lotter
884 2032 36 20 må
931 2031 99 27 upplåtas

232 2060 34 20 till
282 2067 53 20 egna
350 2061 57 21 hem.

1119 222 41 32 SLA,
1501 227 54 18 Riks-

1066 252 16 26 3
1119 252 36 35 28
1335 246 94 35 Ptekötes
1491 251 73 33 dagens
1621 257 118 18 Kamrarnas

1065 283 17 26 ET
1119 299 12 9 OR
1143 281 17 35 =
1165 272 107 31 Motioner
1312 271 124 42 utlåtanden
1506 287 44 18 skri
1606 288 146 22 förhandlingar

1066 313 17 27 -
1120 309 35 34 Ze
1299 306 46 17 eller
1358 306 98 17 memorial
1497 317 63 18 Felser

1061 341 98 28 ESR

1120 365 35 27 lag
1292 366 58 23 gr
1447 387 17 5 z
1548 373 17 19 2
1564 361 10 40 |
1595 372 55 17 Första
1669 361 20 40 |
1696 372 43 17 And

1066 383 89 40 TEST
1180 384 88 17 SE
1292 379 16 44 2
1333 384 71 37 SR
1447 374 17 45 2
1500 383 65 36 Ze
1591 374 72 39 Bete
1668 370 20 52 |
1693 377 70 36 kam

1046 570 56 22 1926
1697 571 33 21 21:
1742 576 24 16 60

1045 701 58 24 1929
1595 703 54 20 4:11

1069 813 8 11 »
1588 804 33 20 24:
1633 809 39 16 108

1046 1002 55 22 1921]
1126 1002 27 21 79
1285 1002 26 20 10
1390 1001 26 21 17
1490 1002 40 20 107
1598 1002 68 20 14:30
1670 998 18 34 |
1699 1002 32 20 19:
1742 1007 24 16 66

1070 1172 8 10 >
1092 1159 27 35 |
1126 1163 26 21 87
1285 1163 25 20 10
1390 1162 27 21 18!
1465 1163 66 21 11286)
1556 1169 10 15 ol
1598 1162 69 21 14:30
1667 1158 19 36 |
1699 1162 68 22 19:66

1070 1297 9 11 >»
1119 1289 42 21 1303
1286 1288 25 20 10
1390 1288 27 20 62
1490 1288 42 21 274
1597 1288 35 30 39:
1642 1293 24 16 33
1669 1284 19 38 |
1697 1288 70 21 47:49

1070 1459 8 10 >
1119 1451 40 20 1321
1285 1449 26 21 10
1390 1449 27 20 63
1489 1450 42 20 275
1589 1449 33 21 39:
1633 1450 41 20 34d|
1689 1449 34 21 47:
1734 1449 42 21 49d

1070 1588 83 20 FA
1285 1587 26 20 10
1404 1587 161 21 21.-111061-21
1596 1587 39 21 6:38
1697 1586 71 21 9:17d

1069 1752 9 10 >
1118 1744 42 20 1233
1284 1743 25 21 10
1388 1743 29 20 441
1463 1742 67 22 7210)
1555 1748 10 15 4]
1595 1742 69 21 28:83
1689 1742 83 21 135:115

1069 1841 9 11 >
1118 1833 41 20 1233
1284 1832 26 21 10
1388 1832 28 20 441
1463 1832 67 21 9210)
1555 1838 9 15 el
1595 1833 69 20 28:88
1688 1832 83 21 135:115

1069 2008 8 11 >
1093 1995 23 35 |
1126 2000 26 20 10
1284 1999 26 21 10
1403 1999 230 21 21-—-81106K-81-03238
1695 1999 55 21 9;38
