1826 2356
870 146 223 18 SAKREGISTER

190 437 395 25 JORDFÖRMEDLINGSFONDEN.

193 475 7 16 1
217 472 42 20 RD
269 472 118 26 medgiver,
398 473 35 19 att
442 477 28 14 av
480 470 285 27 jordförmedlingsfondens
774 469 211 27 kapitalbehållning
994 470 36 20 må

231 502 69 20 under
319 501 53 21 1935
389 502 34 19 till
439 501 240 26 jordanskaffningslån
697 500 24 20 åt
738 500 246 26 hushållningssällskap
1002 505 28 15 av

230 533 85 19 statens
330 531 211 27 egnahemsstyrelse
556 531 126 26 disponeras
698 530 91 26 tillhopa
805 530 65 26 högst
884 530 24 20 så
923 530 56 19 stort
994 529 36 21 be-

231 562 58 26 lopp,
305 563 36 19 att
356 561 44 20 vad
416 567 46 14 som
479 561 85 20 utestår
579 561 7 19 i
602 560 109 26 beviljade
726 559 241 27 jordanskaffningslån
983 559 47 20 icke

229 592 38 20 vid
278 592 68 26 något
356 591 86 20 tillfälle
453 591 70 20 under
532 591 67 26 sagda
610 591 24 19 år
643 591 36 19 må
690 590 109 26 överstiga
812 589 56 20 1500
877 589 41 20 000
928 589 32 20 kr.
972 590 58 19 samt

230 623 34 19 att
276 621 42 20 den
329 621 35 20 del
375 627 28 14 av
413 620 286 27 jordförmedlingsfondens
710 620 34 20 för
755 626 29 20 ny
796 619 100 27 utlåning
907 619 122 26 disponibla

229 651 185 27 kapitaltillgång,
433 657 46 14 som
497 651 18 26 ej
535 651 88 19 anvisas
640 650 71 20 såsom
729 649 247 27 jordanskaffningslån,
993 649 36 20 må

230 681 69 20 under
314 681 53 20 1935
381 687 28 14 av
423 681 65 20 KM:t
501 680 114 21 användas
628 680 34 20 för
676 679 143 21 utlämnande
833 685 28 14 av
874 679 118 26 förlagslån
1006 679 24 20 åt

228 711 137 23 kommuner,
381 711 126 26 aktiebolag
522 710 39 20 och
576 710 131 26 föreningar.

189 774 10 17 2
215 771 76 20 Såsom
312 770 169 27 kapitalökning
502 770 34 20 för
556 769 274 27 jordförmedlingsfonden
852 768 88 21 anvisas
961 768 70 21 under

229 800 91 27 utgifter
331 800 35 20 för
376 800 175 26 kapitalökning,
565 801 84 19 statens
661 799 196 26 utlåningsfonder,
870 800 33 18 ett
915 798 75 26 anslag
1002 804 28 14 av

230 830 56 20 1000
295 830 41 20 000
349 830 33 20 kr.
396 830 35 26 (r).

214 890 42 20 RD
267 890 118 26 medgiver,
396 891 35 19 att
440 895 28 15 av
477 889 286 27 jordförmedlingsfondens
773 888 211 27 kapitalbehållning
993 888 36 20 må

228 920 70 20 under
316 920 53 20 1936
387 919 33 20 till
437 919 239 26 jordanskaffningslån
694 919 25 20 åt
736 917 247 28 hushållningssällskap
1000 923 29 16 av

228 951 85 19 statens
328 949 210 27 egnahemsstyrelse
554 949 126 26 disponeras
695 948 92 27 tillhopa
803 948 65 27 högst
882 948 23 20 så
921 949 57 19 stort
992 948 37 20 be-

228 980 59 26 lopp,
304 981 35 18 att
354 980 44 19 vad
414 986 47 13 som
478 979 85 20 utestår
577 979 7 20 i
600 979 110 26 beviljade
725 978 240 27 jordanskaffningslån
981 978 48 20 icke

227 1010 38 20 vid
276 1009 68 27 något
354 1009 86 21 tillfälle
451 1009 70 20 under
530 1009 67 26 sagda
608 1009 24 20 år
641 1009 36 20 må
688 1008 110 27 överstiga
810 1008 57 20 1500
875 1008 42 20 000
927 1008 32 20 kr.
970 1009 59 19 samt

227 1041 36 18 att
274 1040 41 19 den
327 1039 35 20 del
373 1045 28 14 av
411 1039 287 26 jordförmedlingsfondens
708 1039 34 19 för
753 1044 29 20 ny
794 1038 100 25 utlåning
905 1038 123 25 disponibla

227 1069 185 26 kapitaltillgång,
431 1075 46 14 som
495 1069 18 25 ej
533 1069 88 19 anvisas
638 1068 71 20 såsom
726 1067 248 27 jordanskaffningslån,
992 1068 36 19 må

228 1099 69 20 under
312 1098 53 20 1936
379 1104 28 14 av
421 1098 64 20 KM:t
499 1098 114 20 användas
626 1098 34 20 för
674 1098 143 20 utlämnande
831 1103 28 14 av
872 1097 119 26 förlagslån
1004 1097 24 20 åt

227 1128 137 23 kommuner,
384 1128 126 26 aktiebolag
529 1128 40 20 och
589 1128 131 26 föreningar;
740 1127 76 26 avslag
834 1127 12 20 å
865 1127 109 20 motioner
992 1132 35 15 om

227 1158 109 26 sänkning
350 1164 28 14 av
392 1160 80 18 räntan
486 1158 13 20 å
513 1158 35 20 lån
564 1164 25 13 ur
602 1163 84 14 samma
701 1157 60 20 fond.

214 1217 41 20 RD
265 1217 119 26 medgiver,
394 1219 36 18 att
439 1223 28 14 av
475 1217 287 26 jordförmedlingsfondens
771 1216 212 26 kapitalbehållning
992 1216 35 20 må

228 1247 68 20 under
317 1247 53 20 1937
390 1247 33 20 till
442 1247 239 26 jordanskaffningslån
698 1247 23 19 åt
737 1246 246 26 hushållningssällskap
999 1251 29 15 av

227 1278 84 19 statens
326 1277 210 26 egnahemsstyrelse
552 1277 127 26 disponeras
694 1276 93 26 tillhopa
802 1276 65 26 högst
881 1276 23 20 så
920 1277 57 18 stort
992 1275 35 21 be-

227 1307 58 26 lopp,
296 1308 35 19 att
341 1307 43 19 vad
395 1313 46 13 som
453 1307 85 19 utestår
547 1306 6 20 i
563 1306 110 26 beviljade
682 1305 240 27 jordanskaffningslån
933 1305 47 20 icke
989 1305 37 20 vid

227 1337 67 25 något
310 1336 86 20 tillfälle
412 1336 69 20 under
496 1336 67 26 sagda
579 1336 25 20 år
618 1336 36 20 må
670 1336 110 25 överstiga
798 1335 56 20 1500
863 1335 41 20 000
920 1335 32 20 kr.
969 1336 58 19 samt

226 1367 35 19 att
273 1366 41 20 den
326 1366 34 20 del
371 1372 29 14 av
410 1365 286 27 jordförmedlingsfondens
707 1365 34 20 för
752 1371 29 20 ny
792 1365 101 26 utlåning
904 1365 123 26 disponibla

226 1396 185 26 kapitaltillgång,
429 1402 47 14 som
494 1396 18 26 ej
532 1396 87 20 anvisas
637 1396 71 19 såsom
725 1394 248 27 jordanskaffningslån,
991 1395 35 20 må

227 1426 69 20 under
311 1426 53 20 1937
377 1432 29 14 av
420 1426 64 20 KM:t
497 1426 114 20 användas
625 1425 34 21 för
672 1425 144 20 utlämnande
829 1431 28 14 av
871 1425 118 26 förlagslån
1003 1425 24 20 åt

226 1456 137 23 kommuner,
379 1456 125 26 aktiebolag
519 1456 40 19 och
574 1455 130 26 föreningar.

213 1515 42 20 RD
265 1515 118 26 medgiver,
394 1517 34 18 att
438 1521 28 14 av
475 1515 286 26 jordförmedlingsfondens
770 1514 212 27 kapitalbehållning
991 1515 35 19 må

226 1545 70 20 under
314 1545 53 20 1938
385 1545 33 20 till
434 1545 241 26 jordanskaffningslån
693 1545 24 20 åt
734 1544 247 26 hushållningssällskap
998 1550 29 14 av

226 1576 85 19 statens
326 1575 210 26 egnahemsstyrelse
552 1575 126 26 disponeras
694 1574 91 26 tillhopa
801 1574 65 26 högst
880 1574 24 20 så
919 1575 57 19 stort
991 1574 36 20 be-

226 1605 59 26 lopp,
302 1606 35 18 att
352 1605 44 20 vad
412 1611 47 14 som
475 1605 85 19 utestår
576 1605 6 19 i
598 1604 110 26 beviljade
723 1604 241 26 jordanskaffningslån
979 1604 48 20 icke

225 1634 38 20 vid
276 1635 67 25 något
355 1634 86 20 tillfälle
453 1634 70 20 under
534 1635 67 25 sagda
614 1635 24 19 år
649 1634 35 20 må
697 1634 110 26 överstiga
821 1633 56 21 1500
886 1633 41 20 000
938 1633 41 24 kr.,
992 1635 35 18 att

226 1665 41 19 den
285 1664 34 20 del
337 1670 29 14 av
382 1664 287 26 jordförmedlingsfondens
687 1664 33 19 för
738 1670 29 19 ny
785 1663 101 26 utlåning
903 1663 123 26 disponibla

225 1694 184 26 kapitaltillgång,
428 1700 46 14 som
493 1694 18 26 ej
531 1694 88 20 anvisas
636 1694 71 19 såsom
725 1693 247 26 jordanskaffningslån,
990 1693 35 20 må

227 1724 68 19 under
310 1724 53 20 1938
376 1730 29 13 av
419 1724 64 20 KM:t
496 1724 115 20 användas
624 1723 34 20 för
671 1723 144 20 utlämnande
829 1729 28 14 av
870 1723 119 26 förlagslån
1003 1723 23 20 åt

225 1754 137 22 kommuner,
376 1754 126 26 aktiebolag
515 1754 39 19 och
568 1753 125 26 föreningar
705 1754 59 19 samt
776 1754 35 19 att
823 1753 36 20 lån
872 1752 48 20 från
933 1752 93 27 jordför-

225 1783 189 26 medlingsfonden
426 1784 35 19 må
474 1784 110 19 utlämnas
595 1785 56 18 även
662 1783 34 19 för
706 1783 67 26 inköp
785 1783 40 19 och
836 1782 152 26 exploatering
998 1788 28 14 av

225 1813 112 26 fastighet,
353 1813 90 26 lämplig
457 1813 34 20 för
506 1813 102 20 bildande
623 1819 28 14 av
667 1813 205 25 bostadsegnahem.

212 1873 41 19 RD
264 1873 118 25 medgiver,
393 1874 34 18 att
437 1879 28 13 av
474 1872 286 27 jordförmedlingsfondens
769 1872 212 26 kapitalbehållning
990 1872 35 20 må

226 1903 68 19 under
313 1903 53 19 1939
384 1902 33 20 till
433 1902 240 26 jordanskaffningslån
692 1903 23 19 åt
733 1902 246 26 hushållningssällskap
997 1907 28 14 av

225 1934 84 18 statens
325 1933 209 25 egnahemsstyrelse
550 1932 127 26 disponeras
693 1932 91 26 tillhopa
800 1932 64 26 högst
879 1932 23 19 så
918 1933 56 18 stort
990 1932 36 19 be-

224 1962 59 26 lopp,
300 1964 35 18 att
350 1963 44 19 vad
411 1968 45 14 som
474 1963 85 19 utestår
574 1962 6 20 i
597 1962 109 26 beviljade
721 1961 240 27 jordanskaffningslån
978 1961 47 20 icke

224 1992 37 20 vid
273 1992 67 26 något
351 1992 85 20 tillfälle
447 1992 70 20 under
527 1992 66 26 sagda
604 1992 25 20 år
638 1992 36 20 må
685 1992 109 25 överstiga
807 1991 56 20 1500
872 1991 41 20 000
923 1991 33 20 kr.
967 1992 59 19 samt

224 2023 34 18 att
270 2022 41 19 den
323 2022 35 19 del
369 2028 28 13 av
407 2022 287 26 jordförmedlingsfondens
705 2022 34 19 för
750 2028 28 19 ny
791 2021 100 26 utlåning
902 2021 123 26 disponibla

224 2051 183 27 kapitaltillgång,
427 2058 45 13 som
491 2052 18 25 ej
529 2052 88 19 anvisas
635 2052 69 19 såsom
723 2051 248 26 jordanskaffningslån,
989 2051 35 19 må

1310 218 112 32 Utskotts-
1494 222 55 17 Riks-

1100 246 66 34 Kungl.
1219 271 4 4 5
1313 246 118 33 utlåtanden,
1487 245 68 33 dagens
1616 236 119 43 Bananas

1113 267 58 35 Maj:ts]
1166 267 104 29 Motioner
1297 283 95 16 memorial
1405 283 44 16 eller
1498 283 38 16 Skol
1607 266 140 29 förhandlingar

1058 304 26 20 År
1112 313 51 14 Iprop:r
1307 313 132 16 betänkanden
1490 307 60 32 velser
1632 301 88 20 (profan)

1110 335 46 27 eller
1300 359 4 5 p
1376 361 2 2 -

1112 369 55 15 skriv:
1180 379 34 16 FRK
1231 379 35 17 LAK
1288 373 16 44 ä
1329 373 16 42 Z
1370 379 90 16 Nummer
1457 370 10 35 |
1477 379 90 16 Nummer
1589 362 67 49 Ren
1691 367 24 40 —
1716 367 27 40 er

1675 432 1 20 |

1049 469 51 20 1934]
1134 469 8 19 1
1193 481 21 1 —1|
1241 481 26 2 —1I
1291 469 25 19 101
1331 481 26 2 —]
1379 469 26 19 53
1420 472 29 16 s.1
1505 469 38 19 183:
1593 468 52 20 12501
1659 455 17 41 d|
1694 468 33 20 26:
1739 471 24 17 69

1108 494 50 30 Ufk
1675 501 1 3 |

1108 523 31 16 bil.
1155 523 10 16 7|

1114 548 21 20 pt
1149 548 10 15 4
1674 552 1 12 I

1674 645 1 18 |

1674 670 1 13 |

1674 690 1 28 |

1048 769 53 20 19341
1117 768 41 20 267
1162 763 18 35 |
1186 780 28 3 —
1214 763 19 35 |
1240 780 28 2 —1
1291 768 25 20 10|
1330 780 27 2 —|
1377 767 28 20 89
1503 767 37 20 341
1554 763 30 33 |
1590 767 32 20 38:
1636 767 90 20 135141:
1738 769 23 17 23

1674 800 1 15 I

1674 824 1 15 I

1674 853 2 25 |

1048 888 52 20 1935]
1133 888 7 19 1
1179 887 94 20 [2011374]
1290 887 25 20 10]
1329 898 28 3 —|
1377 887 27 19 49
1419 889 45 17 s.22]
1505 886 37 19 166
1590 886 52 20 123:1
1675 889 1 10 |
1694 886 68 19 24:89

1108 917 37 16 JUfk
1155 917 10 16 6I

1107 942 22 20 pt
1143 942 22 16 10|
1674 960 1 5 |

1674 1179 43 37 RA

1046 1215 53 21 1936]
1131 1216 8 19 1
1155 1209 27 35 |
1185 1227 27 2 —|
1238 1226 29 3 —]
1289 1213 25 20 10
1328 1225 27 2 —|
1377 1215 27 19 22
1418 1216 45 18 s.10]
1515 1214 26 19 83
1594 1214 80 19 108]
1695 1213 65 19 0:25

1107 1245 36 16 Utk
1153 1245 9 16 7
1673 1231 1 28 |

1112 1270 22 19 pt
1147 1269 10 16 8

1045 1513 52 21 1937]
1131 1513 7 20 1
1151 1509 31 34 |
1184 1525 27 3 —]
1237 1525 27 1 —
1289 1476 28 56 a
1328 1524 26 1 —L
1376 1512 26 20 27
1417 1515 44 17 s.13
1514 1512 26 19 93
1592 1511 67 19 18:28]
1693 1511 31 19 17:
1736 1512 24 16 85

1105 1543 38 17 JUfk
1152 1544 10 15 8
1357 1527 1 41 |
1672 1538 1 19 I

1105 1568 21 19 pt
1141 1568 18 15 11
1357 1569 1 15 |
1672 1585 1 3 |

1672 1602 1 26 |

1672 1636 1 18 I

1672 1657 1 18 I

1356 1745 2 30 |

1671 1827 1 20 |

1044 1871 53 20 1938]
1130 1871 6 20 1-1
1182 1882 29 3 —!|
1237 1883 27 1 —]
1288 1870 24 20 10]
1327 1881 23 2 —]
1375 1870 85 19 65:s.221
1499 1869 40 20 --236
1545 1864 35 34 71
1589 1868 54 19 31751
1677 1864 46 34 "31:
1735 1870 23 16 97

1112 1901 44 16 K:8

1104 1926 21 19 pt
1140 1926 20 15 14
