1844 2357
171 152 43 21 164
905 159 136 16 SAKREGISTER

1117 223 41 33 Sc
1500 230 53 17 Riks-

1064 252 16 26 2
1117 255 31 32 20
1217 277 4 4 /
1333 244 95 43 FISKA:
1477 254 86 34 dagens
1621 261 118 17 Kamrarnas

1117 299 12 9 Ela
1141 290 17 28 2
1175 273 92 42 Motioner
1321 273 114 43 utlåtanden
1505 290 46 17 skri-
1564 283 23 35 |
1605 291 146 22 förhandlingar

1063 313 17 12 ee
1117 310 17 11 IX
1297 307 47 17 eller
1357 308 99 17 memorial

1063 329 12 11 >
1097 315 16 32 |
1117 319 41 20 32.
1497 320 63 17 velser

1059 344 16 25 3
1117 341 52 26 lår]

1063 373 17 11 &
1117 365 35 17 as
1168 368 1 12 |
1290 367 58 24 BR
1448 366 13 33 wa
1559 376 6 18 |
1593 375 68 17 Första
1666 370 24 30 |
1695 375 66 18 Andra

1064 389 11 8 2
1123 383 30 35 3
1179 385 33 17 FK
1230 385 36 17 AR
1297 392 20 36 |
1332 390 17 25 ST
1446 396 17 25 S
1500 385 16 28 3
1548 396 16 25 &
1563 391 14 35 |
1590 399 71 17 kamm.
1662 391 27 35 |
1692 399 71 18 kamm.

189 435 167 28 Avsöndringar
372 443 26 14 m.
414 443 27 14 m.

176 472 24 15 44
218 466 38 20 RD
278 466 115 26 medgiver,
413 468 31 19 att
459 467 47 20 från
522 467 199 26 kronoegendomen
737 466 27 29 !/,
782 468 81 20 mantal
878 469 57 20 Eker
951 476 25 13 nr
991 469 13 20 8
1021 469 6 20 i
1042 469 56 20 /1924l
1122 470 27 20 12
1281 470 25 20 10
1400 471 12 20 3)
1460 477 9 14 sl
1501 471 61 21 50131
1595 471 69 22 10:54]
1696 472 54 21 9:68

233 496 68 21 Ekers
324 497 78 20 socken
425 497 36 20 må
476 497 124 27 frånskiljas
616 498 40 20 och
672 498 98 26 försäljas
786 498 46 21 dels
848 500 30 19 ett
894 499 7 19 i
917 499 110 20 statsråds-
1118 505 34 22 p.9

233 526 129 26 protokollet
377 527 124 20 omförmält
517 528 177 25 triangelformigt
709 528 86 20 område
811 535 36 13 om
863 528 79 21 0.5930
953 529 75 20 hektar

233 556 34 20 till
282 556 19 21 J.
319 557 25 19 A.
362 557 84 26 Ekgren
462 559 45 18 mot
524 564 25 13 en
565 557 144 27 köpeskilling
724 565 26 14 av
766 558 43 20 400
825 558 39 25 kr.,
881 558 45 21 dels
942 559 40 20 ock
998 560 30 19 ett

233 593 26 14 av
275 586 184 27 domänstyrelsen
475 587 130 25 omförmält,
616 588 8 20 i
635 594 83 14 samma
729 588 106 27 protokoll
846 589 86 26 angivet
944 589 83 20 mindre

233 616 186 21 utmarksområde
435 623 35 14 om
480 617 48 21 3.79
541 617 76 21 hektar
623 618 33 20 till
665 618 26 20 D.
701 618 23 20 E.
740 618 120 21 Pettersson
871 620 46 19 mot
928 625 25 14 en
965 619 62 26 köpe-
1316 625 1 6 |

234 646 88 26 skilling
337 653 26 14 av
380 647 12 20 3
402 647 42 20 336
460 647 31 20 kr.
1315 656 1 3 |

203 730 64 20 Inom
288 729 170 22 Västmanlands
473 730 45 20 län:
1274 722 1 17 |
1316 728 1 47 |

175 764 25 16 45
217 759 88 27 Förslag
328 767 46 19 ang.
397 760 127 26 försäljning
547 767 26 14 av
595 761 57 20 vissa
675 761 59 20 delar
757 768 26 13 av
802 761 36 21 det
853 768 15 14 s.
886 762 19 20 k.
923 762 103 26 Köpings-|
1066 771 7 9 »
1115 763 40 21 1166
1281 763 25 21 10
1385 764 28 20 64
1486 764 41 21 285
1593 765 34 20 41:
1638 770 24 16 85
1665 761 23 35 |
1694 766 70 20 41:52

233 789 125 27 komplexet
373 790 75 20 avslås.
1316 778 1 46 |

175 872 25 15 46
218 867 38 20 RD
273 867 114 26 medgiver,
402 869 31 19 att
443 868 7 20 i
462 867 232 27 statsrådsprotokollet
704 869 143 20 omförmälda
858 869 49 21 med
918 876 25 13 nr
954 870 73 20 I—IX
1023 863 15 36 |
1065 879 8 9 »
1115 871 41 21 1158
1280 872 26 21 10
1386 872 27 20 701
1461 872 66 21 90291)
1553 877 10 15 21
1593 873 70 21 43:68
1687 874 84 20 1|42:121

234 897 131 21 betecknade
381 897 62 21 lotter
458 904 26 14 av
500 898 200 26 kronoegendomen
715 899 167 26 Johannisbergs
898 900 128 26 kungsladu-
1118 906 33 23 p.3

233 927 52 26 gård
308 934 26 13 nr
351 927 63 24 1—7,
431 934 35 14 om
484 928 10 19 7
512 928 88 24 mantal,
618 928 50 21 med
684 928 162 27 underlydande
862 929 91 21 Gränsta
972 937 25 13 nr
1015 930 10 20 1

233 958 40 19 och
298 957 19 24 2,
340 964 35 14 om
401 957 91 27 tillhopa
509 958 11 20 2
537 958 88 25 mantal,
642 958 8 20 i
666 958 98 21 Västerås
781 959 46 20 stad
844 960 36 19 må
896 966 37 13 var
947 960 33 20 för
996 961 32 25 sig

233 987 50 20 med
299 987 7 20 i
322 994 83 13 samma
424 988 105 26 protokoll
545 988 86 26 angivet
646 989 87 20 område
748 1001 29 2 —
793 989 91 21 lotterna
900 996 25 13 nr
940 990 31 20 IV
987 990 39 20 och

233 1017 55 20 VIII
311 1017 54 21 dock
384 1018 53 20 först
452 1018 66 20 sedan
533 1018 42 20 den
591 1019 110 25 prövning,
719 1025 44 14 som
781 1020 68 20 finnes
865 1020 51 20 böra
931 1020 96 26 påkallas

232 1047 90 20 rörande
337 1047 129 26 fridlysning
482 1048 69 19 såsom
568 1049 222 19 naturminnesmärke
806 1056 26 13 av
848 1050 56 19 vissa
920 1050 12 19 å
944 1056 83 13 samma

233 1077 63 20 lotter
310 1077 97 20 växande
423 1077 56 25 ekar,
496 1078 7 19 i
519 1077 133 26 vederbörlig
667 1078 91 26 ordning
773 1080 36 24 ägt
822 1085 48 14 rum
882 1091 20 2 —
901 1080 125 26 försäljas,

233 1106 50 20 med
299 1106 150 21 hembudsrätt
463 1107 34 20 för
513 1107 21 20 C.
552 1108 24 19 A.
594 1107 122 21 Fernström
733 1108 33 20 till
781 1108 67 21 lotten
864 1115 26 14 nr
897 1109 17 24 I,
926 1109 33 20 för
969 1109 21 20 C.
1000 1110 25 19 A.

232 1136 121 21 Johansson
376 1136 34 21 till
433 1136 67 21 lotten
527 1144 25 12 nr
575 1137 29 24 TI,
628 1137 33 20 för
676 1138 33 19 W.
727 1138 127 21 Gustafsson
870 1138 33 20 till
919 1139 67 20 lotten
1002 1146 25 13 nr

233 1166 54 20 VIII
303 1166 39 20 och
359 1166 33 20 för
407 1166 24 20 O.
449 1166 98 21 Carlsson
563 1166 34 21 till
612 1167 67 20 lotten
695 1174 26 13 nr
736 1168 37 20 IX.

202 1243 62 20 Inom
284 1242 129 27 Gävleborgs
428 1243 45 20 län:

175 1277 25 16 47
217 1273 38 20 RD
270 1272 115 27 medgiver,
410 1275 31 18 att
462 1273 47 26 fyra
528 1274 7 19 i
551 1274 232 26 statsrådsprotokollet
799 1275 143 20 omförmälda
957 1276 69 26 lägen-|
1065 1284 8 10 »
1083 1268 29 38 |
1122 1277 26 19 12
1281 1277 26 20 10
1401 1277 12 20 31
1461 1284 9 14 5
1502 1277 62 21 3014]
1595 1278 69 21 10:54]
1696 1279 54 20 9:68

232 1303 60 20 heter
307 1303 42 24 må,
367 1310 36 13 var
418 1303 33 20 för
467 1304 31 25 sig
514 1303 49 20 med
579 1310 26 14 av
621 1303 236 27 departementschefen
869 1305 104 27 tillstyrkt
984 1312 41 14 om-
1114 1312 44 22 p10

232 1332 57 25 råde,
313 1333 47 20 från
379 1333 201 26 kungsladugården
600 1334 49 19 Vall
665 1334 7 20 i
689 1334 68 20 Valbo
781 1335 78 20 socken
874 1335 100 27 försäljas
990 1343 36 13 en-

232 1362 40 26 ligt
286 1362 98 26 gällande
400 1362 92 27 grunder
507 1363 33 20 för
553 1363 132 26 upplåtande
693 1370 27 14 av
730 1364 239 27 egnahemslägenheter
979 1366 48 20 från

233 1392 196 26 kronoegendomar
451 1393 51 20 med
520 1393 123 27 skyldighet
658 1394 33 20 för
707 1394 144 21 innehavaren
867 1402 26 13 av
909 1395 67 21 lotten
992 1396 10 20 I
1019 1396 8 20 i

233 1422 125 21 Västermur
380 1424 32 19 att
434 1423 35 20 till
484 1423 137 26 begagnande
637 1424 70 20 såsom
723 1426 41 24 väg
779 1424 89 27 upplåta
884 1425 36 20 det
935 1426 8 19 i
958 1425 68 27 lägen-

233 1452 63 20 heten
312 1452 109 26 ingående,
438 1453 33 20 för
487 1453 76 20 sådant
578 1453 101 20 ändamål
696 1454 92 20 avsedda
804 1454 97 21 området
911 1457 56 19 samt
977 1456 50 20 med

232 1482 150 20 hembudsrätt
398 1483 32 20 för
446 1483 24 19 A.
489 1483 122 20 Andersson
627 1483 33 20 till
677 1485 69 25 torpet
762 1484 111 26 Skogmur.
1475 1496 1 9 I

174 1564 25 15 48
217 1560 37 19 RD
278 1559 114 26 medgiver,
416 1561 37 23 att,
477 1560 50 20 med
550 1560 90 26 ändring
664 1568 26 13 av
713 1561 36 21 det
764 1562 8 20 i
788 1564 72 19 ämnet
876 1569 27 14 av
920 1563 57 20 1914
993 1564 33 19 års|
1065 1570 8 11 »
1123 1564 25 20 12
1220 1552 1 40 |

232 1596 73 14 senare
334 1589 38 20 RD
396 1589 81 21 fattade
504 1590 76 26 beslut,
607 1591 30 19 tio
662 1591 7 20 i
696 1592 232 26 statsrådsprotokollet
950 1593 76 20 omför-
1112 1605 17 16 p.
1132 1589 24 36 11
1220 1593 1 25 I

232 1619 72 20 mälda
319 1619 122 26 lägenheter
456 1620 37 19 må
507 1626 38 14 var
560 1620 33 20 för
608 1620 32 26 sig
656 1620 50 21 med
721 1621 27 20 de
761 1622 109 25 områden,
882 1629 46 13 som
940 1622 86 20 domän-
1220 1630 1 17 |

232 1649 104 26 styrelsen
351 1649 111 26 tillstyrkt,
478 1649 48 24 från
542 1649 200 27 kronoegendomen
755 1651 9 19 1
777 1652 82 20 mantal
870 1647 63 31 Åbyn
945 1659 24 13 nr
982 1652 26 20 16
1019 1653 7 19 i
1357 1664 2 34 |

1220 1831 1 9 I

1220 1841 1 9 I

1220 1853 1 31 |

1220 1885 1 9 I

1280 1564 26 20 10
1400 1564 12 20 31
1460 1569 9 16 6)
1501 1563 62 22 50141
1595 1559 82 36 10:54]
1696 1566 54 20 9:68

232 1679 123 25 Hamrånge
374 1679 78 20 socken
470 1679 99 26 försäljas
588 1680 50 20 med
657 1680 123 27 skyldighet
796 1681 45 21 dels
857 1682 33 20 för
906 1682 78 26 köpare
1000 1689 26 13 av

232 1708 150 26 lägenheterna
397 1708 41 21 litt.
456 1709 63 24 a+b,
536 1709 61 25 c+d,
615 1710 51 23 e+£f
681 1711 40 19 och
737 1711 57 25 g+h
811 1713 31 19 att
857 1711 44 21 låta
916 1712 8 20 i
939 1712 87 20 berörda

232 1738 106 26 protokoll
349 1739 97 25 angiven,
458 1738 34 21 till
503 1741 40 24 väg
553 1739 80 20 avsedd
644 1740 61 20 mark
714 1740 106 27 begagnas
828 1742 70 19 såsom
907 1742 120 26 utfartsväg

232 1768 33 20 för
283 1768 99 26 samtliga
398 1769 12 19 å
420 1768 63 20 södra
498 1768 97 21 området
611 1769 89 26 belägna
713 1770 123 26 lägenheter
844 1773 46 18 mot
900 1771 126 26 deltagande

231 1798 8 20 i
254 1799 78 25 vägens
355 1798 120 23 underhåll,
498 1798 45 21 dels
562 1798 40 21 ock
617 1799 34 20 för
666 1799 93 27 köparen
776 1808 26 13 av
818 1801 66 20 lotten
902 1801 18 20 V
936 1803 32 19 att
983 1801 43 21 låta

232 1834 27 14 en
274 1828 13 19 å
302 1827 68 21 lotten
398 1828 102 26 befintlig,
525 1828 85 21 enskild
634 1836 76 19 person
726 1830 95 26 tillhörig
836 1831 49 20 lada
901 1832 126 25 avgiftsfritt

232 1858 86 20 kvarstå
333 1857 68 21 under
417 1860 30 18 ett
463 1858 60 21 halvt
538 1859 23 19 år
576 1858 48 20 från
640 1859 179 27 tillträdesdagen.

173 1940 25 15 49
216 1935 38 20 RD
272 1935 113 26 medgiver,
409 1937 31 19 att
463 1938 31 18 ett
512 1936 7 19 i
538 1936 231 27 statsrådsprotokollet
792 1938 125 20 omförmält
940 1938 86 21 område|
1065 1946 7 9 »
1084 1931 28 36 |
1122 1939 26 20 72
1220 1944 1 15 I
1280 1939 26 20 10
1385 1940 27 20 221
1445 1939 117 26 10|141138]
1593 1936 83 25 26:56
1663 1932 21 39 |
1695 1941 68 21 26:21

231 1965 78 20 Norsta
324 1967 41 24 äng
380 1966 67 26 jämte
463 1965 73 21 därtill
552 1966 93 20 hörande
662 1966 128 27 skogsskifte
798 1969 101 19 ävensom
909 1968 116 27 torplägen-
1112 1974 31 21 p.1
1675 1969 1 22 |

231 1995 89 20 heterna
335 2002 25 13 nr
375 1995 21 26 4,
413 1995 20 25 6,
452 1995 26 20 10
494 1996 40 19 och
552 1995 32 25 11,
601 1996 50 20 med
667 2003 26 14 av
703 1997 261 27 uppskattningsmännen
973 1998 51 20 före-
1220 1996 1 23 |
1479 2005 1 11 I
1675 2001 1 32 |

231 2025 74 25 slagna
321 2025 85 24 arealer,
423 2026 36 19 må
474 2025 124 27 frånskiljas
614 2026 148 27 kronoparken
773 2027 146 21 Hornslandet
930 2028 6 19 i
948 2028 77 26 Rogsta
1479 2037 1 12 |

231 2054 79 21 socken
325 2055 40 20 och
380 2055 105 26 försäljas.
