1855 2359
811 157 136 16 SAKREGISTER

94 432 310 30 Avdikningslånefonden;
420 442 22 14 se
460 435 205 28 Myrutdikningar.

95 505 107 27 Avdrag,
218 507 119 24 skattefria;
355 514 22 14 se
396 507 117 27 Taxering.
942 513 2 11 |

153 542 24 17 Se
190 542 35 17 ock
239 542 249 23 Kommunalskattelag.
943 544 1 7 I

95 606 100 26 Avdrag
210 608 35 20 vid
257 608 169 26 tjänstledighet;
438 615 22 14 se
472 608 209 27 Statsdepartement
691 608 37 21 och
739 609 97 21 centrala
848 609 87 21 ämbets-

140 637 50 21 verk
205 638 80 26 (1926).

94 707 168 24 Avelscentra;
271 716 21 14 se
301 703 177 37 Boskapsskötsel
486 703 73 37 (1921:
571 715 18 18 4,
603 715 17 19 6;
634 710 63 20 1922:
709 716 18 19 5;
737 711 62 20 1925:
812 716 18 19 3;
842 710 63 21 1926:
915 716 18 19 5;

142 739 91 24 1927:.4;
252 739 63 20 1928:
327 745 17 18 5;
363 739 94 25 1929:-5;
476 739 64 21 1930:
552 738 25 29 5).

92 809 136 25 Avelsston,
244 818 22 13 se
283 810 105 22 Hästavel
403 810 72 29 (1930:
488 811 25 27 2).

91 881 136 28 Avelssvin;
243 889 22 14 se
282 881 102 23 Svinavel
399 882 73 27 (1921:
486 888 17 19 2;
522 883 63 25 1923;
604 883 160 26 1925—1930).

93 947 244 27 Avgiftsberäkning,
354 949 87 25 oriktig;
459 955 21 14 se
499 948 122 21 Tullverket
635 949 73 26 (1928:
720 949 26 26 2).

92 1011 130 28 Avgälder,
239 1014 71 26 årliga,
330 1014 36 21 vid
382 1014 294 27 kolonisationsupplåtelser;
694 1021 21 14 se
731 1014 203 27 Kronoegendomar

137 1044 73 25 (1928:
224 1044 25 25 7).

92 1108 195 26 Avhandlingar;
304 1116 22 14 se
341 1108 264 27 Doktorsavhandlingar.

92 1174 127 25 Avkomst,
235 1181 22 14 se
273 1174 130 27 Inteckning
418 1175 79 27 (1925).

91 1238 127 28 Avlången
233 1245 31 15 nr
279 1239 11 21 1
306 1239 41 21 litt
363 1239 15 22 C
394 1244 15 16 a
425 1240 54 27 (12);
495 1248 22 13 se
534 1240 167 27 Avsöndringar
716 1240 72 27 (1930:
801 1241 39 26 57).

92 1303 293 28 Avlöningsförbättring,
402 1306 135 26 provisorisk.

95 1342 8 15 1
121 1337 38 20 RD
184 1336 98 25 besluter,
307 1338 32 19 att
361 1336 68 20 under
452 1336 125 26 budgetåret
602 1335 125 29 1929/1930
751 1337 128 26 provisorisk
898 1344 34 13 av-

136 1366 212 26 löningsförbättring
364 1367 36 19 må
416 1367 50 25 utgå
482 1366 49 20 med
548 1367 56 20 vissa
620 1366 91 26 angivna
727 1366 77 27 belopp
820 1367 35 20 till
865 1367 67 20 lärare

136 1396 36 20 vid
196 1396 53 20 folk-
273 1396 39 20 och
337 1396 119 20 småskolor
472 1398 56 18 samt
543 1396 33 20 till
593 1396 66 20 lärare
675 1396 37 20 vid
728 1397 63 25 högre
807 1396 124 25 folkskolor,

136 1428 32 18 att
191 1426 158 26 dyrtidstillägg
372 1427 19 26 ej
416 1426 36 20 må
467 1427 51 25 utgå
533 1427 13 19 å
561 1432 55 14 ovan
632 1426 143 20 omförmälda
790 1427 142 25 provisoriska

137 1456 240 26 avlöningsförbättring
392 1458 56 18 samt
464 1457 31 19 att
511 1456 61 20 KM:t
587 1456 36 20 må
638 1457 39 25 äga
692 1455 85 21 utfärda
793 1456 26 20 de
835 1458 97 18 närmare

137 1486 78 20 villkor
230 1486 40 20 och
286 1485 168 24 bestämmelser,
470 1486 65 24 vilka,
547 1486 7 19 i
566 1485 144 26 huvudsaklig
721 1486 211 20 överensstämmelse

137 1515 50 21 med
202 1515 42 20 vad
260 1515 234 26 departementschefen
511 1516 7 19 i
532 1515 232 27 statsrådsprotokollet
774 1517 49 19 över
834 1516 98 20 ecklesia-

138 1545 136 21 stikärenden
298 1545 33 20 för
350 1545 41 21 den
411 1545 27 20 25
458 1545 51 20 febr.
528 1545 56 20 1929
600 1546 88 25 angivit,
704 1546 51 20 böra
770 1546 33 19 för
819 1545 64 26 sagda
899 1552 33 14 av-

138 1575 223 26 löningsförbättrings
380 1575 127 27 åtnjutande
526 1575 93 26 stadgas;
639 1576 39 19 och
698 1575 84 20 anvisas
798 1575 32 20 för
847 1575 84 26 budget-

138 1606 45 19 året
200 1604 126 28 1929/1930
343 1605 33 20 till
392 1605 129 25 provisorisk
537 1605 239 26 avlöningsförbättring
787 1605 21 20 åt
819 1605 67 20 lärare
896 1605 36 21 vid

138 1635 52 20 folk-
207 1635 40 20 och
263 1635 119 20 småskolor
397 1637 31 18 ett
439 1636 59 19 extra
508 1635 164 26 förslagsanslag
682 1635 13 20 å
707 1635 12 20 5
729 1635 42 20 720
781 1634 42 21 000
834 1635 31 20 kr.
877 1637 56 18 samt

138 1665 34 20 till
188 1664 130 27 provisorisk
334 1665 239 26 avlöningsförbättring
584 1666 22 19 åt
616 1664 66 21 lärare
693 1664 37 21 vid
740 1665 64 25 högre
815 1665 118 20 folkskolor

139 1697 30 18 ett
193 1696 59 19 extra
275 1694 165 26 förslagsanslag
458 1695 13 20 å
490 1694 42 21 100
542 1694 42 20 000
602 1694 42 25 kr.;
662 1695 39 20 och
717 1694 109 26 medgiver
841 1695 45 25 RD,
902 1696 32 19 att

138 1725 34 20 till
188 1724 184 21 föreståndarinna
388 1725 39 20 och
445 1724 124 21 biträdande
584 1724 184 21 föreståndarinna
784 1724 36 21 vid
835 1725 98 20 skolhem

138 1754 52 21 eller
205 1755 132 25 arbetsstuga
352 1755 60 20 inom
427 1754 130 24 Jämtlands,
573 1754 161 21 Västerbottens
745 1755 39 20 och
795 1754 138 21 Norrbottens

139 1784 42 24 län,
206 1784 54 21 dock
284 1785 19 26 ej
328 1784 66 21 rikets
417 1784 130 26 nordligaste
571 1786 124 24 gränsorter,
715 1786 100 19 ävensom
832 1784 34 21 till
881 1785 52 20 före-

140 1814 139 20 ståndarinna
287 1814 39 20 och
336 1814 126 20 biträdande
470 1814 184 20 föreståndarinna
662 1814 36 20 vid
707 1814 143 26 Skytteanska
858 1814 76 21 skolan

139 1845 7 19 i
161 1844 70 20 Tärna
255 1844 129 26 provisorisk
408 1844 238 26 avlöningsförbättring
669 1845 36 19 må
723 1844 68 20 under
809 1844 125 26 budgetåret

141 1873 126 28 1929/1930
291 1874 67 25 enligt
381 1874 26 20 de
426 1881 26 14 av
468 1874 235 26 departementschefen
719 1874 7 20 i
741 1874 60 26 fråga
816 1880 35 14 om
868 1874 65 20 sådan

139 1904 240 25 avlöningsförbättring
402 1904 23 20 åt
447 1904 67 20 lärare
537 1904 37 20 vid
593 1904 107 20 småskola
715 1903 112 21 förordade
842 1904 92 25 grunder

139 1934 39 20 och
195 1933 161 20 bestämmelser
372 1934 51 25 utgå
439 1941 25 13 av
481 1933 36 21 det
532 1933 105 20 ordinarie
653 1933 185 26 förslagsanslaget
853 1933 33 20 till
900 1940 33 14 av-

139 1963 92 20 lönande
254 1970 26 13 av
304 1963 185 21 föreståndarinna
504 1963 39 20 och
560 1963 126 20 biträdande
702 1963 184 20 föreståndarinna
901 1964 33 19 för

140 1993 97 20 skolhem
261 1993 52 20 eller
334 1993 133 26 arbetsstuga
489 1993 59 20 inom
571 1993 129 24 Jämtlands,
717 1993 161 20 Västerbottens
894 1993 39 20 och

139 2023 140 20 Norrbottens
295 2023 43 23 län,
355 2023 54 20 dock
425 2024 20 25 ej
462 2023 65 20 rikets
543 2022 129 26 nordligaste
687 2024 124 25 gränsorter,
828 2029 54 20 resp.
898 2022 36 20 det

1639 152 42 21 133

1021 220 41 34 SA
1403 227 53 17 Riks-

967 250 17 26 =
1021 249 35 39 208
1078 274 46 17 Moti
1237 245 82 17 IREKOLI
1393 257 72 22 dagens
1522 257 118 17 Kamrarnas

967 280 17 26 =
1021 288 41 31 22
1099 276 74 16 Sonen
1222 275 63 47 RIS
1396 282 59 33 skri-
1507 286 146 23 förhandlingar

967 311 17 27 &
1021 316 41 24 5R
1201 305 46 17 eller
1260 305 98 17 memorial
1400 317 63 17 öläer

963 342 16 25 &
1021 339 40 30 |3r
1194 365 17 11 :

1021 368 35 12 RN
1232 365 21 32 od
1349 373 17 11 2
1435 368 1 6 |
1450 372 18 12 el
1497 371 66 17 Första
1569 364 22 34 |
1597 371 66 17 Andra

1021 381 12 10 e
1194 378 12 17 2
1350 386 17 5 Id
1411 386 56 12 Ale

968 387 11 9 =
1021 382 36 40 =S
1082 383 34 17 FE
1133 383 36 17 JAK
1194 396 17 26 E
1236 388 17 31 å
1290 383 17 27 7
1350 393 16 25 5
1401 379 17 42 Zz
1435 376 32 53 |
1493 395 69 17 kamm.
1565 390 24 32 |
1594 395 70 17 kamm.

1264 438 2 28 |
1436 438 2 22 |

1264 467 2 13 I

1264 489 1 18 |
1436 492 1 27 |

1073 535 1 29 |
1264 529 1 39 |
1436 520 1 48 |

1073 566 1 14 I
1264 570 1 25 |
1436 569 1 33 |

1181 700 1 12 |
1436 688 1 32 |

1181 739 1 15 |

1181 767 1 6 |
1435 754 2 22 I

1180 781 2 5 I
1436 786 1 23 |
1579 808 1 6 |

1436 819 1 22 |

1180 934 2 26 |
1437 947 1 14 |

1180 967 2 25 I

1181 1000 1 8 |

1436 1136 2 10 I

1179 1303 2 28 |

947 1336 57 23 19291
1020 1338 41 20 180
1062 1332 23 36 |
1092 1337 81 21 381420]
1200 1337 11 20 6
1213 1332 14 36 |
1242 1338 75 20 1/1221
1365 1338 67 21 11265
1490 1338 33 20 32:
1534 1338 41 21 99d]
1591 1339 33 20 40:
1636 1339 42 20 96d

1077 1368 96 20 2781/422

1077 1397 96 21 2851423

1130 1427 42 20 427

1131 1456 43 21 428

1181 2068 2 11 I

140 2053 44 19 ord.
200 2052 186 27 förslagsanslaget
402 2052 33 21 till
451 2052 143 27 Skytteanska
610 2052 74 21 skolan
699 2053 8 19 i
723 2053 75 19 Tärna.
