1867 2363
910 161 136 15 SAKREGISTER

194 438 231 28 Bostadsproduktion.

224 469 37 20 RD
278 469 115 26 medgiver,
409 471 32 19 att
451 470 33 19 för
498 469 80 25 ökning
588 476 25 13 av
626 471 80 18 statens
717 469 189 21 bostadslånefond
918 471 35 20 må
964 472 69 19 såsom

239 499 35 20 lån
300 506 26 14 ur
349 500 137 20 statsverkets
510 499 52 20 fond
581 506 26 13 av
623 499 185 27 rusdrycksmedel
825 499 123 28 disponeras
963 501 33 20 för
1011 502 23 19 år

240 529 57 20 1924
313 531 31 19 ett
360 529 78 27 belopp
454 536 26 14 av
498 529 62 20 7000
569 529 43 20 000
629 529 38 24 kr.;
684 531 56 19 samt
756 531 31 19 att
802 536 26 14 av
840 530 36 20 det
887 531 27 25 på
922 532 60 19 extra
993 533 41 19 stat

238 560 33 20 för
288 559 56 20 1922
361 559 68 20 under
445 560 33 20 5:e
494 559 39 20 HT
549 559 33 20 till
599 559 128 26 statsbidrag
742 560 22 20 åt
780 560 128 20 kommuner
924 568 27 13 m.
969 561 20 20 fl.
1002 561 32 20 för

238 589 134 27 uppförande
396 596 26 14 av
445 590 56 20 vissa
517 589 209 26 bostadsbyggnader
742 590 100 20 anvisade
858 591 175 20 reservationsan-

239 619 66 26 slaget
321 620 67 26 jämte
405 619 106 21 därunder
527 619 98 20 omförda
642 619 136 26 besparingar
793 621 30 19 ett
832 620 77 26 belopp
919 627 26 14 av
954 620 27 21 26
991 620 42 21 000

238 649 31 21 kr.
294 650 36 19 må
353 656 26 13 av
402 649 61 21 KM:t
486 649 123 26 disponeras
630 649 32 20 för
678 649 102 26 åtgärder,
797 649 81 26 ägnade
894 652 31 18 att
941 650 93 22 indirekt

238 679 108 26 förbilliga
372 679 51 20 eller
446 679 62 27 eljest
531 679 78 26 främja
634 679 253 26 bostadsproduktionen;
904 680 79 26 förslag
999 688 33 13 om

239 709 141 21 användande
396 716 26 13 av
438 711 31 18 ett
485 709 76 26 belopp
578 716 26 13 av
620 709 28 20 24
657 709 42 20 000
709 709 30 20 kr.
752 716 26 14 av
789 709 88 21 berörda
887 711 146 20 reservations-

240 739 74 26 anslag
330 739 49 20 med
396 739 106 20 därunder
517 739 98 20 omförda
631 739 136 26 besparingar
783 740 32 20 för
831 740 56 20 vissa
898 740 135 21 tekniskt-ve-

240 769 134 27 tenskapliga
389 769 182 26 undersökningar
587 770 27 25 på
631 769 205 26 byggnadsområdet
852 770 76 20 avslås.

199 835 6 15 1
226 829 82 21 Motion
323 836 35 13 om
375 829 106 26 sänkning
497 836 25 13 av
538 830 75 19 räntan
629 829 13 20 å
653 828 35 21 lån
704 829 47 20 från
768 829 128 21 lånefonden
905 830 32 20 för
948 831 86 26 tjänste-

240 859 196 21 mannasamhället
451 859 35 20 vid
504 859 75 26 Mörby
595 859 75 20 avslås.

198 925 9 15 2
225 920 38 20 RD
283 919 114 25 medgiver,
418 921 31 18 att
464 919 33 20 för
512 919 80 26 ökning
607 926 26 13 av
649 920 81 19 statens
747 919 188 21 bostadslånefond
951 921 36 20 må
1002 921 33 20 för

240 950 23 20 år
280 949 56 20 1925
353 949 123 26 disponeras
493 949 12 20 8
515 949 42 20 000
567 949 42 20 000
626 949 30 20 kr.
674 950 69 19 såsom
756 949 35 20 lån
803 956 25 14 ur
836 950 137 21 statsverkets
982 951 51 20 fond

239 986 26 14 av
281 979 192 27 rusdrycksmedel,
489 980 56 19 samt
561 981 31 18 att
607 979 33 20 för
656 980 23 19 år
696 979 56 20 1926
769 979 32 20 till
818 980 215 21 bostadslånefonden

240 1009 117 27 inflytande
382 1009 152 25 amorteringar
559 1009 33 20 för
615 1010 23 19 år
662 1009 56 20 1925
738 1010 35 19 må
789 1009 123 27 disponeras
928 1010 34 21 till
978 1011 55 20 bere-

239 1039 70 20 dande
332 1046 27 13 av
375 1046 42 19 nya
436 1039 34 20 lån
487 1046 25 13 ur
526 1039 80 20 fonden
622 1041 101 18 ävensom
740 1041 31 18 att
787 1040 32 19 för
835 1046 83 14 samma
934 1040 100 21 ändamål

240 1069 36 20 må
291 1069 124 26 disponeras
432 1069 68 20 såsom
518 1075 42 20 nya
576 1068 34 20 lån
627 1075 25 13 ur
663 1068 277 27 rusdrycksmedelsfonden
955 1070 45 20 dels
1008 1070 26 20 de

240 1098 33 21 till
290 1098 216 21 bostadslånefonden
522 1098 118 27 inflytande
656 1100 99 18 räntorna
772 1099 32 20 för
818 1099 22 20 år
853 1099 55 20 1925
925 1100 40 20 och
982 1100 52 26 dels,

240 1129 6 19 i
262 1128 41 20 den
320 1129 50 19 mån
386 1128 288 26 rusdrycksmedelsfondens
691 1128 112 26 tillgångar
819 1128 40 21 den
876 1129 28 20 30
912 1130 48 26 juni
970 1129 63 25 1925,

239 1159 54 19 efter
309 1158 79 25 avdrag
403 1165 26 13 av
445 1158 26 20 de
487 1165 54 13 ovan
558 1158 92 26 angivna
666 1158 63 20 8000
739 1158 42 20 000
793 1158 31 20 kr.
835 1159 68 26 jämte
913 1159 121 27 ytterligare

240 1188 64 20 2000
314 1187 42 21 000
373 1188 39 24 kr.,
428 1188 72 20 därtill
515 1188 71 24 förslå,
603 1188 122 26 ytterligare
741 1188 23 20 så
780 1190 53 18 stort
848 1189 85 26 belopp,
950 1191 31 19 att
992 1189 42 21 det-

240 1224 83 14 samma
346 1217 92 27 tillhopa
460 1217 50 21 med
533 1219 100 19 räntorna
652 1218 39 20 och
708 1218 180 26 amorteringarna
904 1220 82 25 uppgår
1002 1219 33 21 till

240 1247 143 26 sammanlagt
399 1248 62 25 högst
477 1247 12 21 8
499 1247 42 20 000
551 1247 42 20 000
609 1247 31 20 kr.

224 1314 37 20 RD
281 1313 115 26 medgiver,
416 1315 32 18 att
463 1313 33 20 för
512 1314 22 19 år
552 1313 55 20 1927
625 1313 31 20 till
674 1315 80 18 statens
771 1313 188 22 bostadslånefond
974 1315 60 27 infly-

239 1343 64 21 tande
319 1343 153 26 amorteringar
487 1344 33 19 för
536 1344 22 19 år
576 1342 55 21 1926
649 1343 35 20 må
700 1343 123 26 disponeras
839 1343 34 21 till
881 1344 118 21 beredande
1009 1352 25 13 av

239 1380 42 20 nya
297 1373 35 20 lån
348 1380 25 13 ur
389 1373 86 25 fonden,
492 1374 57 19 samt
564 1375 31 18 att
611 1373 32 20 för
659 1380 83 13 samma
753 1373 100 21 ändamål
864 1374 36 20 må
911 1374 123 26 disponeras

239 1404 69 20 såsom
333 1410 42 20 nya
391 1403 35 20 lån
443 1409 25 14 ur
484 1403 137 20 statsverkets
635 1403 52 20 fond
704 1410 25 13 av
746 1403 184 26 rusdrycksmedel
947 1404 45 21 dels
1008 1405 26 20 de

239 1433 33 21 till
288 1433 216 21 bostadslånefonden
521 1433 118 26 inflytande
654 1435 101 18 räntorna
770 1433 33 20 för
818 1434 23 19 år
858 1433 64 25 1926,
940 1434 45 21 dels
1002 1435 31 20 till

240 1463 275 27 rusdrycksmedelsfonden
532 1463 118 27 inflytande
667 1465 71 18 räntor
753 1463 33 20 för
794 1463 66 20 andra
870 1464 96 20 halvåret
978 1464 56 21 1926

240 1494 11 19 å
275 1493 76 25 medel,
369 1500 46 13 som
431 1493 105 26 placerats
552 1493 6 20 i
576 1500 71 13 annan
663 1493 90 26 ordning
769 1495 25 18 än
812 1494 69 19 såsom
898 1494 36 20 lån
950 1494 33 20 till
1001 1495 33 20 bo-

239 1523 195 24 stadslånefonden,
461 1523 39 20 och
523 1522 52 24 dels,
591 1523 7 20 i
615 1523 41 20 den
680 1524 50 19 mån
746 1523 288 26 rusdrycksmedelsfondens

239 1553 113 26 tillgångar
375 1553 40 20 den
441 1553 27 20 30
487 1553 49 26 juni
558 1552 54 21 1926
629 1553 72 20 därtill
718 1553 71 24 förslå,
806 1553 121 26 ytterligare
943 1554 23 20 så
982 1556 53 19 stort

240 1583 83 26 belopp,
340 1584 30 19 att
387 1583 121 20 detsamma
524 1583 90 26 tillhopa
626 1583 50 20 med
684 1583 140 20 förenämnda
835 1585 71 18 räntor
917 1584 39 20 och
967 1591 66 13 amor-

239 1613 91 25 teringar
346 1613 82 26 uppgår
443 1612 34 20 till
493 1612 142 26 sammanlagt
650 1613 61 25 högst
728 1613 12 19 6
750 1612 42 20 000
802 1612 42 20 000
860 1613 31 20 kr.

224 1673 36 20 RD
283 1672 115 26 medgiver,
415 1674 31 19 att
462 1672 33 20 för
510 1673 23 19 år
552 1672 54 20 1928
624 1672 32 20 till
673 1674 79 18 statens
769 1672 188 21 bostadslånefond
973 1673 59 27 infly-

238 1702 64 21 tande
317 1702 181 26 amorteringarna
513 1702 33 20 för
561 1703 23 19 år
601 1701 55 21 1927
674 1704 35 18 må
725 1702 123 26 disponeras
865 1702 33 21 till
914 1702 119 22 beredande

238 1739 26 14 av
283 1739 42 20 nya
341 1732 36 20 lån
394 1739 24 13 ur
434 1732 78 20 fonden
529 1732 7 20 i
553 1732 145 26 huvudsaklig
714 1732 211 21 överensstämmelse
941 1733 50 20 med
1007 1740 25 14 av

238 1762 159 21 statsutskottet
412 1762 92 26 angivna
519 1762 98 25 grunder,
631 1764 55 18 samt
698 1764 30 18 att
744 1762 33 20 för
788 1769 83 13 samma
882 1762 100 21 ändamål
993 1763 39 21 och

238 1792 66 26 enligt
320 1792 112 20 enahanda
448 1792 91 26 grunder
555 1792 36 20 må
607 1792 123 27 disponeras
747 1793 69 19 såsom
833 1799 42 20 nya
891 1792 35 21 lån
937 1799 26 14 ur
973 1794 59 19 stats-

238 1822 83 21 verkets
345 1822 52 20 fond
421 1829 25 13 av
462 1822 186 27 rusdrycksmedel
664 1822 45 20 dels
725 1822 26 20 de
768 1822 32 20 till
818 1822 214 21 bostadslånefonden

237 1852 119 27 inflytande
371 1854 100 18 räntorna
487 1852 32 20 för
536 1853 22 19 år
576 1851 55 21 1927
648 1852 39 20 och
696 1852 45 20 dels
753 1859 26 13 av
790 1852 242 26 rusdrycksmedelsfon-

238 1882 52 21 dens
314 1882 112 26 tillgångar
449 1882 41 20 den
515 1882 27 20 30
565 1882 48 27 juni
631 1882 55 20 1927
703 1882 121 26 ytterligare
840 1883 23 19 så
879 1884 53 19 stort
948 1882 84 28 belopp,

238 1914 32 18 att
280 1912 121 20 detsamma
416 1912 91 26 tillhopa
523 1912 50 20 med
589 1912 140 20 förenämnda
744 1914 72 18 räntor
832 1913 40 20 och
881 1913 152 26 amorteringar

238 1943 82 26 uppgår
335 1942 33 20 till
379 1942 144 26 sammanlagt
539 1942 60 26 högst
617 1942 11 19 6
639 1941 42 21 000
691 1942 42 20 000
750 1942 82 20 kronor.

223 2002 37 20 RD
284 2002 114 26 medgiver,
423 2004 31 18 att
476 2002 33 20 för
532 2002 23 20 år
579 2001 56 21 1929
653 2002 41 24 må,
712 2002 33 20 till
762 2001 119 21 beredande
897 2009 26 13 av
940 2009 42 20 nya
997 2002 34 20 lån

238 2038 25 13 ur
291 2033 80 19 statens
400 2031 189 21 bostadslånefond
616 2032 7 20 i
651 2031 145 26 huvudsaklig
821 2032 211 20 överensstämmelse

238 2061 49 20 med
311 2061 26 20 de
352 2062 8 19 i
376 2061 232 27 statsrådsprotokollet
631 2063 49 18 över
703 2061 159 21 socialärenden
878 2061 41 21 den
938 2062 26 20 10
980 2062 52 20 febr.

1122 224 41 31 om
1279 226 2 25 |
1503 230 55 18 Riks-

1069 254 70 26 Se
1134 253 21 35 (=
1222 279 3 4 5
1280 269 1 3 I
1337 245 94 42 Utskotts-
1495 257 72 30 dagens
1624 261 117 17 Kamrarnas

1069 285 17 26 z
1123 281 40 30 ae
1180 279 84 18 Sr
1326 274 112 45 UHArmnden
1508 286 47 32 skri-
1609 290 145 23 förhandlingar

1069 315 17 27 2
1123 311 40 31 AR
1302 308 46 18 eller
1361 309 98 17 memorial
1500 321 63 17 keldae

1072 338 8 39 se
1123 342 39 25 138
1248 356 33 4 =!
1409 358 56 2 re
1531 337 6 39 äl
1679 366 1 9 -
1742 358 24 1 FR

1069 375 18 25 >
1123 368 36 39 3
1254 362 27 42 äl
1295 369 58 35 gle
1390 383 39 20 al!
1449 377 18 19 2)
1503 387 17 16 s
1524 365 17 43 |
1550 377 18 19 2)
1597 375 83 17 Första
1669 365 23 43 |
1699 375 64 17 Andra

1123 386 33 45 258
1236 400 45 24 SH
1295 400 28 34 2
1337 405 92 26 2
1449 397 18 24 &
1478 393 7 33 |)
1503 405 11 9 +
1533 393 14 33 |
1551 398 17 24 8]
1594 399 71 18 kamm.
1679 416 2 13 |
1695 395 70 30 kamm.

1428 441 2 24 I

1050 471 55 22 19241
1128 472 27 20 68
1178 472 42 21 1256
1232 472 41 21 /407
1300 441 24 52 5.
1343 472 10 21 1
1391 472 24 20 93
1428 468 2 36 |
1490 472 41 21 292
1589 472 33 21 41:
1635 472 41 21 28d/
1699 472 33 21 41:
1744 473 25 20 2d

1227 515 1 12 |
1322 489 108 46 [12283
1589 503 68 34 43:71
1662 487 28 54 |
1699 503 53 34 43:1

1072 540 8 10 »
1227 534 1 26 |
1280 536 2 34 |
1322 544 1 18 |
1363 536 2 36 |
1428 531 1 32 |
1479 539 2 35 |
1589 533 70 20 45:86
1663 529 27 34 |
1698 533 34 20 45:
1735 529 10 34 1

1227 572 55 13 la
1364 573 1 20 |
1479 576 2 14 sd
1535 568 1 24 a
1678 571 2 14 I

1227 590 1 21 FE
1535 603 1 16 |

1227 652 1 3 Re
1479 615 58 37 ES

1227 660 96 36 Su
1535 653 2 43 a

1364 696 1 13 I

1227 713 55 21 I
1363 710 2 22 |

1227 737 1 16 |
1280 731 2 42 |
1364 734 1 23 |
1428 730 2 11 I

1227 762 1 6 I
1429 756 1 11 I

1227 779 96 35 PTE

1049 821 56 48 1925
1180 820 48 59 110]
1301 828 22 36 6
1315 820 12 48 |
1343 832 9 20 11
1391 827 39 29 82|
1590 832 33 20 30:
1635 832 40 21 23d|
1699 831 68 21 33:18

1279 841 42 56 ER
1429 858 1 27 |

1227 896 1 5 |
1433 873 39 44 Ste

1073 930 7 10 »
1121 921 41 21 202]
1227 907 47 42 8901
1301 923 12 20 6)
1344 913 87 39 11111]
1491 922 41 20 J277/
1591 921 134 22 138:290|41:
1737 921 40 21 580

1227 952 47 52 ja
1323 944 1 40 |
1429 954 2 54 |

1227 1006 1 22 |
1323 1022 1 7 |

1227 1078 2 5 |
1323 1096 1 16 |
1430 1084 1 28 |

1430 1118 1 10 I

1323 1128 1 19 |
1430 1129 1 24 |

1323 1152 1 25 |

1050 1314 56 23 1926]
1123 1304 53 43 153
1163 1300 21 51 |
1195 1300 20 51 —
1233 1316 41 20 417]
1301 1316 12 19 6)
1344 1315 75 21 1|154)
1492 1315 42 20 812]
1592 1315 185 21 1|40:41d|48:53d

1365 1351 1 16 |
1537 1353 1 15 |
1680 1351 1 10 |

1281 1373 2 14 |
1364 1370 2 10 I
1537 1369 1 4 |

1281 1389 1 22 |
1485 1383 2 33 |
1679 1398 1 17 |

1227 1432 2 6 I
1281 1433 1 3 I
1485 1431 2 11 I

1227 1444 2 26 JE
1281 1464 1 12 a

1227 1476 2 10 I
1281 1478 1 15 I
1322 1476 2 13 I
1429 1482 2 13 I

1364 1559 1 23 |
1480 1563 2 13 lasa
1680 1574 1 27 |

1488 1620 44 58 Fö
1680 1639 1 30 |

1049 1672 56 22 19271
1121 1673 40 21 107
1173 1676 1 36 |
1232 1673 40 21 301
1300 1673 53 21 611
1363 1688 2 22 |
1377 1673 41 21 114
1491 1674 47 46 SS
1591 1674 33 20 36:
1636 1673 82 21 74d/36:
1729 1673 48 20 122d

1232 1703 41 21 342
1363 1715 2 3 |
1377 1704 40 20 155
1480 1720 2 16 |
1537 1722 1 11 |
1591 1703 52 21 39:1
1685 1703 66 20 138:81

1173 1736 1 8 |
1232 1733 40 20 357
1480 1739 2 28 |

1173 1754 1 15 I
1480 1771 2 2 I
1537 1759 1 14 I
1680 1757 1 19 |

1173 1857 1 17 |
1480 1841 2 28 |
1680 1851 1 20 |

1173 1877 1 11 I
1480 1870 2 16 I
1680 1873 1 15 |

1172 1891 2 16 I
1280 1900 1 3 |
1480 1893 1 14 |

1173 1909 1 19 |
1280 1907 1 13 |
1480 1911 1 11 |

1173 1931 1 19 |
1280 1928 1 19 Il
1486 1913 41 54 ER

1173 1962 1 38 |
1280 1969 1 6 |
1363 1961 1 39 |
1679 1983 2 17 |

1048 2001 56 23 1928]
1127 2003 27 19 84
1173 2022 1 3 |
1231 2002 42 20 445]
1300 2002 11 20 61
1342 2001 75 29 1/112
1480 1992 57 72 ja
1597 2002 34 21 30:
1642 2008 9 15 9
1679 2003 2 39 |
1692 2002 33 20 33:
1736 2001 41 21 37d

1172 2040 2 19 |
1279 2038 85 46 fasa
1480 2065 2 24 |
1536 2025 1 54 |
1679 2043 1 30 |
