1850 2357
175 73 42 21 256

190 253 153 27 Exportkredit.

191 290 107 26 budgetår
306 290 92 26 beviljas
406 302 27 2 —
441 290 65 26 åtaga
515 290 32 26 sig
555 290 203 26 betalningsansvar
767 290 6 20 i
782 290 94 26 enlighet
885 290 48 20 med
944 296 27 14 nu
981 289 99 27 gällande

191 320 163 20 bestämmelser
366 326 35 14 om
413 320 143 26 statsgaranti
569 320 33 20 för
614 320 157 26 exportkredit.

219 362 42 20 RD
272 362 117 26 medgiver,
400 363 35 19 att
445 362 69 20 under
523 361 60 21 tiden
595 363 16 19 t.
622 368 18 14 o.
650 368 29 14 m.
691 362 109 26 utgången
811 367 28 14 av
850 362 130 26 budgetåret
992 361 86 26 1950/51

190 392 75 26 statlig
280 392 238 26 exportkreditgaranti
533 392 36 19 må
584 391 84 21 lämnas
684 392 6 19 i
705 391 147 26 huvudsaklig
867 391 214 20 överensstämmelse

190 422 50 19 med
253 422 26 20 de
292 421 114 27 riktlinjer,
420 427 46 14 som
479 427 28 14 av
521 421 240 26 departementschefen
773 421 95 26 angivits
881 421 6 20 i
900 421 182 26 statsrådsproto-

190 451 67 20 kollet
273 453 52 19 över
340 451 186 21 handelsärenden
543 451 33 20 för
591 451 42 20 den
649 451 24 20 31
691 457 58 14 mars
766 451 53 20 1950
834 452 58 19 samt
907 452 35 19 att
957 452 73 19 staten
1046 451 35 20 må

190 481 69 20 under
275 487 84 14 samma
377 481 32 20 tid
426 481 59 20 inom
503 487 74 14 ramen
595 481 33 20 för
644 481 92 26 tidigare
753 481 97 20 beslutat
866 481 171 26 maximibelopp
1054 486 28 14 av

190 511 41 20 300
244 511 101 26 miljoner
358 511 32 20 kr.
405 511 65 26 åtaga
484 511 31 26 sig
529 511 204 26 betalningsansvar
746 511 33 20 för
793 510 155 27 lagerhållning
962 511 5 19 i
982 510 100 21 utlandet

189 541 33 20 till
233 542 33 19 ett
277 541 79 26 belopp
366 547 29 14 av
406 541 64 26 högst
479 540 27 21 30
517 541 100 26 miljoner
627 541 31 20 kr.

218 571 26 20 Se
256 571 40 20 ock
308 571 162 26 Kreditgivning
482 570 79 27 (1946),
577 570 217 26 Reservationsanslag
806 570 70 26 (1949,
891 570 68 26 1950),
975 570 108 20 Traktater

190 600 63 27 (1946
263 601 28 20 H:
304 601 26 26 5).

190 648 291 25 EXPORTSTIPENDIER;
494 654 22 14 se
528 648 91 23 Handel,
632 648 307 26 Marknadsundersökningar.

189 692 219 24 EXPORTÖKNING
418 696 33 20 för
461 696 26 20 de
497 696 84 20 mindre
592 696 118 26 företagen;
719 702 21 13 se
754 695 179 27 Interpellationer
943 695 70 26 (1948:
1027 695 53 26 156).

189 733 160 29 EXPORTÖL;
361 744 22 13 se
394 737 260 27 Provianteringsfrilager
666 737 80 27 (1948),
761 737 131 26 Rusdrycker
904 737 79 27 (1950).

189 779 236 21 EXPROPRIATION.

218 816 19 20 1.
254 815 42 20 RD
312 815 73 20 avslår
399 815 84 20 motion
499 821 35 14 om
551 815 43 20 viss
609 815 93 26 ändring
717 815 6 19 i
739 815 61 26 lagen
817 815 41 19 den
876 815 25 19 12
916 814 43 26 maj
979 814 51 20 1917
1047 820 35 13 om

189 845 169 27 expropriation.

217 875 19 20 2.
253 875 42 20 AK
308 875 73 20 avslår
393 874 84 21 motion
491 881 35 13 om
540 875 43 19 viss
596 875 93 25 ändring
702 880 27 14 av
743 874 142 26 kungörelsen
899 879 48 21 ang.
962 874 121 26 ersättning

189 905 24 20 åt
224 905 264 26 expropriationsnämnd.

217 935 19 20 3.
253 935 108 20 Motioner
380 940 36 14 om
435 934 164 26 framläggande
618 940 28 14 av
666 934 80 26 förslag
765 934 33 20 till
818 940 26 14 en
864 933 219 27 expropriationslag-

189 965 102 26 stiftning
302 964 34 20 för
347 964 170 27 komplettering
529 970 28 14 av
570 964 155 26 ofullständiga
736 964 107 25 jordbruk
855 963 92 20 förfalla.

218 1006 42 20 RD
274 1008 91 24 antager
377 1006 35 26 lag
425 1011 49 21 ang.
488 1006 93 25 ändring
593 1005 7 20 i
614 1005 57 21 vissa
685 1005 59 20 delar
757 1011 28 14 av
798 1005 62 27 lagen
874 1005 41 20 den
931 1005 25 20 12
969 1005 43 25 maj
1029 1004 53 20 1917

189 1036 35 25 (nr
245 1036 48 25 189)
313 1042 35 13 om
368 1035 163 26 expropriation
551 1035 116 26 (avseende
687 1035 92 26 tidigare
799 1034 226 27 besittningstagande
1045 1034 37 20 vid

189 1065 163 26 expropriation
362 1065 34 20 för
405 1064 215 26 försvarsändamål).

217 1106 42 20 RD
272 1108 92 24 antager
375 1106 34 20 för
420 1106 33 20 sin
466 1106 34 20 del
512 1106 35 26 lag
559 1111 49 20 ang.
622 1106 92 26 ändring
726 1106 6 20 i
744 1106 58 19 vissa
815 1106 60 20 delar
886 1111 28 14 av
927 1105 62 26 lagen
1002 1105 41 20 den
1058 1105 25 19 12

189 1136 43 25 maj
252 1136 53 20 1917
323 1136 35 25 (nr
376 1135 48 26 189)
442 1142 35 13 om
494 1135 164 27 expropriation
675 1135 155 26 (ändringarna
848 1135 45 20 dels
910 1134 127 21 föranledda
1054 1140 28 14 av

189 1165 103 26 förslaget
310 1165 33 20 till
361 1165 72 26 skydd
451 1165 34 20 för
502 1165 191 20 kulturhistoriskt
711 1165 105 25 märkliga
835 1165 126 26 byggnader
979 1164 45 20 dels
1043 1164 39 19 ock

189 1201 51 14 avse
257 1195 97 20 ändrade
371 1195 164 20 bestämmelser
551 1200 49 21 ang.
618 1194 162 27 expropriation
798 1200 28 14 av
843 1195 61 19 mark
922 1194 33 20 för
971 1194 112 26 samlings-

188 1224 98 27 lokaler).

218 1266 42 20 RD
276 1266 73 20 avslår
363 1266 109 20 motioner
487 1272 36 13 om
539 1266 68 19 sådan
623 1266 92 25 ändring
730 1271 28 14 av
774 1265 237 26 expropriationslagen
1027 1266 35 19 att
1077 1265 5 19 i

189 1296 57 20 intet
257 1296 38 20 fall
307 1295 77 20 hinder
395 1295 55 20 skall
462 1297 60 18 möta
534 1296 117 19 kommuns
663 1297 89 18 strävan
765 1297 35 18 att
811 1300 78 21 genom
901 1295 142 20 överförande
1055 1300 28 14 av

189 1325 63 20 mark
264 1325 7 20 i
284 1325 145 20 kommunens
442 1327 41 24 ägo
497 1325 27 26 på
538 1325 136 26 lämpligaste
687 1326 46 19 sätt
746 1325 67 20 ordna
828 1324 255 21 bostadsförhållandena

189 1355 51 20 eller
251 1355 134 26 byggnation
397 1355 27 26 på
436 1356 68 19 orten.

218 1397 42 19 RD
274 1398 91 24 antager
378 1396 80 26 förslag
471 1396 32 20 till
517 1396 34 26 lag
564 1401 49 21 ang.
628 1396 91 26 ändring
732 1396 7 20 i
752 1396 62 26 lagen
828 1396 41 20 den
885 1396 25 19 12
923 1396 43 26 maj
983 1395 52 21 1917
1049 1395 34 26 (nr

191 1426 48 27 189)
254 1432 35 14 om
303 1426 163 26 expropriation
481 1426 117 26 (avseende
612 1426 91 26 tidigare
718 1426 96 20 tillträde
828 1431 28 15 av
870 1426 62 20 mark
946 1432 46 13 som
1007 1431 76 20 expro-

190 1456 81 26 prieras
281 1456 33 20 för
324 1455 202 21 luftfartsändamål
536 1462 29 14 m.
576 1456 45 25 m.).

218 1498 42 19 RD
274 1499 91 24 antager
378 1497 80 26 förslag
471 1497 32 20 till
517 1497 35 26 lag
564 1502 49 21 ang.
627 1497 93 26 ändring
733 1497 6 20 i
752 1497 62 26 lagen
828 1497 41 20 den
885 1497 25 20 12
922 1497 44 25 maj
984 1497 51 20 1917
1049 1497 35 25 (nr

191 1527 48 26 189)
253 1533 35 14 om
302 1527 171 26 expropriation,
488 1527 32 20 till
534 1527 35 25 lag
582 1532 49 20 ang.
646 1527 84 20 ändrad
744 1526 80 27 lydelse
838 1532 28 14 av
880 1527 13 19 4
907 1527 39 19 och
961 1526 12 20 5
987 1527 20 24 $$
1021 1526 62 26 lagen

190 1557 41 20 den
240 1557 27 20 28
275 1557 48 26 juni
334 1556 52 21 1918
395 1557 35 26 (nr
438 1556 50 27 526)
497 1563 35 13 om
542 1558 45 18 rätt
596 1558 34 18 att
639 1558 52 18 över
699 1562 84 14 annans
792 1556 62 20 mark
863 1556 124 26 framdraga
996 1556 87 26 ledning

189 1587 35 20 för
235 1588 77 19 vatten
324 1586 32 20 till
369 1586 275 26 husbehovsförbrukning,
658 1586 32 20 till
701 1586 35 26 lag
747 1591 49 21 ang.
808 1586 93 26 ändring
912 1586 6 19 i
930 1586 62 26 lagen
1004 1586 41 19 den
1057 1585 27 20 20

189 1616 47 25 juni
250 1616 53 20 1924
315 1617 35 25 (nr
362 1616 49 26 384)
424 1622 35 14 om
472 1616 149 26 återköpsrätt
633 1616 33 19 till
679 1616 44 19 fast
734 1616 113 25 egendom,
860 1615 33 20 till
905 1615 35 26 lag
952 1621 35 14 om
999 1615 84 20 ändrad

190 1645 80 27 lydelse
284 1652 28 13 av
327 1646 23 19 31
367 1647 9 24 $
391 1645 189 26 stadsplanelagen
595 1645 41 20 den
651 1645 26 20 29
691 1645 43 26 maj
752 1645 50 20 1931
819 1646 35 25 (nr
869 1645 55 26 142),
939 1645 32 20 till
985 1645 35 26 lag
1033 1650 49 20 ang.

189 1675 92 26 ändring
294 1676 7 19 i
314 1675 62 26 lagen
390 1675 41 20 den
446 1675 25 20 18
483 1675 48 26 juni
546 1675 52 20 1925
612 1675 35 26 (nr
659 1675 50 26 221)
722 1681 36 14 om
772 1674 218 21 bulvanförhållande
1003 1675 6 19 i
1023 1674 60 26 fråga

190 1711 35 14 om
236 1705 44 20 fast
290 1705 112 26 egendom,
413 1705 34 19 till
458 1705 34 26 lag
502 1710 49 21 ang.
563 1705 84 19 ändrad
657 1704 81 27 lydelse
748 1711 29 13 av
787 1704 20 23 4,
819 1704 11 20 7
842 1705 39 19 och
892 1704 13 20 8
915 1705 20 24 $$
946 1704 62 26 lagen
1019 1704 41 20 den
1071 1704 12 20 7

188 1735 48 25 juni
250 1735 53 20 1934
315 1735 35 26 (nr
361 1735 50 25 239)
423 1740 36 14 om
472 1734 219 21 bulvanförhållande
703 1734 6 20 i
721 1734 61 26 fråga
794 1740 35 14 om
841 1734 72 20 aktier
923 1734 7 20 i
942 1734 58 20 vissa
1012 1734 70 25 bolag,

189 1764 33 20 till
237 1764 35 26 lag
287 1771 36 13 om
339 1764 147 26 upphävande
501 1770 29 14 av
547 1764 24 20 13
586 1765 10 24 $
611 1764 62 26 lagen
689 1764 42 20 den
746 1764 26 20 27
787 1764 48 25 juni
851 1764 53 20 1927
919 1764 35 26 (nr
968 1763 50 26 287)
1033 1769 49 20 ang.

190 1794 91 26 uppsikt
296 1795 13 19 å
325 1794 58 20 vissa
398 1794 114 26 jordbruk,
529 1794 33 19 till
578 1794 35 26 lag
629 1800 35 13 om
680 1794 84 19 ändrad
781 1793 80 26 lydelse
877 1799 28 14 av
923 1793 25 20 16
964 1793 40 20 och
1020 1793 24 20 31
1063 1793 20 25 $$

189 1824 194 26 skogsvårdslagen
395 1824 41 19 den
448 1823 25 20 15
483 1823 48 26 juni
543 1823 53 20 1923
607 1824 35 25 (nr
652 1823 56 26 212),
720 1823 33 20 till
763 1823 35 26 lag
808 1829 49 20 ang.
869 1823 84 20 ändrad
964 1823 81 26 lydelse
1055 1828 28 14 av

189 1853 24 20 21
230 1854 40 19 och
284 1853 26 20 29
324 1854 21 24 $$
359 1853 62 26 lagen
436 1853 41 20 den
494 1853 25 20 10
531 1853 48 26 juni
595 1853 53 20 1932
662 1853 35 26 (nr
712 1853 47 26 180)
774 1859 35 14 om
824 1853 54 20 vård
892 1859 28 14 av
934 1853 57 19 vissa
1006 1852 78 26 skogar

189 1883 59 20 inom
259 1883 168 20 Västerbottens
439 1883 39 20 och
490 1883 146 20 Norrbottens
647 1882 47 21 läns
705 1882 139 27 lappmarker
854 1889 29 14 m.
893 1882 23 20 fl.
928 1882 110 23 områden,
1051 1882 32 20 till

189 1913 35 26 lag
234 1918 49 21 ang.
294 1913 93 26 ändring
397 1913 7 19 i
414 1913 62 26 lagen
488 1913 41 19 den
540 1913 13 19 2
562 1912 48 26 juni
623 1912 52 20 1933
686 1913 35 25 (nr
731 1912 50 26 269)
792 1918 35 14 om
838 1912 89 26 ägofred
937 1914 58 18 samt
1006 1912 32 20 till
1049 1912 34 26 lag

189 1948 49 20 ang.
250 1943 92 25 ändring
353 1942 6 20 i
370 1942 62 26 lagen
444 1943 41 19 den
499 1942 25 20 13
534 1942 48 26 juni
595 1942 50 20 1921
659 1942 35 26 (nr
704 1942 49 26 299)
766 1948 35 14 om
812 1942 134 26 förvaltning
957 1948 28 14 av
997 1942 86 26 bysam-

190 1972 121 26 fälligheter
325 1971 39 21 och
381 1972 89 20 därmed
484 1971 124 27 jämförliga
623 1971 114 21 samfällda
753 1974 52 24 ägor
819 1972 40 19 och
874 1972 130 25 rättigheter
1021 1971 62 26 (änd-

189 2002 100 26 ringarna
302 2002 127 20 föranledda
441 2007 28 15 av
482 2007 43 21 nya
537 2001 222 26 rättegångsbalken).

219 2044 17 19 1.
254 2043 41 20 RD
310 2043 73 20 avslår
395 2043 85 20 motion
495 2049 35 14 om
544 2044 93 25 översyn
651 2049 28 14 av
694 2043 192 20 bestämmelserna
901 2043 6 19 i
920 2043 62 25 lagen
997 2048 34 14 om
1046 2048 36 14 ex-

189 2073 135 26 propriation
342 2073 6 20 i
366 2073 58 26 syfte
442 2074 35 19 att
495 2073 117 26 förebygga
631 2072 159 20 rättsförluster
808 2072 36 20 vid
863 2072 161 26 handläggning
1042 2072 40 19 och

189 2103 124 25 avgörande
326 2108 28 14 av
367 2102 225 26 expropriationsmål.

1100 184 102 24 HELP
1237 164 91 35 MPRoner
1375 160 89 30 Utskott
1508 161 33 59 Skr
1540 161 25 59 iv.
1627 161 94 30 Protokoll

1232 218 32 16 FK
1269 214 19 29 |
1294 218 35 16 AK
1351 218 84 16 [SmllAvd!
1459 218 27 16 Nr
1605 219 33 16 FK
1703 219 35 16 AK

1102 360 27 20 501
1157 360 38 20 211
1229 360 37 20 1481
1294 360 40 20 1572]
1369 360 12 20 6
1403 372 26 2 |—]
1455 361 36 19 151]
1518 360 41 21 286
1579 361 188 20 118:107d]18:128d

1103 813 24 20 41]
1172 825 27 2 —I
1243 824 27 3 —I
1308 812 26 21 591
1369 813 13 19 91
1417 813 13 20 2
1481 813 13 20 21
1532 814 106 19 —lI11:6
1686 813 31 20 11:
1729 814 24 18 25

1113 879 9 13 »
1172 884 27 3 —
1204 868 18 34 I
1243 872 139 20 —|2261131
1417 873 13 19 2
1484 873 7 19 1]
1532 884 28 3 —
1611 884 28 4 —
1686 872 31 20 13:
1729 874 23 17 51

1113 939 8 13 »
1130 928 26 34 I
1172 944 27 3 —
1202 928 22 34 I
1243 932 26 19 431
1308 932 27 20 601
1370 932 12 19 9/
1417 932 13 20 21
1470 932 22 20 111
1532 932 85 20 —]17:
1628 932 39 20 85dl
1686 932 32 20 19:
1730 932 24 20 1d

1103 1004 24 20 411
1158 1004 41 20 308
1206 999 27 35 |
1243 1015 27 2 —I
1308 1015 28 2 —I
1370 1003 12 20 91
1417 1004 13 19 21
1468 1003 91 20 381467
1558 999 10 35 1
1584 1004 69 20 46:18
1654 999 23 35 |
1685 1003 33 20 46:
1729 1005 24 17 37

1105 1034 21 19 H

1102 1104 28 20 42
1185 1104 13 20 8Il
1243 1115 28 3 —I
1308 1115 28 3 —I
1370 1104 12 19 91
1418 1104 12 19 21
1469 1104 148 20 241196117:
1629 1106 24 17 73
1665 1099 14 34 |
1688 1103 66 20 18:12

1160 1134 39 20 162

1104 1264 27 20 451!
1173 1276 27 3 —
1232 1263 103 20 110013181
1371 1263 12 20 91
1418 1264 13 19 21
1469 1263 27 20 801
1534 1264 84 20 —131:
1633 1266 35 17 1111
1686 1263 32 20 33:
1730 1265 25 17 38

1103 1394 27 21 451
1159 1395 40 20 356
1209 1390 26 34 |
1244 1405 27 3 —I
1309 1406 27 2 —JLI
1371 1394 12 19 91
1418 1394 13 19 21
1469 1394 185 20 841593139:37
1660 1390 22 34 |
1686 1394 33 20 41:
1734 1396 36 17 113

1106 1424 21 20 H

1103 1495 28 20 46|
1173 1496 26 19 331]
1244 1506 27 2 —|
1309 1507 27 2 —1I
1371 1495 12 19 91
1421 1495 7 19 11
1469 1495 92 20 3913291
1585 1495 33 20 23:
1632 1497 37 17 1281
1686 1495 32 19 25:
1731 1496 23 18 17

1102 2041 27 21 47|
1172 2053 27 2 —1I
1244 2041 88 19 —l|1011
1370 2041 12 19 91
1418 2041 13 19 2
1483 2041 13 19 61
1534 2040 119 20 —110:18
1655 2036 22 34 |
1687 2040 31 20 10:
1729 2040 39 19 43d/
