1862 2370
903 160 135 16 SAKREGISTER

167 450 1 9 |
188 439 179 28 Dyrtidstillägg.

167 461 1 30 |
231 470 33 20 till
289 469 65 21 4000
378 470 38 24 kr.,
435 470 33 19 för
484 471 60 18 extra
560 469 127 20 lantmätare
703 469 49 20 med
769 469 77 21 arvode
861 476 36 14 om
914 470 12 20 2
936 469 42 21 000
995 470 31 20 kr.

166 500 2 33 |
231 500 33 20 till
289 499 64 21 3200
377 500 31 20 kr.
429 500 40 20 och
484 499 33 21 för
533 501 60 19 extra
609 499 126 21 lantmätare
752 499 50 21 med
817 499 78 21 arvode
911 506 35 14 om
963 499 64 21 1500

166 534 2 17 |
231 530 51 20 eller
302 529 11 21 1
326 529 43 21 000
388 530 31 20 kr.
435 529 34 21 till
485 529 12 20 2
507 529 43 21 400
566 529 39 24 kr.,
621 529 39 20 allt
675 529 33 20 för
723 530 24 19 år
762 529 84 24 räknat;
864 530 39 20 och
920 529 108 27 medgives

166 557 2 35 |
231 562 32 19 att
278 560 33 20 för
326 566 84 15 samma
425 559 32 21 tid
473 560 36 20 må
522 559 34 21 till
571 562 60 18 extra
641 559 127 21 lantmätare
780 561 51 19 utan
843 559 77 21 arvode
931 566 26 15 av
968 562 59 18 stats-

166 593 2 15 I
231 590 71 21 medel
320 590 51 26 utgå
390 590 93 20 tillskott
498 589 34 21 till
547 589 118 21 inkomster
681 589 33 21 för
729 589 71 21 arbete
817 590 66 26 enligt
898 590 130 21 lantmäteri-

167 627 1 19 |
231 623 65 18 taxan
312 620 121 20 beräknade
449 619 33 21 till
499 619 64 20 2400
580 619 31 20 kr.
626 620 33 19 för
669 620 32 23 år;
713 620 40 20 och
765 620 84 20 anvisas
859 620 34 20 för
904 620 124 26 budgetåret

166 653 2 22 I
232 649 126 29 1924/1925
374 650 34 20 för
423 656 30 14 nu
471 649 92 26 angivna
578 649 101 21 ändamål
695 650 70 20 såsom
781 649 93 21 tillskott
889 649 33 21 till
938 650 89 26 dyrtids-

231 680 74 26 tillägg
315 680 33 20 för
359 680 56 20 vissa
426 679 127 21 lantmätare
564 681 31 18 ett
606 681 60 19 extra
676 679 166 26 förslagsanslag
852 686 27 14 av
890 679 42 21 350
942 679 42 21 000
995 680 31 20 kr.
1025 675 10 35 |

176 746 22 15 15
216 741 37 19 RD
272 740 123 26 godkänner
410 739 80 26 förslag
505 739 33 20 till
555 739 125 26 kungörelse
697 746 35 13 om
748 739 81 21 ändrad
845 739 81 27 lydelse
942 746 26 14 av
984 740 13 26 $
1015 741 12 19 2

232 777 65 13 mom.
323 770 11 20 1
354 770 7 20 i
377 769 143 27 kungörelsen
543 769 41 21 den
609 769 27 20 15
659 770 48 26 juni
732 769 56 20 1923
805 768 32 28 (nr
853 769 50 24 200)
919 770 109 26 angående

168 822 1 18 |
232 800 158 27 dyrtidstillägg
408 800 22 20 åt
449 800 43 20 fast
508 799 88 21 anställt
612 799 105 26 manskap
733 799 36 20 vid
786 800 72 20 armén
875 799 38 21 och
931 800 95 20 marinen

168 841 1 6 I
232 830 66 20 MR

168 858 1 18 I

168 879 30 32 16
216 891 38 19 RD
271 890 99 24 besluter,
387 892 31 18 att
434 889 26 21 de
476 890 33 20 för
525 889 125 26 budgetåret
667 888 127 28 1923/1924
809 889 98 26 gällande
918 889 109 21 allmänna

231 920 92 26 grunder
338 920 33 20 för
387 919 158 27 dyrtidstillägg
560 920 22 20 åt
592 919 67 21 lärare
670 919 36 21 vid
717 919 198 20 lantmannaskolor
925 920 39 19 och
974 920 52 20 lant-

167 960 1 14 I
232 949 170 22 hushållsskolor
417 951 57 19 samt
489 949 185 21 lantbruksskolor
689 949 61 21 skola
765 949 56 26 gälla
835 949 81 27 jämväl
933 950 32 19 för
976 950 50 20 bud-

167 978 1 30 |
232 981 80 25 getåret
329 979 135 28 1924/1925;
481 980 40 20 och
537 979 115 27 medgives,
669 981 32 18 att
716 979 61 20 KM:t
793 980 35 19 må
844 979 86 21 utfärda
945 979 26 21 de
982 981 44 19 när-

232 1017 58 14 mare
314 1010 138 25 föreskrifter,
475 1016 46 14 som
538 1010 32 20 för
586 1009 138 27 tillämpning
739 1016 26 14 av
780 1009 123 20 förberörda
919 1009 108 21 allmänna

167 1036 1 24 |
231 1040 92 26 grunder
338 1040 33 20 för
386 1039 160 26 ifrågavarande
559 1039 158 27 dyrtidstillägg
729 1040 35 20 må
775 1039 95 20 befinnas
882 1039 144 27 erforderliga;

232 1070 39 20 och
299 1069 115 26 medgives,
438 1070 31 19 att
485 1070 22 19 åt
523 1069 233 26 lärarinnepersonalen
772 1069 36 20 vid
824 1069 203 20 Fredrika-Bremer-

167 1109 1 9 |
232 1099 133 21 Förbundets
381 1099 335 26 lanthushållningsseminarium
733 1099 12 19 å
762 1099 105 20 Rimforsa
883 1099 36 20 må
929 1099 47 20 från
988 1099 38 20 och

167 1124 1 27 |
232 1129 49 20 med
298 1129 41 20 den
357 1128 10 21 1
384 1129 42 27 juli
439 1128 57 20 1924
506 1129 40 20 och
557 1128 117 21 tillsvidare
685 1128 69 21 under
764 1128 125 26 budgetåret
901 1127 125 28 1924/1925

167 1156 1 21 |
232 1160 51 25 utgå
302 1159 156 26 dyrtidstillägg
474 1159 7 19 i
497 1158 143 26 huvudsaklig
656 1158 212 21 överensstämmelse
884 1158 50 20 med
949 1158 26 21 de
991 1159 46 26 all-'

232 1191 80 18 männa
327 1188 98 27 grunder,
442 1195 46 14 som
504 1189 34 20 för
553 1195 83 13 samma
647 1188 31 20 tid
689 1188 88 20 komma
788 1190 31 18 att
829 1188 56 26 gälla
896 1184 128 44 beträffande
1036 1188 2 33 |

167 1224 1 27 |
232 1218 149 21 motsvarande
398 1218 97 27 personal
512 1218 36 21 vid
563 1218 212 25 lanthushållsskola,
792 1218 39 20 och
847 1218 88 27 jämlikt
945 1218 27 21 de
982 1220 45 19 när-
1036 1229 2 13 |

167 1252 1 3 I
232 1255 58 14 mare
301 1248 139 27 föreskrifter,
451 1255 46 14 som
509 1248 62 20 KM:t
581 1248 43 20 kan
634 1248 33 20 för
678 1248 138 34 tillämpning
827 1254 26 14 av
864 1248 64 26 sagda
936 1248 101 26 grunder
1036 1244 2 8 |

167 1292 1 9 I
219 1275 71 34 finna
306 1261 146 48 erforderliga;
469 1278 40 21 och
525 1278 84 21 anvisas
625 1278 33 20 för
673 1284 30 14 nu
719 1278 91 26 angivna
821 1278 101 20 ändamål
932 1278 33 20 för
976 1278 50 20 bud-
1025 1274 10 38 |

167 1305 1 23 I
231 1309 81 26 getåret:
329 1307 126 29 1924/1925
472 1310 30 18 ett
518 1309 60 19 extra
593 1308 165 25 förslagsanslag
773 1314 26 14 av
816 1307 41 21 165
867 1307 43 21 000
926 1308 30 20 kr.

167 1370 1 4 |
193 1374 4 14 1
217 1369 37 19 RD
272 1368 98 24 besluter,
387 1370 31 18 att
433 1368 7 20 i
456 1368 59 26 fråga
531 1375 35 13 om
583 1367 135 21 bestridande
735 1375 25 13 av
777 1367 143 21 kostnaderna
934 1368 33 20 för
981 1367 45 27 dyr-

168 1400 1 3 |
232 1398 118 26 tidstillägg
365 1398 37 21 vid
417 1398 128 26 postverket,
562 1398 168 26 telegrafverket,
748 1399 79 19 statens
843 1398 112 27 järnvägar
971 1400 56 18 samt

167 1426 1 30 |
232 1430 80 19 statens
329 1428 182 24 vattenfallsverk,
528 1430 100 18 ävensom
640 1429 84 19 arméns
735 1428 40 20 och
786 1428 108 20 marinens
904 1428 123 20 verkstäder

167 1468 1 13 |
231 1459 40 19 och
287 1458 94 20 fabriker
397 1465 28 13 m.
443 1458 20 20 fl.
481 1458 152 26 anläggningar
648 1458 55 20 skall
719 1458 33 20 för
763 1458 125 26 budgetåret
900 1456 126 29 1925/1926

167 1490 1 40 |
231 1488 56 26 gälla
311 1488 41 20 vad
368 1489 6 19 i
391 1488 75 20 sådant
490 1488 120 20 hänseende
633 1488 62 20 blivit
710 1488 33 20 för
759 1488 124 25 budgetåret
900 1486 126 29 1924/1925

167 1532 1 3 I
233 1518 97 20 beslutat.

217 1643 42 20 Till
275 1642 104 21 täckande
395 1649 26 14 av
438 1642 114 21 kostnader
568 1643 33 19 för
616 1642 158 27 dyrtidstillägg
785 1643 23 19 åt
819 1637 219 32 befattningshavare
1023 1633 15 40 |

232 1674 8 19 i
256 1674 79 19 statens
352 1673 67 26 tjänst
435 1672 84 21 anvisas
536 1672 32 20 för
585 1672 124 26 budgetåret
726 1671 126 28 1925/1926
866 1672 67 21 under
945 1673 32 20 2:a
988 1673 40 20 HT

233 1705 30 18 ett
279 1704 60 19 extra
353 1702 165 26 förslagsanslag
533 1703 13 19 å
563 1702 64 20 1800
637 1702 42 20 000
696 1702 30 20 kr.

190 1768 9 15 3
218 1763 41 20 För
281 1762 118 21 beredande
420 1762 69 21 under
507 1761 58 21 tiden
584 1761 11 20 1
611 1762 42 26 juli
670 1761 116 21 1925—30
802 1762 48 26 juni
867 1761 56 21 1926
940 1769 26 14 av
982 1762 45 27 dyr-

233 1792 117 26 tidstillägg
365 1793 22 20 åt
403 1792 100 20 nordiska
519 1793 93 19 museets
628 1791 104 27 personal,
749 1791 51 21 med
813 1792 110 26 undantag
933 1799 26 14 av
970 1792 57 21 vakt-

169 1823 1 9 I
233 1823 39 20 och
289 1822 181 26 arbetarpersonal
487 1821 36 21 vid
539 1821 223 26 friluftsavdelningen
778 1822 13 20 å
807 1822 103 24 Skansen,
926 1824 101 19 ävensom

169 1848 1 35 |
234 1853 22 20 åt
271 1852 125 27 personalen
413 1852 35 20 vid
465 1851 210 25 livrustkammaren,
692 1852 6 20 i
715 1852 41 20 den
773 1852 49 20 mån
839 1852 152 26 avlöningarna
1007 1853 22 20 åt

169 1884 1 28 |
234 1882 133 21 sistnämnda
390 1882 96 27 personal
511 1882 19 26 ej
555 1882 50 26 utgå
621 1881 71 21 direkt
707 1888 26 14 av
749 1882 130 25 statsmedel,
896 1882 84 21 anvisas
995 1882 33 21 för

169 1917 1 25 |
234 1912 125 26 budgetåret
376 1911 126 28 1925/1926
519 1913 30 19 ett
565 1913 60 19 extra
640 1912 74 26 anslag
730 1918 26 14 av
772 1912 27 20 47
809 1912 43 20 000
868 1912 31 20 kr.

191 1977 9 15 4
218 1973 41 19 För
275 1972 119 20 beredande
410 1979 26 13 av
452 1971 157 27 dyrtidstillägg
624 1972 22 20 åt
663 1971 208 27 befattningshavare
882 1971 37 21 vid
930 1971 98 21 tekniska

233 2002 76 21 skolan
325 2003 7 19 i
348 2002 132 25 Stockholm,
505 2001 160 27 bergsskolorna
680 2002 8 19 i
704 2001 105 27 Filipstad
832 2002 39 20 och
887 2001 69 21 Falun
972 2004 56 18 samt

233 2032 116 20 vävskolan
367 2032 7 20 i
390 2032 65 20 Borås
478 2032 84 20 anvisas
585 2032 33 20 för
640 2031 124 26 budgetåret
781 2030 124 28 1925/1926
922 2033 31 19 ett
968 2033 59 19 extra

235 2062 162 26 förslagsanslag
413 2068 25 14 av
455 2061 27 20 43
492 2061 42 21 000
551 2061 30 20 kr.

1114 240 12 11 3
1138 213 26 52 al
1303 215 42 1 Så
1423 214 11 2 Sö
1496 229 53 17 JöRike

1061 253 17 27 3
1114 256 41 39 28
1165 263 18 32 IM
1196 256 21 43 ti
1329 247 95 48 da
1486 255 73 30 dagens
1616 255 117 28 Kamrarnas

1061 284 17 26 2
1115 300 11 9 le
1138 290 28 36 z|
1193 282 80 19 OROREN
1267 278 47 39 1-2
1319 283 113 28 URSKNESN
1501 283 46 33 skri-
1601 289 145 22 förhandlingar
1772 286 2 5 |

1061 313 18 28 &
1115 311 41 29 152
1272 320 1 3 |
1295 307 46 18 eller
1353 307 99 18 memorial
1458 303 24 38 |
1493 319 62 18 velser
1772 292 2 49 |

1057 345 17 25 -
1115 341 40 31 SE
1166 356 41 43 =
1216 357 13 12 4
1254 357 51 22 Ta
1434 357 36 1 SN
1528 361 1 9 I

1062 374 17 11 >
1116 371 35 12 [28
1202 386 7 5 ”
1273 373 73 19 Ile)
1383 386 10 7 Å
1421 373 1 7 |
1442 376 17 18 2
1496 386 3 7 »
1528 371 1 12 I
1543 375 17 19 2
1589 374 68 17 Första
1662 367 24 31 |
1690 373 66 17 Andra

1062 389 12 9 3
1116 384 36 41 23
1166 386 98 46 lean
1277 362 69 70 BIE
1381 382 18 44 Zz
1442 396 16 25 >
1457 391 12 45 |
1496 385 62 47 FI
1586 389 71 47 kamm.
1672 393 1 39 |
1687 389 70 47 kamm.

1221 440 138 49 RNA
1473 440 58 48 Ac
1673 440 1 12 sm

1042 470 56 20 1924
1473 471 1 7 |
1773 460 1 46 |

1357 498 1 6 I
1529 503 1 15 I

1274 538 1 3 |
1357 524 2 17 |
1478 519 1 24 lön

1167 536 1 24 |
1274 552 1 3 |
1357 542 2 7 I
1484 531 24 41 RR
1773 536 1 22 |

1167 561 1 40 |
1274 562 1 36 |
1357 558 1 33 |
1473 563 6 12 I
1529 562 1 4 I
1773 560 1 33 |

1167 603 1 3 I
1274 603 1 3 I
1357 592 1 22 I
1473 596 6 21 I
1773 598 1 20 |

1167 635 1 19 I
1274 631 1 17 I
1357 628 2 18 I
1473 632 6 28 I
1773 631 2 3 I

1167 656 1 32 fp
1274 649 1 20 4
1357 648 1 26 Inge
1773 648 2 40 |

1167 692 1 12 I
1478 700 1 3 I
1774 697 1 7 I

1167 710 1 22 |
1221 677 2 65 |
1274 728 1 11 |
1357 714 2 20 |
1473 704 57 34 og
1774 714 1 23 |

1066 748 7 10 »
1122 740 27 20 24
1167 742 2 10 |
1274 740 137 27 146:I-1]-F10:
1474 738 50 32 257
1591 740 54 19 42:9
1659 734 26 34 |
1692 739 33 20 42:
1737 738 38 21 383]

1167 754 1 46 [ök
1774 793 1 5 |

1167 809 1 12 |
1274 800 1 9 I
1474 807 5 17 fl
1774 799 1 19 |

1167 835 1 30 |
1295 821 57 59 le
1474 857 1 3 |
1774 822 1 55 |

1115 883 53 33 167]
1221 903 1 13 |
1274 878 32 37 Hol
1334 874 38 49 |
1385 891 27 19 74)
1474 879 52 35 822]
1584 880 192 29 |44:131|48:107]

1167 918 1 14 |
1274 917 2 11 |
1478 923 2 6 |
1775 913 1 23 |

1167 934 1 9 I
1274 929 1 22 |
1358 933 1 19 I
1474 937 6 15 I
1530 936 1 16 I
1775 938 1 35 |

1274 958 1 10 I
1358 956 1 12 I
1470 952 6 21 IH
1530 958 2 5 I

1358 993 1 12 |
1474 981 58 27 3
1775 993 1 10 |

1358 1008 1 22 |
1474 988 58 45 |
1775 1011 1 3 |

1167 1038 1 23 fee
1358 1048 1 20 |
1475 1035 57 41 (

1167 1091 1 29 |
1274 1100 1 23 |
1358 1098 1 24 |
1475 1102 57 23 (ER

1167 1121 1 21 |
1274 1125 1 21 |
1358 1125 1 11 |
1475 1120 57 29 för

1167 1189 1 9 |
1274 1172 1 28 |
1317 1185 1 16 I

1167 1206 1 15 I
1274 1213 1 3 (SS
1531 1213 1 3 I

1167 1224 55 25 f
1317 1216 1 37 |
1424 1224 1 20 |
1531 1235 1 12 |

1317 1254 1 11 I

1167 1277 1 27 |
1275 1272 43 40 bald
1424 1298 1 15 |
1531 1280 1 7 |
1775 1283 1 17 |

1275 1307 43 43 =
1424 1316 1 28 |
1531 1318 2 13 |
1674 1337 1 8 |

1042 1366 56 22 1925]
1130 1367 10 20 1
1154 1350 25 49 |
1188 1367 89 21 83200)
1295 1354 52 33 6/1:
1386 1367 26 20 23)
1480 1365 1 4 |
1500 1366 27 20 80
1546 1350 44 49 |
1594 1358 182 28 16:2d|18:91d]

1119 1401 50 18 För
1174 1397 94 21 154216
1271 1383 7 52 |
1297 1383 20 52 |
1424 1398 1 4 |
1531 1407 1 17 |
1775 1394 1 27 |

1104 1414 51 38 flera
1168 1418 1 13 |
1317 1432 1 8 I
1775 1430 1 10 |

1120 1450 34 18 HT
1168 1471 1 5 |
1317 1443 1 29 |
1424 1470 1 6 |
1775 1448 1 9 |

1123 1480 28 16 ge-
1222 1480 1 19 |
1317 1486 1 16 i

1111 1504 53 12 mens,
1222 1511 1 10 I
1317 1505 1 10 I
1423 1514 1 6 4
1775 1511 1 8 I

1121 1522 48 17 Iråsol
1181 1512 22 37 ck
1317 1519 1 16 |
1423 1525 1 3 I
1775 1520 1 14 I

1116 1552 41 16 gor:
1221 1556 2 10 I
1317 1542 1 27 |
1423 1551 1 6 I

1107 1570 38 17 avd.
1155 1572 9 16 3
1222 1586 1 6 I
1317 1571 1 16 I
1674 1574 1 7 I

1119 1593 34 23 p.4
1317 1600 1 22 |

1066 1642 90 20 $-ifdrg
1295 1625 23 41 6|
1338 1639 87 24 11-21]
1445 1646 54 16 87)2
1510 1634 74 36 Alj22]
1594 1640 68 20 17:24]
1695 1640 68 20 19:37

1113 1677 45 22 p-49
1317 1668 1 52 |
1424 1665 1 55 |
1675 1673 1 12 |
1776 1696 1 6 |

1221 1753 2 4 |
1317 1726 1 34 |
1424 1732 108 21 jön
1675 1751 1 3 |

1116 1762 40 20 1:8
1155 1758 13 33 |
1222 1760 1 7 |
1295 1760 53 22 SE
1401 1762 12 19 81
1445 1766 24 15 26
1488 1761 13 20 8
1510 1754 52 37 A19
1595 1752 65 37 19:11
1660 1752 15 37 |
1695 1760 82 27 21:30
1761 1756 14 35 |

1113 1796 46 23 p.33
1168 1814 1 3 |
1221 1793 2 29 |
1317 1778 1 67 |
1424 1797 1 24 I
1475 1791 6 31 I
1531 1792 1 3 I
1675 1793 1 26 I
1776 1796 1 25 |

1221 1833 2 23 I
1317 1849 1 3 |
1424 1830 1 16 |
1675 1829 1 3 |
1776 1825 1 7 |

1221 1857 2 28 |
1317 1855 1 78 |
1424 1864 57 27 bed

1222 1887 1 21 |
1424 1874 1 32 |
1475 1891 6 19 I
1532 1893 1 12 |

1222 1917 1 3 I
1475 1908 2 14 I
1675 1922 1 5 |

1222 1925 1 27 |
1424 1912 57 54 a
1675 1928 1 24 |

1066 1971 157 25 FUNNEN
1275 1960 1 11 |
1295 1937 23 79 s
1338 1970 8 20 1
1488 1971 13 20 8
1510 1964 59 45 Al100
1595 1963 32 35 19:
1639 1975 24 14 56
1697 1968 66 22 BRe

1107 1999 62 30 p.218/
1221 1999 2 17 |
1317 2017 1 14 |

1316 2035 2 11 1

1317 2053 1 14 |
