1837 2357
756 150 223 17 SAKREGISTER

1629 148 38 20 861

81 443 258 20 Konstitutionsutskottet.

82 475 11 17 3
109 473 54 27 Ang.
175 473 122 26 ersättning
309 473 23 20 åt
343 474 159 19 sammansatta
514 472 168 20 konstitutions-
694 473 38 19 och
745 472 178 20 statsutskottets

122 503 133 20 sekreterare
269 509 29 14 m.
309 509 28 14 m.

84 589 7 16 -

109 586 40 20 Val
164 592 28 14 av
208 586 120 20 ledamöter
344 586 39 20 och
399 586 146 26 suppleanter.

83 672 10 16 (

109 670 55 25 Ang.
185 669 122 26 ersättning
327 670 24 19 åt
371 675 28 14 av
420 671 158 18 sammansatta
600 669 168 19 konstitutions-
788 669 39 19 och
849 669 74 19 bevill-

123 699 174 26 ningsutskottet
311 699 80 20 anlitat
405 699 91 20 biträde.

109 782 39 20 Val
164 788 28 14 av
208 782 120 20 ledamöter
343 783 39 19 och
399 782 146 27 suppleanter.

82 863 10 16 Do

108 860 57 20 Från
184 860 53 20 1932
253 861 35 19 års
305 860 42 20 RD
363 860 88 20 vilande
467 860 80 27 förslag
563 866 49 20 ang.
629 860 84 21 ändrad
729 860 81 26 lydelse
826 866 28 14 av
871 861 9 24 $
896 860 27 20 38

122 896 66 14 mom.
202 890 12 20 5
227 890 39 20 RO
279 890 40 20 och
331 890 10 25 $
353 890 13 20 2
378 890 35 20 4:0
425 890 36 20 TF
473 890 123 26 (införande
608 896 28 14 av
648 890 160 26 tystnadsplikt
820 890 34 20 för
866 890 57 20 leda-

122 921 99 19 möterna
236 926 28 14 av
279 920 118 25 utskottet)
412 921 97 26 antages.

109 979 38 20 Val
161 985 29 14 av
205 979 119 20 ledamöter
338 980 39 19 och
392 979 146 27 suppleanter.

108 1062 39 20 Val
163 1068 28 14 av
207 1062 120 20 ledamöter
343 1063 40 19 och
399 1063 146 26 suppleanter.

81 1148 10 16 2
107 1145 55 26 Ang.
176 1146 80 19 arvode
269 1146 23 19 åt
304 1146 122 26 professorn
437 1146 42 26 jur.
493 1146 25 19 dr
530 1146 28 20 H.
572 1147 24 19 G.
610 1146 23 20 F.
647 1146 119 26 Sundberg,
779 1146 72 20 vilken
864 1146 57 20 inom

122 1175 111 20 utskottet
249 1175 79 20 biträtt
342 1175 37 20 vid
395 1176 160 26 behandlingen
571 1182 27 13 av
614 1176 43 19 viss
673 1176 67 26 fråga.

108 1234 39 20 Val
162 1241 28 13 av
204 1235 120 20 ledamöter
338 1235 39 20 och
392 1235 146 26 suppleanter.

82 1320 6 16 1
107 1318 39 19 Val
162 1324 28 14 av
207 1318 119 20 ledamöter
342 1319 39 19 och
398 1319 146 25 suppleanter.

81 1403 9 17 2
106 1401 55 26 Ang.
173 1401 96 20 arvoden
281 1402 24 19 åt
315 1402 221 20 kammarrättsrådet
548 1402 24 20 dr
583 1402 22 20 C.
617 1402 32 20 W.
662 1402 26 20 U.
702 1402 169 26 Kuylenstierna
882 1403 40 19 och

121 1431 212 20 hovrättsassessorn
355 1432 25 19 B.
404 1432 125 26 Hagström,
552 1432 58 20 vilka
633 1432 57 19 inom
713 1432 109 20 utskottet
844 1432 79 20 biträtt

120 1461 37 19 vid
174 1461 160 25 behandlingen
351 1467 28 14 av
394 1461 57 20 vissa
467 1461 79 27 frågor.

107 1520 39 19 Val
163 1526 28 14 av
207 1520 121 20 ledamöter
343 1521 40 19 och
399 1521 146 26 suppleanter.

107 1597 40 19 Val
162 1603 29 14 av
207 1597 120 20 ledamöter
342 1598 40 19 och
398 1597 146 27 suppleanter.

81 1676 10 17 2
106 1675 55 25 Ang.
176 1674 182 27 tilläggsarvoden
373 1675 32 20 till
417 1676 148 19 sekreterarna
580 1676 38 19 hos
631 1676 40 19 AK
685 1678 58 18 samt
755 1676 168 20 konstitutions-

121 1704 39 20 och
177 1704 253 27 bevillningsutskotten.

81 1760 7 16 1
106 1758 77 19 Beslut
199 1764 35 14 om
251 1758 138 21 tillsättande
405 1765 28 14 av
450 1760 32 19 ett
498 1759 253 20 konstitutionsutskott.

79 1837 10 16 2
106 1835 40 19 Val
161 1841 28 14 av
203 1835 120 20 ledamöter
337 1836 40 20 och
391 1836 147 26 suppleanter.

108 1912 39 20 Val
163 1919 28 13 av
207 1913 120 20 ledamöter
342 1914 40 19 och
398 1914 146 26 suppleanter.

81 1992 10 16 2
107 1990 55 26 Ang.
184 1990 122 27 ersättning
327 1991 23 19 åt
371 1991 252 20 revisionssekreteraren
646 1993 24 19 O.
693 1992 134 26 Hesselgren,
848 1993 73 19 vilken

121 2019 58 20 inom
201 2021 161 19 sammansatta
383 2021 169 20 konstitutions-
573 2022 39 19 och
634 2022 68 20 andra
724 2022 145 26 lagutskottet
891 2022 31 20 bi-

121 2050 55 19 trätt
191 2049 37 20 vid
246 2050 158 26 behandlingen
420 2057 28 13 av
463 2051 56 20 vissa
536 2051 78 26 frågor.

1203 223 108 31 Utskotts-
1383 226 56 18 Riks-

1000 253 56 18 Kungl
1192 249 129 35 utlåtanden,
1376 249 70 35 dagens
1505 244 104 35 Tamara

1003 283 53 18 Maj:ts]
1069 275 91 16 Motioner
1187 287 95 17 memorial:
1295 287 44 16 der
1388 271 37 36 skri
1495 275 141 21 förhandlingar

949 307 26 20 År
1003 317 51 14 Iprop:r
1197 317 133 17 betänkanden
1373 313 67 30 velser
1522 305 87 20 (protmr)

1001 339 46 27 eller
1190 364 5 4 -

1003 373 101 26 SENSIER
1122 383 35 17 JAR
1178 371 17 50 5
1220 377 17 42 z
1260 382 91 17 Nummer|
1368 383 91 16 Nummer
1481 367 59 48 Fian
1607 371 44 40 ON

942 473 49 19 1931]
1018 484 27 3 —
1051 469 26 33 1
1080 485 19 2 —I
1135 485 25 2 —1
1190 473 10 20 51
1229 473 13 19 21
1285 474 12 19 2
1405 485 27 2 —
1484 473 53 20 20:1
1571 473 33 20 120:
1615 475 10 17 3

942 585 52 20 19328]
1018 597 27 3 —
1059 581 13 34 |]
1079 598 28 2 —Il
1134 598 116 2 —1——
1298 598 28 2 —
1405 599 27 2 —
1484 587 39 19 vå
1585 587 39 19 Sd

1115 619 2 23 |
1516 619 21 16 11
1584 616 20 20 ISA

941 669 53 20 19320]
1018 681 27 2 —
1053 665 27 34 |
1080 682 27 2 —1
1134 681 21 2 —]
1188 669 12 20 5]
1229 669 13 20 21
1285 671 12 19 2
1405 682 25 2 —
1470 670 54 20 41:22
1541 666 63 34 J51:
1609 666 30 34 17

941 782 53 20 1933]
1018 794 19 2 —
1051 778 27 34 |
1080 795 37 13 —I
1146 794 103 2 —]—]—
1294 781 32 32 LÅ
1406 797 26 2 —
1484 783 41 20 2:2
1585 784 19 19 3:
1617 786 22 17 10

1115 815 2 33 |
1252 810 2 30 |
1515 815 9 16 7
1616 817 22 16 11

941 860 53 20 1933]
1018 871 27 2 —
1050 856 27 35 |
1080 873 27 2 —|
1134 872 8 1 —1]
1188 860 61 20 51—
1285 865 71 20 4814]
1378 856 19 35 -
1405 864 24 19 41
1472 860 32 20 114:
1515 863 24 16 22
1573 861 67 20 115758

1252 968 1 11 I

942 980 52 20 1934]
1018 991 27 2 —
1051 976 26 33 I
1080 993 27 2 —I
1152 992 8 1 —
1223 980 30 13 SA
1398 976 34 34 SSR
1484 980 39 19 21
1585 981 39 19 2

1115 1012 2 9 I
1252 1012 2 22 |
1517 1012 22 16 10
1617 1014 20 16 11

941 1064 53 20 TO
1079 1074 247 9 Ffa
1401 1062 36 32 SST
1484 1063 41 20 2:2
1584 1064 40 20 31

1515 1095 10 15 8
1616 1096 24 17 14

942 1148 51 19 1935]
1018 1158 27 2 —
1053 1142 23 35 |
1080 1160 26 2 —
1106 1142 18 35 I
1134 1158 22 1 —I
1188 1146 62 20 51—]
1271 1152 27 20 20
1470 1146 33 20 90:
1517 1149 6 16 1
1571 1148 68 19 jAHNDE

943 1237 51 20 1936]
1017 1247 28 2 —
1053 1233 27 34 |
1079 1249 28 2 —]
1133 1247 116 2 —]—]—
1292 1234 34 32 Hu
1413 1234 18 32 er
1484 1236 40 19 2:10
1584 1237 41 19 2:18

1616 1269 23 17 19

942 1320 51 20 198
1017 1331 28 2 —
1080 1331 245 8 The
1404 1318 32 32 253
1484 1319 38 20 Bed
1585 1320 39 20 3:;1

1515 1352 9 15 6
1616 1352 23 17 10

941 1404 53 20 1937]
1018 1416 27 1 —
1050 1398 27 35 |
1080 1416 27 2 —|
1139 1415 22 1 —1
1190 1402 10 20 51
1230 1403 67 24 21-22
1405 1403 117 20 sparka
1570 1404 55 20 Iölee

942 1523 53 20 1938]
1018 1534 28 2 —
1080 1535 27 2 ]—1
1141 1533 108 2 —1—1—
1298 1520 32 32 dc
1397 1519 26 32 Sk
1484 1522 19 19 3:
1506 1518 14 33 2
1584 1522 40 20 3:1

1515 1554 10 16 9
1616 1555 23 16 12

941 1600 53 20 1939]
1018 1612 27 2 —
1051 1596 27 34 |
1080 1613 27 2 —]
1134 1611 26 2 —
1223 1611 27 1 =
1489 1600 14 19 3:
1514 1601 10 17 8
1584 1600 41 20 3:2

1514 1631 11 17 8
1616 1632 23 17 10

941 1677 53 20 1939]
1018 1689 27 2 —
1097 1691 9 1 -|
1138 1689 22 2 —1]
1188 1677 12 19 81]
1222 1689 26 1 —|
1271 1681 26 19 76
1405 1693 27 1 -—;
1470 1676 33 20 KÖ:
1515 1679 23 17 24
1570 1677 69 20 40:12

941 1761 53 20 1939
1017 1773 27 2 —
1052 1757 28 35 1
1079 1774 27 1 —1
1133 1772 107 2 —1—=—
1298 1776 20 2 i
1405 1776 27 2 —
1486 1761 38 19 ken
1587 1761 16 19 1:
1615 1764 10 15 6

956 1791 18 19 U

940 1838 54 20 1939]
1017 1850 27 2 —
1052 1834 27 34 I
1085 1851 15 2 —I
1140 1850 106 2 —I]——
1298 1854 27 1 —
1416 1836 12 32 sc
1517 1839 108 19 10-10

957 1868 17 20 U
1516 1872 19 16 11
1616 1871 22 17 10

940 1916 53 19 1940]
1017 1928 27 2 —
1045 1912 30 33 |
1079 1928 27 2 —|
1140 1928 12 1 —
1230 1927 19 2 —-
1297 1930 29 2 —
1405 1931 27 1 —
1484 1918 40 18 2:3
1584 1917 40 19 20

1514 1950 10 15 6
1616 1948 23 17 14

941 1993 52 19 1940]
1017 2005 27 2 —
1056 1989 22 33 1
1079 2006 27 1 —!
1150 2006 10 1 —1]
1189 1993 52 20 513]
1284 1995 12 19 4
1405 2008 26 1 —
1469 1995 55 19 133:2
1570 1994 33 19 136:
1614 1996 25 16 24
