1838 2348
775 149 223 18 SAKREGISTER

102 446 129 27 Ersättning.

142 476 72 21 avslår
231 476 43 20 RD
292 476 74 21 KM:ts
384 477 160 26 framställning
561 479 35 18 att
613 477 32 20 till
664 477 110 20 Rudstedt
792 477 35 20 må
844 477 26 20 fr.
881 483 18 15 o.
909 483 29 15 m.

142 506 148 26 nyssnämnda
308 506 49 27 dag,
375 507 23 20 så
416 507 62 26 länge
494 506 43 21 han
555 507 101 20 kvarstår
672 507 7 20 i
695 507 70 26 tjänst
781 507 72 20 såsom
869 507 70 21 stads-

142 536 63 27 fogde
220 536 49 20 med
284 536 125 27 skyldighet
423 538 34 19 att
472 537 117 20 verkställa
605 537 206 26 mantalsskrivning
826 537 40 20 och
881 537 59 21 debi-

141 566 71 26 tering
224 572 29 13 av
267 566 120 26 utskylder,
401 566 48 20 från
462 566 110 20 allmänna
585 567 213 26 indragningsstaten
811 567 80 26 årligen
905 568 34 19 ut-

142 595 83 20 betalas
242 595 126 27 ytterligare
384 596 131 26 gottgörelse
532 596 49 20 med
600 596 59 20 1200
675 596 40 24 kr.,
733 596 49 20 med
797 596 141 27 iakttagande

141 630 28 15 av
183 626 35 19 att
231 625 19 26 ej
266 625 66 20 heller
345 625 12 20 å
372 625 61 20 detta
448 625 78 27 belopp
541 625 161 27 dyrtidstillägg
715 626 55 20 skall
783 625 59 27 utgå.

101 686 11 18 6
128 684 42 20 RD
184 684 118 26 medgiver,
315 686 35 18 att
363 685 32 20 till
408 685 133 20 rådmännen
555 685 6 20 i
575 685 122 20 Hedemora
712 685 16 20 I.
742 685 25 20 B.
780 685 24 20 T.
819 686 118 23 Broström,

141 714 28 20 K.
188 714 25 20 E.
230 714 88 27 Trotzig
335 714 39 20 och
392 714 28 20 K.
440 714 15 20 I.
473 715 91 20 Persson
581 716 57 19 samt
654 715 33 20 till
703 715 134 20 rådmännen
853 715 7 20 i
877 715 62 20 Säter

141 743 22 21 C.
178 743 33 21 W.
226 739 72 31 Åberg
311 744 39 20 och
365 744 28 20 K.
408 744 23 20 F.
448 744 107 21 Dahlroth
568 745 36 20 må
617 745 26 20 fr.
653 751 19 14 o.
682 750 29 15 m.
725 744 41 21 den
780 744 49 27 dag,
843 744 28 21 då
884 744 55 21 före-

141 773 66 20 skrift
220 779 35 14 om
269 774 113 20 städernas
396 774 117 20 förenande
527 774 49 20 med
592 774 122 20 Hedemora
728 774 103 27 domsaga
845 774 74 21 träder
932 774 6 21 i

141 803 66 24 kraft,
224 803 47 20 från
287 803 109 21 allmänna
412 804 213 26 indragningsstaten
641 804 69 20 under
725 804 61 20 deras
801 804 137 20 återstående

142 833 73 20 livstid
228 833 109 20 utbetalas
349 833 53 27 årlig
413 834 130 26 gottgörelse
555 834 50 20 med
616 834 41 20 600
668 834 32 20 kr.
712 834 34 20 till
757 840 27 14 en
795 840 40 14 var
846 840 28 14 av
885 834 54 20 Bro-

141 864 75 22 ström,
227 863 88 27 Trotzig
326 863 38 20 och
376 864 91 19 Persson
478 865 57 19 samt
545 864 49 20 med
605 863 41 21 200
656 864 32 20 kr.
699 863 33 21 till
743 870 26 14 en
779 870 40 14 var
828 869 29 15 av
866 859 72 31 Åberg

141 892 40 21 och
195 893 116 23 Dahlroth,
324 893 49 20 med
386 893 142 26 iakttagande
540 899 29 15 av
581 895 34 19 att
627 894 12 20 å
652 893 112 21 förmånen
777 893 161 27 dyrtidstillägg

141 922 46 21 icke
201 922 55 21 skall
271 923 59 26 utgå.

101 984 10 17 7
127 982 42 20 RD
186 982 72 20 avslår
274 982 82 20 motion
373 988 49 21 ang.
439 983 121 26 ersättning
576 983 33 20 för
624 983 102 20 förluster
741 983 7 20 i
764 983 72 24 fisket,
853 983 84 20 vållade

140 1017 78 21 genom
233 1012 114 26 skjutning
362 1013 12 19 å
391 1012 129 27 Karlsborgs
535 1012 222 27 artilleriregementes
772 1012 109 27 skjutfält.

101 1073 11 18 8
126 1071 43 20 RD
190 1072 143 26 bemyndigar
353 1072 63 20 KM:t
435 1073 35 19 att
489 1072 12 20 å
521 1074 83 18 statens
624 1074 83 25 vägnar
726 1072 49 20 med
795 1072 142 27 Jukkasjärvi

140 1101 113 24 kommun,
266 1101 142 26 Jukkasjärvi
420 1101 127 27 församling
559 1102 39 20 och
611 1102 84 20 Kiruna
707 1102 230 26 municipalsamhälle,

141 1130 107 21 Gällivare
267 1131 105 20 kommun
391 1131 40 20 och
450 1131 107 21 Gällivare
576 1132 133 26 församling,
728 1132 145 20 Norrbottens
891 1131 47 21 läns

140 1160 110 27 landsting
263 1162 57 19 samt
332 1161 142 26 Jukkasjärvi
488 1161 39 20 och
541 1161 107 21 Gällivare
660 1161 132 27 vägdistrikt
804 1161 66 21 träffa
883 1161 55 20 visst

140 1190 67 24 avtal;
218 1191 39 19 och
267 1191 110 26 medgiver
386 1191 49 23 RD,
445 1193 35 18 att
488 1191 147 20 kostnaderna
644 1191 34 20 för
687 1191 41 20 den
736 1191 201 26 räntegottgörelse,

140 1226 47 14 som
205 1220 68 26 enligt
290 1220 88 20 avtalen
397 1221 55 20 skall
471 1221 51 25 utgå
541 1221 33 20 till
593 1221 165 23 kommunerna,
777 1221 35 20 må
831 1221 107 20 bestridas

140 1249 47 21 från
196 1249 38 21 det
242 1250 69 20 under
319 1250 32 20 7:e
360 1250 40 20 HT
408 1250 108 27 uppförda
524 1250 190 27 förslagsanslaget
722 1250 33 21 till
763 1252 72 19 staten
844 1250 94 27 åliggan-

140 1279 25 21 de
180 1280 140 20 kommunala
336 1280 39 20 och
390 1280 68 20 andra
473 1280 120 26 utskylder.

100 1341 10 17 9
125 1339 43 20 RD
180 1339 72 20 avslår
263 1340 83 20 motion
359 1346 35 14 om
406 1340 130 26 gottgörelse
548 1346 29 14 av
588 1342 72 18 staten
672 1340 33 20 till
717 1340 93 20 svenska
822 1340 117 26 fordrings-

139 1371 63 25 ägare
213 1369 35 20 för
259 1369 49 21 dem
320 1375 77 21 genom
410 1370 251 20 sanktionsförfarandet
672 1371 47 19 mot
733 1370 76 20 Italien
822 1370 116 20 åsamkade

138 1398 108 21 förluster.

87 1454 23 18 10
125 1452 41 20 Till
186 1453 122 26 ersättning
328 1453 32 20 till
382 1453 215 26 befattningshavare
618 1453 37 20 vid
675 1453 151 20 rådhusrätter
847 1453 39 20 och
906 1453 33 20 till

139 1482 74 20 städer
227 1482 34 20 för
275 1482 94 21 förlorad
384 1483 59 20 lösen
458 1483 6 20 i
480 1483 52 26 följd
548 1489 29 14 av
591 1483 296 26 inteckningsförnyelsernas
902 1489 37 14 av-

139 1512 115 20 skaffande
269 1513 87 19 anvisas
371 1514 33 18 ett
418 1513 75 26 anslag
508 1519 28 14 av
551 1513 90 20 284500
655 1513 32 20 kr.

87 1568 22 17 11
126 1565 42 20 RD
183 1565 117 27 medgiver,
315 1568 35 18 att
363 1566 32 20 till
409 1566 121 27 ersättning
544 1567 24 19 åt
581 1567 20 19 J.
617 1567 23 19 P.
656 1567 103 25 Styrman
773 1567 6 19 i
794 1566 98 27 Karungi
906 1566 33 20 för

139 1595 103 21 förluster
252 1596 7 20 i
271 1596 42 20 anl.
326 1602 28 14 av
365 1596 67 26 inköp
444 1602 28 14 av
483 1596 202 26 besittningsrätter
695 1596 33 20 till
740 1596 198 26 krononybyggena

140 1625 27 26 1/,
180 1625 83 20 mantal
271 1625 99 20 Tärendö
380 1632 24 13 nr
412 1626 26 20 35
447 1626 39 20 och
495 1626 27 26 2/,
530 1626 84 20 mantal
622 1626 128 26 Saittajärvi
758 1632 25 14 nr
792 1625 25 21 10
825 1626 7 20 i
839 1625 99 21 Tärendö

139 1655 78 20 socken
230 1655 35 20 må
277 1661 29 14 av
317 1655 38 20 det
366 1655 6 20 i
384 1655 117 20 riksstaten
513 1656 34 19 för
558 1655 130 27 budgetåret
701 1655 117 27 1935/1936
830 1655 108 26 uppförda

139 1684 190 27 förslagsanslaget
351 1685 33 20 till
406 1685 140 20 oförutsedda
569 1685 91 26 utgifter
681 1685 52 26 utgå
756 1686 32 19 ett
811 1685 78 26 belopp
911 1691 28 14 av

140 1714 25 20 12
173 1714 42 20 050
230 1714 33 20 kr.
279 1715 69 25 jämte
365 1716 70 19 ränta.

100 1794 8 17 1
125 1791 42 20 RD
179 1792 88 20 anvisar
277 1792 33 20 till
321 1792 122 27 ersättning
454 1792 33 20 för
498 1792 57 21 vissa
567 1792 152 21 bötesandelar
729 1793 33 20 ett
773 1792 166 27 förslagsanslag

138 1827 29 14 av
181 1821 63 21 8600
258 1822 32 20 kr.
306 1823 58 19 samt
377 1822 34 20 till
425 1822 122 26 ersättning
560 1822 34 20 till
608 1822 216 26 befattningshavare
839 1822 37 20 vid
890 1822 49 20 råd-

139 1851 111 20 husrätter
263 1852 39 20 och
315 1852 32 20 till
360 1852 73 20 städer
445 1852 33 20 för
490 1852 94 20 förlorad
597 1852 58 20 lösen
668 1852 6 20 i
687 1852 54 26 följd
753 1858 29 14 av
793 1852 146 26 intecknings-

139 1881 158 26 förnyelsernas
312 1882 143 20 avskaffande
470 1883 34 19 ett
517 1882 75 26 anslag
606 1888 28 14 av
649 1881 88 21 284100
751 1882 31 20 kr.

100 1936 10 17 2
126 1934 42 21 RD
184 1935 117 26 medgiver,
317 1937 35 18 att
367 1937 83 18 statens
465 1936 117 26 järnvägar
598 1936 34 20 må
648 1947 27 3 —
690 1937 53 19 utan
759 1935 180 26 återbetalnings-

139 1964 125 27 skyldighet
276 1965 34 20 för
322 1965 169 20 stationskarlen
505 1965 26 20 N.
546 1965 28 21 H.
588 1966 125 20 Pettersson
727 1965 40 20 och
780 1965 157 20 banarbetaren

140 1994 25 21 G.
178 1994 91 21 Persson
280 2006 29 3 —
319 2001 28 14 av
360 1995 123 20 driftmedel
495 1995 63 26 gälda
570 1996 72 19 änkan
656 1995 61 20 Ruth
729 1995 114 26 Hallbergs
855 1995 6 20 i
873 1996 66 19 stats-

138 2024 184 26 rådsprotokollet
334 2025 41 19 den
387 2025 12 20 5
411 2031 58 14 mars
482 2025 52 20 1937
546 2025 94 26 angivna
653 2025 95 23 fordran,
760 2025 41 20 818
812 2025 32 19 kr.
856 2024 27 20 94
895 2026 42 21 öre,

139 2053 38 20 hos
192 2053 142 21 förenämnda
350 2055 37 19 två
402 2060 108 20 personer.

967 307 26 20 År

1018 253 55 18 Kungl.

1021 283 53 18 Maj:ts

1021 317 50 14 prop:r

1029 343 36 14 eller

1021 373 54 14 skriv:r

1087 276 91 16 Motioner

1233 228 96 17 Utskotts-

1222 258 117 20 utlåtanden,

1205 289 95 16 memorial
1313 289 44 16 eller

1216 318 132 17 betänkanden

1403 229 54 16 Riks-

1396 259 69 21 dagens

1406 289 46 16 skri-

1399 319 60 17 velser

1527 248 116 16 Kamrarnas

1514 278 140 20 förhandlingar

1540 307 88 21 (prot.nr)

1089 383 33 16 FK

1140 383 36 17 AK

1197 365 16 57 Saml,

1238 371 17 51 Avd.

1278 384 91 17 Nummer

1386 385 90 17 Nummer

1499 373 66 17 Första
1571 369 24 30 |
1602 374 65 16 Andra

1498 397 69 16 kamm.
1570 393 24 30 |
1599 397 69 17 kamm.

954 472 56 21 1936

958 680 52 20 1936)

956 979 53 20 1936

956 1069 53 20 1936

957 1336 53 21 1936]

957 1450 53 20 1936

958 1564 52 19 1936

957 1790 53 20 1937

956 1933 53 20 1937

1029 681 37 19 166

1028 1069 38 20 179

1029 1790 38 20 1:2

1018 1821 21 20 pt
1052 1821 22 16 32

1023 1845 46 16 —33

1026 1934 38 20 201

1142 1336 40 20 203

1204 980 12 19 6

1204 1564 12 18 6

1261 678 16 35 =)
1287 682 26 20 92

1275 1337 38 20 120

1275 1564 39 20 140

1287 1934 26 20 88

1328 1797 15 13 s.
1347 1789 26 31 16]

1394 1451 40 20 294
1449 1454 30 18 s.4

1422 1791 58 20 2:8.9

1394 1934 40 20 224

1487 683 33 20 30:
1532 685 9 17 7
1587 683 83 20 —-190:-118

1487 981 32 19 31:
1532 983 24 17 20
1587 981 34 21 131:
1632 983 24 18 55
1667 981 14 21 dl

1486 1070 33 20 31:
1531 1072 24 17 20
1587 1070 33 21 130:
1633 1073 37 18 105

1487 1338 32 20 35:
1531 1340 10 17 3
1552 1338 13 20 d
1587 1338 33 21 135:
1632 1340 24 18 52

1487 1451 33 20 135:
1533 1454 21 16 11
1567 1451 54 21 d|35:
1632 1455 23 17 61

1487 1564 33 20 40:
1531 1567 24 17 46
1587 1566 34 19 144:
1633 1568 38 17 144

1487 1934 33 20 125:
1532 1937 23 16 41
1588 1935 33 20 124:
1632 1937 24 17 65
