1841 2359
804 164 135 34 SAKREGISTER
1629 169 44 21 209

319 227 15 2 I

338 227 22 2 |

960 228 34 1 |

1013 236 40 32 NA
1170 231 2 31 |
1234 231 8 41 iz
1395 244 53 17 Riks-

956 263 21 38 SS
1013 266 35 32 Ze
1063 265 1 28 |
1113 291 3 3 i
1170 264 2 26 /
1242 262 80 17 skotte:
1386 270 72 30 dagens
1515 274 118 17 Kamrarnas

960 298 65 25 Köla
1063 291 102 32 |SOMOReR
1206 287 125 42 utlåtanden
1400 287 32 38 sjör
1500 304 146 22 förhandlingar

960 327 17 27 =
1014 324 51 47 ZE]
1170 328 2 24 |
1192 321 48 18 eller
1253 322 98 17 memorial
1393 334 62 18 velser

955 354 98 24 SNR
1392 371 73 2 SR
1517 371 25 2 RE
1561 371 107 2 Bare

960 373 17 38 >
1014 379 35 39 35
1063 380 26 36 lr
1126 399 35 17 AK
1186 381 17 24 2
1282 399 17 16 Rn
1320 376 2 40 |
1342 389 17 19 Zl
1489 376 82 29 Första
1560 372 22 43 |
1590 388 65 17 Andra

1033 420 16 17 =
1064 407 1 33 |
1186 407 17 31 2
1228 418 94 27 SN
1342 410 17 25 &
1396 418 11 9 |"
1422 406 18 33 |
1443 410 17 25 8]
1486 412 70 17 kamm.
1571 435 1 10 |
1587 412 70 18 kamm.

1064 453 2 15 T
1321 453 1 3 -

1117 425 1 9 I

88 452 167 28 Avsöndringar
270 459 26 14 m.
314 459 26 14 m.
1065 480 1 3 |
1321 472 1 13 |
1571 456 1 23 |

132 485 31 19 att
178 483 81 20 kronan
276 483 124 26 härigenom
416 483 164 20 tillkommande
596 482 209 28 försäljningsmedel
818 483 42 24 må,
872 483 53 20 efter
940 483 55 20 [1928
1321 486 1 17 I
1571 480 2 27 |

132 513 78 26 avdrag
232 513 32 20 för
287 513 287 26 försäljningskostnaderna,
597 512 146 26 tillgodoföras
766 512 159 21 lantförsvarets
1571 517 2 29 |

132 543 53 21 fond
200 543 33 20 för
249 543 121 26 byggnader
386 543 39 20 och
442 542 66 21 andra
523 542 200 21 försvarsändamål.

1118 675 1 12 I

103 615 62 20 Inom
183 613 129 22 Stockholms
328 614 55 20 stad:

90 650 6 14 1
116 645 38 19 RD
173 644 123 26 godkänner
316 644 37 20 det
373 644 6 19 i
401 644 231 26 statsrådsprotokollet
654 646 49 18 över
720 644 205 20 kommunikations-
940 643 56 23 1929]
1019 645 27 19 50

132 674 94 20 ärenden
242 674 40 20 den
301 674 9 19 1
328 674 53 20 febr.
400 673 55 20 1929
472 674 88 26 intagna
575 674 57 20 avtal
648 681 47 19 ang.
712 674 127 26 försäljning
854 681 26 13 av
896 675 30 19 ett
1016 679 34 22 p.3

130 704 88 26 jämlikt
234 703 230 27 byggnadsnämndens
480 704 7 20 i
503 704 125 20 Stockholm
644 704 71 20 beslut
730 703 41 21 den
788 703 12 20 6
812 704 43 20 okt.
869 703 56 21 1920

131 734 47 20 från
194 735 82 18 tomten
291 740 25 13 nr
328 733 27 20 14
367 733 6 20 i
385 733 106 21 kvarteret
501 734 107 26 Norrtälje
618 734 34 20 för
661 733 125 26 utläggning
796 733 34 20 till
840 733 85 21 Rimbo-
1118 736 1 14 I

131 765 64 24 gatan
211 763 111 26 avstyckat
338 763 96 24 område;
451 764 40 20 och
507 764 94 20 besluter
616 764 45 24 RD,
677 765 32 19 att
724 763 26 21 de
766 763 76 25 medel,
856 770 46 14 som
918 764 7 19 i
1118 764 2 28 t

130 793 43 20 anl.
190 800 26 13 av
232 793 107 20 områdets
355 793 120 27 upplåtelse
490 793 82 27 inflyta,
592 793 61 21 skola
671 793 123 26 disponeras
809 793 7 20 i
832 793 94 26 enlighet
1118 794 2 32 |

130 823 51 20 med
196 823 26 20 de
238 823 8 20 i
262 822 95 21 nämnda
372 823 209 27 statsrådsprotokoll
597 824 93 25 angivna
705 823 97 26 grunder.
1118 842 2 14 |

1483 645 33 21 21:
1528 651 38 16 103]
1584 647 33 20 28:
1630 652 37 15 115

1440 656 28 6 so

1192 645 13 20 6|
1236 650 8 15 1)
1282 645 28 20 421
1357 643 68 33 s|103

100 889 62 20 Inom
185 887 97 28 Uppsala
297 888 44 20 län:
1118 891 2 13 |

88 924 9 14 2
116 919 37 19 RD
172 918 115 26 medgiver,
307 920 32 19 att
357 920 31 19 ett
405 919 12 20 å
432 925 26 14 en
477 919 7 20 i
504 919 231 26 statsrådsprotokollet
753 919 90 26 angiven
862 919 64 26 kopia!
964 927 8 10 »
980 914 28 35 |
1020 919 26 20 62
1178 919 27 21 10
1283 920 27 21 25
1384 920 41 21 192
1483 920 33 21 21:
1529 926 38 16 103]
1585 921 33 21 28:
1630 926 38 16 110

131 955 26 14 av
175 949 80 19 »Karta
270 950 50 19 över
333 949 112 20 nordöstra
456 948 62 21 delen
529 956 26 13 av
566 949 112 26 Upplands
694 949 232 26 infanteriregementes

131 978 143 26 övningsfält»
294 978 49 20 med
360 978 141 21 bokstäverna
516 979 114 20 A—B—0C
647 979 112 20 betecknat
777 978 149 21 markområde

132 1008 129 20 tillhörande
280 1008 149 26 kronoparken
448 1004 58 25 Åsen
522 1008 60 21 invid
600 1008 96 27 Uppsala
715 1009 42 24 må,
777 1008 33 21 till
831 1009 41 20 den
891 1009 35 20 del

131 1038 122 20 detsamma
268 1039 23 19 är
307 1038 84 26 beläget
406 1038 61 20 söder
483 1045 35 13 om
535 1045 26 13 en
577 1039 12 19 å
605 1045 83 14 samma
700 1038 61 21 karta
772 1038 50 21 med
832 1038 38 21 röd
880 1039 46 26 färg

131 1068 91 25 angiven
239 1068 211 26 begränsningslinje,
467 1068 25 20 fr.
509 1075 18 13 o.
545 1075 28 13 m.
589 1068 41 20 den
648 1068 10 20 1
675 1068 41 27 juli
733 1068 56 20 1929
803 1068 123 27 överflyttas

131 1098 47 19 från
194 1097 195 26 domänstyrelsens
405 1098 34 20 till
454 1098 159 20 lantförsvarets
628 1098 136 26 förvaltning.

89 1168 9 15 3
117 1163 37 20 RD
170 1163 115 26 medgiver,
302 1164 37 23 att,
356 1163 66 20 sedan
437 1163 200 26 kronoegendomen
654 1161 49 30 12/,
720 1164 82 20 mantal
814 1159 112 25 Ålbrunna|
964 1172 8 10 >»
982 1155 26 40 |
1020 1164 28 20 94
1179 1164 26 20 10
1284 1164 23 21 36
1322 1146 1 38 |
1359 1165 68 21 11154
1484 1165 33 21 21:
1530 1171 38 15 1041]
1586 1166 32 20 28:
1631 1171 38 16 123

131 1200 26 13 nr
174 1193 10 20 1
202 1193 7 20 i
225 1193 65 20 Lossa
306 1193 78 20 socken
403 1193 62 20 blivit
483 1193 109 27 uppdelad
607 1194 8 19 i
630 1194 37 20 två
685 1193 68 25 lotter,
773 1194 108 25 nämligen
900 1200 26 14 en
1017 1199 32 22 DÅ

131 1223 41 20 lott
187 1222 132 21 omfattande
335 1223 143 25 egendomens
493 1223 150 26 inägoområde
659 1223 50 20 med
724 1223 111 26 undantag
845 1230 26 14 av
882 1224 43 27 Sjö-
1256 1236 2 17 |

131 1252 181 27 herrgårdsängen
328 1253 40 20 och
384 1253 50 20 med
450 1253 74 26 tillägg
534 1260 26 13 av
570 1253 8 20 i
589 1253 232 26 statsrådsprotokollet
836 1254 90 26 angiven
1256 1254 2 17 I

132 1282 125 26 skogsmark
273 1282 39 21 och
329 1282 41 20 den
386 1282 67 21 andra
468 1283 67 20 lotten
549 1283 132 20 omfattande
692 1283 131 26 egendomen
833 1284 8 20 i
851 1284 75 25 övrigt,

132 1312 149 20 förstnämnda
297 1312 40 21 lott
353 1313 35 20 må
404 1313 12 20 å
431 1313 97 26 offentlig
544 1313 88 20 auktion
648 1313 34 20 till
698 1313 40 20 den
754 1313 172 27 högstbjudande

130 1342 104 27 försäljas.

88 1412 9 15 4
116 1408 37 19 RD
169 1408 116 26 medgiver,
302 1410 31 18 att
343 1415 26 13 av
380 1408 82 20 Ultuna
472 1409 103 25 egendom
586 1409 8 20 i
605 1409 95 26 Uppsala
710 1409 35 20 län
756 1410 36 19 må
802 1409 125 26 avgiftsfritt
930 1404 14 35 |
965 1416 8 11 »
1014 1409 41 21 |176
1119 1400 2 28 |
1179 1409 26 21 10
1284 1410 27 20 63
1308 1406 14 35 |
1384 1410 42 21 206
1492 1410 54 21 29:5
1579 1411 33 20 136:
1623 1412 48 20 110d

131 1438 39 19 och
186 1438 8 19 i
210 1438 68 25 övrigt
294 1439 27 25 på
332 1437 78 21 villkor
420 1438 62 21 KM:t
492 1439 36 20 må
539 1439 58 20 finna
607 1438 47 20 skäl
664 1439 117 20 föreskriva
791 1439 33 20 till
836 1439 91 20 svenska

132 1468 65 20 betes-
214 1468 39 19 och
269 1467 170 27 vallföreningen
455 1468 101 27 upplåtas
572 1470 30 19 ett
617 1468 7 20 i
640 1468 233 27 statsrådsprotokollet
883 1476 42 13 om-

131 1497 89 20 förmält
235 1497 87 21 område
338 1504 34 13 om
390 1498 59 20 cirka
465 1498 33 21 0.5
516 1498 82 20 hektar.

101 1562 62 20 Inom
181 1561 183 22 Södermanlands
374 1563 45 20 län:

88 1597 9 15 5
116 1592 37 20 RD
174 1592 109 26 medgiver
298 1593 120 26 upplåtelse
434 1599 26 14 av
476 1593 200 26 kronoegendomen
691 1593 80 21 Harsta
786 1600 25 13 nr
828 1593 10 20 1
856 1594 40 20 och
912 1594 12 19 2!
964 1601 8 11 >
979 1588 28 36 |
1020 1594 27 20 94
1180 1594 25 20 10
1283 1584 40 31 36
1313 1580 12 46 |
1359 1595 67 21 11154
1484 1595 33 20 21:
1529 1600 38 16 104/
1585 1596 33 20 28:
1630 1601 39 16 123

131 1628 35 14 om
184 1622 11 20 1
212 1622 82 21 mantal
310 1623 8 19 i
334 1623 116 26 Tystberga
466 1623 84 20 socken.
1016 1629 33 22 p.2

88 1687 9 14 6
115 1681 38 20 RD
172 1681 115 26 medgiver,
307 1684 32 18 att
357 1688 26 14 av
402 1682 200 26 kronoegendomen
619 1682 10 20 1
647 1683 81 20 mantal
747 1683 80 26 Björka
845 1689 25 14 nr
889 1682 11 21 1
917 1683 7 20 i|
963 1690 8 11 »
1011 1684 42 20 1225
1178 1683 26 21 10
1284 1684 27 20 64!
1358 1684 67 21 31283
1491 1684 55 21 29::5-1
1586 1685 82 21 305111

131 1711 115 26 Stigtomta
262 1712 78 20 socken
356 1712 36 20 må
408 1712 98 27 försäljas
522 1712 45 20 dels
583 1712 68 20 lotten
667 1712 10 20 I
693 1712 51 21 eller
759 1712 63 21 dets.
833 1713 21 20 k.
866 1713 58 20 hem-
1016 1719 32 22 Pol

87 1805 9 16 7
114 1801 38 20 RD
171 1801 116 26 medgiver,
307 1801 101 26 antingen
428 1803 32 19 att
475 1801 41 21 den
532 1802 28 26 på
575 1803 31 19 ett
624 1802 87 20 arrende
734 1802 106 26 upplåtna
862 1802 62 21 delen|
963 1810 8 10 »
1011 1803 41 20 1225
1177 1803 26 20 10
1284 1804 28 20 64!
1359 1809 9 15 3

130 1837 35 14 om
185 1831 64 20 56.07
270 1831 76 20 hektar
361 1838 26 14 av
405 1831 200 26 kronoegendomen
625 1832 11 20 1
656 1832 83 20 mantal
758 1832 67 27 Sörby
844 1839 25 13 nr
889 1832 11 20 1
903 1827 14 37 i
1015 1838 34 22 p.2

129 1860 62 20 Tuna
214 1861 77 20 socken
317 1861 50 20 med
388 1861 75 26 tillägg
481 1868 27 14 av
527 1862 24 20 så
569 1863 53 19 stort
640 1861 86 21 område
745 1868 26 14 av
790 1862 41 20 den
847 1862 34 20 del
898 1869 26 13 av

130 1890 138 26 egendomen,
285 1897 46 14 som
348 1897 29 14 nu
394 1891 126 20 sambrukas
536 1891 49 20 med
602 1891 68 27 Sörby
685 1892 127 26 kronopark,
828 1893 31 19 att
869 1892 54 27 jord-

130 1920 171 26 delningslagens
318 1921 161 20 bestämmelser
495 1921 50 20 med
560 1921 85 27 hänsyn
660 1921 33 20 till
713 1922 211 26 skogstilldelningen

130 1950 74 20 kunna
219 1956 62 15 anses
297 1957 51 13 vara
363 1950 123 27 uppfyllda,
502 1952 36 19 må
553 1951 99 26 försäljas
668 1951 33 20 till
717 1952 123 20 nuvarande
857 1958 67 14 arren-

129 1979 77 21 datorn
216 1980 24 20 E.
253 1981 24 19 A.
290 1980 123 20 Andersson
424 1981 33 20 för
470 1987 27 13 en
512 1981 144 26 köpeskilling
671 1988 26 13 av
713 1981 28 20 39
751 1981 42 20 600
809 1981 31 20 kr.
856 1982 68 26 jämte
1321 1972 2 33 |
1377 2007 1 3 |

129 2009 37 21 det
182 2009 84 28 belopp,
283 2010 70 21 vartill
369 2010 184 27 domänstyrelsen
569 2011 36 20 må
622 2011 107 20 fastställa
742 2011 74 21 värdet
827 2018 25 13 av
863 2011 61 20 mark
1377 2012 1 15 |

130 2039 39 20 och
188 2039 53 26 skog
256 2041 12 19 å
284 2040 36 20 det
338 2040 94 24 område,
451 2046 46 14 som
517 2040 66 26 enligt
601 2040 42 20 vad
662 2040 91 21 sålunda
772 2041 91 26 angivits
882 2041 42 20 kan
1377 2030 2 45 |

129 2069 88 20 komma
233 2072 31 18 att
280 2069 97 27 tilläggas
394 2070 206 26 försäljningslotten
616 2077 26 13 av
656 2070 68 26 Sörby
734 2070 127 27 kronopark,
873 2071 52 20 eller
1153 2073 2 2 a
1243 2087 3 3 a
1377 2078 2 21 |

1377 1619 2 12 |

1377 1654 2 28 |

130 1741 120 26 ägoskiftet,
267 1741 46 20 dels
329 1742 39 20 ock
385 1741 67 21 lotten
468 1742 22 20 II
506 1742 52 20 eller
573 1742 36 21 det
625 1749 15 13 s.
657 1742 21 20 k.
694 1742 162 26 kohagsskiftet.
1378 1744 1 9 |

1378 1755 48 75 kö
1492 1804 54 21 29:85
1585 1804 34 21 186:
1632 1810 36 15 111

1378 1884 1 24 |

1378 1910 1 10 |

1378 1934 1 10 |

62 2122 28 17 27.
106 2124 90 18 Sakregister
206 2124 11 15 I.
