1803 2330
139 70 39 19 270
828 70 223 20 SAKREGISTER

1113 185 53 21 Prop.

1200 161 88 18 Motioner

1354 162 70 17 Utskott

1473 174 57 17 Skriv.

1590 162 91 17 Protokoll

1196 215 30 17 FK

1260 216 31 16 AK

1314 214 86 19 SmllAvd|
1424 216 27 17 Nr

1571 216 29 17 FK

1669 217 32 16 AK

156 285 283 25 FARTYGSTUNNLAR;
458 292 24 15 se
491 286 207 26 Fortifikatoriska
706 285 175 25 anläggningar.

157 333 73 20 FAST
242 333 150 21 EGENDOM.

203 363 40 20 RD
256 364 96 24 antager
364 363 36 20 för
412 363 36 20 sin
460 364 36 20 del
509 364 36 25 lag
557 368 51 21 ang.
620 363 100 26 ändring
731 364 6 20 i
750 363 66 25 lagen
828 363 44 20 den
885 362 27 21 14
922 362 53 25 juni
988 361 54 22 1907

206 393 40 23 (nr
258 393 27 20 36
298 399 17 14 s.
329 393 22 23 1)
367 399 38 14 om
417 393 172 25 nyttjanderätt
600 393 35 21 till
648 393 47 21 fast
706 393 122 26 egendom;
841 393 43 20 och
896 393 96 24 antager
1003 392 39 20 RD

204 423 36 25 lag
252 428 51 20 ang.
314 423 81 25 tillägg
405 423 35 20 till
452 423 66 25 lagen
529 423 44 21 den
585 423 27 20 14
621 423 53 25 juni
687 423 54 20 1907
756 423 39 23 (nr
806 423 27 20 36
844 429 18 14 s.
872 422 39 24 25)
925 428 39 14 om
974 422 69 21 servi-

203 453 43 23 tut,
261 453 37 25 lag
311 458 52 20 ang.
377 453 89 20 ändrad
480 453 87 25 lydelse
580 459 28 14 av
621 453 27 20 36
663 453 10 23 8
688 453 66 25 lagen
768 452 44 21 den
825 452 27 21 22
865 452 53 25 juni
932 451 55 21 1920
1004 452 39 24 (nr

203 482 53 24 474)
275 483 52 20 med
341 482 62 21 vissa
417 482 176 21 bestämmelser
607 488 38 15 om
659 482 149 26 registrering
822 488 28 14 av
863 482 127 20 elektriska
1004 488 39 14 an-

203 512 137 25 läggningar
351 513 60 20 samt
422 518 38 14 om
471 513 46 19 rätt
527 512 35 20 till
573 512 112 21 elektrisk
696 512 63 21 kraft
770 518 30 14 m.
811 518 37 18 m.,
859 512 37 25 lag
906 517 38 15 om
954 511 88 21 ändrad

203 542 87 24 lydelse
304 548 28 14 av
347 542 25 20 17
387 542 53 25 kap.
454 542 13 20 6
482 542 10 23 8
507 542 192 23 handelsbalken,
712 542 37 25 lag
762 548 38 14 om
813 541 89 21 ändrad
916 541 87 26 lydelse
1016 547 27 15 av

204 571 13 20 4
229 571 10 23 $
252 572 67 25 lagen
330 572 44 20 den
385 571 29 21 24
424 572 47 24 maj
485 572 55 20 1895
555 572 40 23 (nr
605 572 28 20 36
644 578 17 14 s.
674 572 22 24 1)
711 577 51 20 ang.
773 572 44 20 vad
828 571 35 21 till
874 571 47 21 fast
931 571 112 25 egendom

204 601 26 20 är
244 602 35 19 att
293 601 107 24 hänföra,
416 602 36 24 lag
466 606 51 20 ang.
532 601 80 26 tillägg
626 601 35 21 till
676 601 66 25 lagen
757 601 44 20 den
816 601 28 21 30
858 602 58 24 sept.
931 601 57 21 1904
1005 600 38 24 (nr

204 631 27 20 48
244 637 18 14 s.
276 631 23 24 1)
315 637 38 14 om
366 631 195 25 samäganderätt,
574 631 37 25 lag
623 636 51 20 ang.
687 631 99 25 ändring
797 631 8 20 i
817 631 66 25 lagen
896 631 44 20 den
953 631 27 20 14
991 630 51 26 juni

205 660 55 21 1907
275 661 39 23 (nr
325 660 27 21 36
363 667 18 14 s.
392 661 38 23 27)
445 667 38 14 om
493 661 148 25 inskrivning
651 667 28 14 av
690 661 107 20 tomträtt
807 661 43 20 och
860 660 182 21 vattenfallsrätt

204 691 61 19 samt
280 696 28 14 av
324 690 56 25 fång
394 690 35 20 till
445 690 72 21 sådan
533 691 53 22 rätt,
602 690 37 26 lag
653 696 38 14 om
706 690 136 25 inteckning
856 691 7 19 i
879 691 107 20 tomträtt
1000 690 42 20 och

204 720 189 24 vattenfallsrätt,
407 720 37 25 lag
456 726 37 14 om
506 720 89 20 ändrad
608 720 86 25 lydelse
706 726 29 14 av
747 720 66 25 lagen
826 720 44 20 den
884 720 26 20 15
922 720 52 25 juni
988 720 55 20 1934

207 750 39 23 (nr
261 750 53 24 255)
333 755 52 20 ang.
401 749 141 26 anteckning
556 756 38 13 om
609 750 101 20 innehav
725 756 28 14 av
768 749 232 26 fordringshandling
1015 749 28 26 på

203 780 76 24 grund
292 785 71 14 varav
375 779 135 25 inteckning
523 779 109 25 beviljats
644 780 7 19 i
664 779 47 21 fast
723 779 112 25 egendom
848 785 30 14 m.
891 785 30 14 m.
934 781 61 19 samt
1007 779 37 25 lag

204 815 38 14 om
254 809 89 20 ändrad
356 809 86 25 lydelse
454 815 27 14 av
495 809 25 21 16
534 809 9 23 $
557 809 167 25 förordningen
736 809 44 20 den
793 809 26 21 16
830 809 52 25 juni
895 809 55 20 1875
966 809 39 23 (nr
1016 809 27 20 42

204 845 17 14 s.
237 839 26 20 12
278 844 51 20 ang.
343 839 136 25 inteckning
492 839 7 20 i
514 838 47 21 fast
574 839 112 25 egendom
703 839 170 25 (ändringarna
887 845 53 14 avse
953 844 31 20 ny
998 839 46 25 lag-

203 868 110 26 stiftning
322 875 38 14 om
370 869 107 20 tomträtt
487 874 29 15 m.
527 869 52 23 m.).

176 922 7 14 1
203 916 39 21 RD
258 916 77 21 avslår
350 917 114 20 motioner
478 922 39 14 om
531 916 149 25 förkortning
695 923 27 14 av
737 916 160 21 maximitiden
912 916 37 20 för
963 916 81 25 upplå-

202 946 58 21 telse
271 952 28 14 av
309 946 281 25 skogsavverkningsrätt.

176 981 9 15 2
204 976 39 20 RD
260 977 96 24 antager
371 976 37 25 lag
423 981 51 20 ang.
490 976 89 20 ändrad
596 976 86 25 lydelse
697 982 28 14 av
741 976 26 20 18
784 976 10 23 $
811 976 66 25 lagen
893 976 43 20 den
952 976 27 20 30
995 975 46 25 maj

205 1006 55 20 1916
276 1006 39 22 (nr
328 1005 52 24 156)
395 1012 38 13 om
444 1006 61 19 vissa
516 1005 200 25 inskränkningar
727 1006 7 20 i
746 1006 76 20 rätten
833 1006 34 20 att
878 1005 108 21 förvärva
997 1005 46 20 fast

203 1035 112 25 egendom
325 1035 55 20 eller
389 1040 72 20 gruva
471 1035 55 20 eller
535 1034 75 21 aktier
619 1035 7 20 i
636 1034 62 21 vissa
707 1034 74 25 bolag.

176 1088 7 13 1
203 1082 39 20 RD
256 1081 77 21 avslår
345 1082 115 20 motioner
472 1088 38 14 om
522 1082 84 25 vidgad
619 1082 46 20 rätt
678 1082 36 20 för
726 1081 272 26 nyttjanderättshavare
1010 1083 32 19 att

202 1112 76 20 inlösa
287 1112 75 20 under
372 1111 172 25 nyttjanderätt
553 1111 106 25 upplåtet
668 1111 102 21 område.

174 1146 10 15 2
203 1141 39 20 RD
253 1141 77 20 avslår
339 1141 89 20 motion
437 1147 38 14 om
484 1141 47 20 viss
541 1141 99 25 ändring
649 1141 8 20 i
668 1141 26 20 18
705 1141 10 23 $
726 1141 66 25 lagen
801 1147 38 14 om
848 1141 63 20 vissa
920 1141 124 20 inskränk-

203 1171 84 25 ningar
298 1171 8 19 i
317 1171 77 20 rätten
405 1171 35 20 att
451 1170 108 20 förvärva
571 1170 47 21 fast
629 1170 112 25 egendom
753 1171 55 20 eller
819 1176 72 20 gruva
903 1171 55 20 eller
969 1170 75 21 aktier

202 1200 7 20 i
218 1200 63 20 vissa
290 1200 74 25 bolag.

203 1230 39 20 RD
258 1230 143 23 hemställer,
416 1230 35 20 att
465 1229 265 26 nyttjanderättslagens
746 1230 73 25 regler
834 1236 38 14 om
888 1229 156 26 lägenhetsar-

203 1259 71 21 rende
289 1259 8 20 i
314 1259 106 25 lämpligt
436 1259 171 25 sammanhang
622 1260 66 24 göres
704 1259 35 20 till
756 1259 97 21 föremål
870 1259 37 21 för
923 1260 98 25 översyn
1037 1259 6 20 i

203 1289 61 25 syfte
274 1290 34 19 att
318 1289 45 20 öka
373 1289 166 20 arrendatorns
549 1289 74 25 skydd
633 1290 49 19 mot
691 1289 154 25 uppsägning.

204 1336 39 21 RD
258 1336 77 21 avslår
348 1336 114 21 motioner
476 1341 52 20 ang.
542 1336 101 20 kontroll
657 1342 28 14 av
697 1336 53 25 jord
763 1336 44 21 och
820 1336 165 25 skogsförvärv
998 1342 46 14 me-

203 1366 59 20 delst
271 1366 73 25 inköp
354 1372 28 14 av
391 1366 148 25 aktieposter.

176 1419 7 14 1
203 1413 39 21 RD
252 1413 78 21 avslår
339 1413 88 21 motion
436 1419 38 15 om
483 1413 47 20 viss
540 1413 99 25 ändring
648 1420 28 13 av
687 1413 8 20 1
709 1413 10 23 $
729 1413 174 26 ensittarlagen.

175 1466 10 15 2
204 1461 39 20 RD
259 1462 96 24 antager
370 1461 37 25 lag
421 1466 38 14 om
474 1461 99 25 ändring
587 1461 7 19 i
610 1460 65 25 lagen
691 1460 44 21 den
750 1460 27 21 18
790 1460 53 25 juni
860 1460 55 21 1925
933 1460 40 23 (nr
987 1460 53 24 219)

204 1496 52 19 ang.
270 1490 85 20 förbud
369 1490 7 20 i
390 1490 62 20 vissa
466 1490 41 20 fall
522 1490 37 20 för
572 1490 74 25 bolag,
661 1489 107 26 förening
781 1490 43 20 och
838 1489 99 21 stiftelse
951 1491 34 19 att
999 1490 45 20 för-

203 1520 71 20 värva
287 1520 47 20 fast
347 1520 111 25 egendom
471 1521 61 19 samt
544 1520 37 24 lag
593 1524 51 20 ang.
657 1519 89 20 ändrad
759 1520 86 25 lydelse
857 1526 29 14 av
898 1520 9 20 1
921 1520 44 20 och
979 1520 25 20 12
1018 1519 24 24 88

204 1550 66 24 lagen
282 1550 45 19 den
339 1549 12 21 3
362 1549 52 25 juni
427 1549 55 20 1955
497 1549 39 23 (nr
547 1549 54 24 272)
615 1555 38 14 om
664 1549 173 25 inskränkning
848 1549 7 20 i
866 1549 76 21 rätten
953 1550 34 20 att
999 1549 45 20 för-

202 1579 72 20 värva
285 1578 241 26 jordbruksfastighet
541 1578 262 25 (jordförvärvslagen).

203 1609 28 20 Se
245 1609 44 20 ock
302 1608 138 24 Ersättning
456 1608 91 24 (1954),
560 1608 162 20 Fiskeriväsen
740 1608 79 24 (1957:
831 1609 48 23 28),
894 1608 150 26 Uppskjutna

203 1638 102 20 ärenden
320 1638 79 23 (1954:
412 1638 32 24 7).

158 1685 94 21 FASTA
262 1685 163 24 BRÄNSLEN;
445 1691 24 14 :se
480 1685 104 20 Bränsle.

156 1735 336 23 FASTIGHETSAVGIFTER,
508 1734 79 25 Äldre;
611 1741 24 14 se
648 1734 202 26 Interpellationer
868 1735 78 23 (1955:
958 1740 18 19 38,

204 1765 67 20 1958:
283 1765 33 24 4).

157 1814 394 24 FASTIGHETSBESKATTNING;
584 1820 25 15 se
631 1814 202 25 Interpellationer
861 1814 124 24 (1951:40,
996 1814 48 24 55),

201 1844 161 21 Skatteväsen.

157 1893 320 25 FASTIGHETSBESTAND,
498 1900 50 14 som
564 1894 85 20 skadas
663 1899 82 20 genom
760 1894 161 26 vägbyggnad;
937 1900 24 15 se
975 1895 69 20 Lant-

204 1923 155 21 mäteriväsen
375 1923 139 24 (1954:17).

157 1973 326 21 FASTIGHETSBILDNING.

204 2003 39 20 RD
258 2003 96 25 antager
369 2003 36 25 lag
419 2008 51 20 ang.
485 2003 99 25 ändring
597 2003 7 20 i
619 2003 65 25 lagen
698 2003 44 20 den
758 2003 25 21 12
798 2003 47 25 maj
862 2003 55 21 1917
934 2003 40 24 (nr
987 2003 53 24 269)

203 2038 39 14 om
254 2032 230 25 fastighetsbildning
495 2032 7 20 i
513 2033 59 23 stad,
584 2033 37 24 lag
631 2038 51 19 ang.
694 2033 89 20 ändrad
795 2033 86 25 lydelse
891 2039 29 14 av
931 2033 9 20 1
955 2033 10 23 8
978 2033 65 25 lagen

204 2062 44 20 den
261 2062 28 20 25
303 2062 59 24 april
377 2062 55 20 1930
448 2062 39 23 (nr
500 2062 38 24 99)
555 2068 38 14 om
606 2062 94 25 delning
712 2068 28 14 av
752 2062 111 25 fastighet
875 2063 38 20 vid
926 2063 99 25 ändring
1037 2062 7 20 i

205 2091 72 20 rikets
288 2091 121 26 indelning
421 2097 29 14 m.
462 2098 30 13 m.
504 2093 61 19 samt
576 2092 37 25 lag
624 2097 51 20 ang.
687 2092 99 25 ändring
796 2092 7 20 i
815 2092 66 25 lagen
893 2092 44 21 den
948 2092 27 21 27
987 2092 57 20 febr.

1066 363 30 22 53

1067 919 30 22 54

1067 978 30 22 54]

1067 1085 30 22 55]

1067 1144 30 22 55)

1067 1233 30 22 55)

1067 1340 30 22 57)

1068 1418 29 21 60

1068 1465 29 22 60

1067 2004 30 22 54

1119 365 41 21 177

1118 980 44 21 206

1120 1467 41 20 122

1135 2006 26 20 15

1188 366 42 20 451

1189 921 43 21 350

1189 1087 43 21 365

1190 1235 42 20 165

1204 1341 28 21 52

1254 366 41 20 561

1254 920 44 21 463

1254 1086 43 20 444

1254 1145 44 21 438

1254 1235 44 20 206

1269 1341 29 21 58

1254 1418 44 21 568

1429 1467 28 21 27

1480 366 43 21 322

1480 980 43 20 278

1480 1235 43 20 375

1480 1467 43 21 265

1495 2006 28 22 74

1538 362 36 37 23:
1589 371 11 16 4
1616 366 15 21 d

1540 921 34 20 18:
1589 925 21 16 51

1538 1235 36 21 29:
1590 1240 21 16 51

1553 1342 21 21 9:
1589 1346 23 16 95

1540 1419 91 21 16:117d

1540 1467 90 21 17:169d

1639 367 35 21 23:
1690 366 42 21 88d

1640 920 34 21 18:
1689 924 23 16 38

1640 980 72 20 19:102

1654 1086 21 20 8:
1689 1085 43 21 33d|

1654 1145 21 21 8:
1690 1150 22 15 36

1639 1235 36 20 29:
1691 1239 21 16 76

1654 1341 78 21 9:130d]

1640 1419 91 20 16:208d

1640 1467 72 20 17:280

1653 2007 21 20 5:
1689 2011 23 16 22
