1849 2363
174 82 43 20 324

191 260 208 27 Folkpensionering.

192 296 136 26 betalningar
343 296 35 20 må
394 296 21 20 få
431 298 62 24 tagas
508 296 7 20 i
530 296 94 26 anspråk
640 296 33 20 för
688 296 139 20 bestridande
843 302 27 14 av
886 296 147 19 kostnaderna
1048 295 33 20 för

192 326 137 26 postverkets
343 326 75 26 bestyr
430 326 50 20 med
494 326 138 26 utbetalning
645 332 27 14 av
687 326 125 26 ytterligare
826 325 161 27 dyrtidstillägg
1001 326 12 19 å
1027 325 54 20 folk-

192 356 113 26 pensioner
319 356 40 19 och
373 356 209 20 invalidunderstöd.

220 397 18 20 1.
254 397 41 20 Till
312 397 76 26 bidrag
405 397 32 20 till
455 397 160 26 folkpensioner
632 397 39 20 och
689 397 202 20 invalidunderstöd
909 403 28 14 m.
947 403 29 14 m.
994 396 87 21 anvisas

193 427 38 20 133
240 427 41 20 000
289 427 42 20 000
343 427 32 20 kr.
389 427 33 26 (f).

219 458 19 19 2.
254 457 41 20 Till
306 457 132 26 barnbidrag
449 457 87 20 anvisas
549 457 25 20 10
583 457 40 20 500
632 456 41 21 000
684 457 32 20 kr.
729 457 32 26 (f).

218 517 20 20 3.
254 517 41 20 Till
308 517 102 26 åtgärder
423 516 33 21 till
470 516 160 27 förebyggande
645 516 40 20 och
699 517 100 19 hävande
813 522 28 14 av
856 516 125 20 invaliditet
994 515 87 21 anvisas

190 547 13 20 3
212 547 41 20 550
261 546 42 21 000
313 547 32 20 kr.
358 547 34 26 (r).

218 576 20 21 4,
254 576 41 21 Till
307 576 121 26 ersättning
440 576 33 20 till
485 576 193 21 häradsskrivarna
691 576 33 20 för
736 576 346 26 pensionsavgiftsförteckningar

191 606 87 20 anvisas
291 607 39 19 110
338 606 42 20 000
390 606 32 20 kr.
435 606 33 27 (f).

219 636 19 20 5.
255 636 42 20 RD
310 638 91 24 antager
413 636 80 26 förslag
505 635 33 21 till
551 636 34 26 lag
598 642 34 13 om
647 635 160 27 dyrtidstillägg
820 635 69 20 under
901 635 67 20 första
982 634 99 21 halvåret

192 666 53 20 1942
253 666 13 20 å
274 666 166 26 folkpensioner,
449 666 203 20 invalidunderstöd
661 666 39 19 och
710 666 131 25 barnbidrag
850 667 58 18 samt
915 665 33 20 till
956 665 126 25 förordning

191 702 35 14 om
237 696 161 26 dyrtidstillägg
409 696 69 20 under
488 696 68 19 första
567 696 99 19 halvåret
679 695 52 20 1942
742 696 12 19 å
766 695 263 25 blindhetsersättningar;
1041 695 40 19 och

190 726 111 26 medgiver
316 726 49 23 RD,
381 727 35 19 att
430 726 26 19 de
471 726 33 20 för
518 725 130 26 budgetåret
664 725 90 26 1941/42
768 725 104 20 anvisade
887 724 193 27 förslagsanslagen

190 755 33 20 till
236 756 76 26 bidrag
324 756 33 19 till
369 755 160 26 folkpensioner
541 755 40 20 och
593 755 203 20 invalidunderstöd
808 761 29 14 m.
847 761 37 17 m.,
897 754 132 26 barnbidrag
1042 754 38 20 och

190 786 122 26 ersättning
328 786 24 19 åt
368 785 74 20 blinda
459 791 67 14 m.m.
544 785 36 20 må
596 785 22 20 få
635 786 62 25 tagas
713 785 7 20 i
736 785 95 26 anspråk
848 785 33 20 för
897 784 140 20 bestridande
1053 789 28 14 av

190 815 147 20 kostnaderna
350 815 33 20 för
394 815 139 26 utbetalning
544 820 29 15 av
585 815 25 20 de
623 814 6 20 i
641 815 38 19 det
690 815 128 26 föregående
831 814 143 20 omförmälda
987 813 95 27 dyrtids-

190 845 103 26 tilläggen
310 845 13 20 å
339 850 55 21 resp.
412 844 161 27 folkpensioner
590 844 40 20 och
647 844 210 23 invalidunderstöd,
875 844 132 25 barnbidrag
1024 844 57 19 samt

190 874 264 26 blindhetsersättningar,
475 876 58 18 samt
552 875 35 19 att
607 874 37 20 det
663 874 33 20 för
716 874 130 26 budgetåret
868 873 89 26 1941/42
977 873 104 20 anvisade

190 904 190 27 förslagsanslaget
394 904 33 20 till
442 904 122 26 ersättning
578 904 34 20 till
627 904 127 26 postverket
768 904 34 20 för
817 903 265 27 pensionsutbetalningar

190 935 36 19 må
241 935 22 19 få
278 936 62 25 tagas
355 934 7 20 i
377 934 95 26 anspråk
487 934 34 20 för
535 933 140 21 bestridande
690 939 28 15 av
733 933 147 21 kostnaderna
896 933 33 20 för
944 933 137 26 postverkets

190 964 75 26 bestyr
272 964 50 20 med
330 964 138 26 utbetalning
475 969 28 15 av
511 964 26 19 de
545 964 6 19 i
560 963 37 20 det
604 963 128 26 föregående
741 963 143 21 omförmälda
893 962 188 27 dyrtidstilläggen

191 994 12 20 å
215 994 160 26 folkpensioner
388 994 40 20 och
439 993 210 21 invalidunderstöd.

219 1024 19 20 6.
255 1024 42 20 RD
310 1026 90 24 antager
412 1024 33 20 för
457 1024 32 19 sin
502 1023 34 20 del
548 1023 80 26 förslag
640 1023 32 20 till
685 1023 34 26 lag
731 1028 49 21 ang.
793 1023 84 20 ändrad
889 1022 81 27 lydelse
982 1028 28 14 av
1022 1021 12 20 6
1047 1022 9 25 $
1069 1022 12 19 2

190 1059 66 14 mom.
265 1055 58 18 samt
331 1054 12 19 7
352 1054 39 19 och
399 1053 24 20 31
434 1054 20 24 $$
462 1053 62 26 lagen
533 1053 41 19 den
582 1053 26 19 28
616 1053 47 25 juni
673 1053 52 19 1935
734 1053 34 25 (nr
776 1053 49 25 434)
834 1058 35 13 om
877 1052 203 26 folkpensionering,

190 1083 81 26 förslag
282 1083 33 20 till
328 1083 34 26 lag
374 1088 49 20 ang.
437 1083 83 19 ändrad
533 1082 80 26 lydelse
626 1088 27 14 av
666 1082 12 20 5
691 1083 9 24 $
712 1083 13 19 2
737 1088 66 14 mom.
817 1082 39 19 och
869 1082 12 19 9
894 1082 9 24 $
917 1082 8 19 1
940 1087 66 14 mom.
1019 1081 61 26 lagen

191 1113 41 19 den
248 1113 24 19 18
286 1112 47 26 juni
349 1112 51 20 1937
416 1113 34 25 (nr
463 1112 50 26 382)
527 1118 35 14 om
576 1112 132 25 barnbidrag
722 1113 58 18 samt
793 1111 80 26 förslag
886 1111 33 20 till
933 1111 35 26 lag
982 1117 35 13 om
1032 1111 49 25 dyr-

190 1142 121 26 tidstillägg
327 1142 68 20 under
411 1142 131 26 budgetåret
559 1141 90 26 1942/43
666 1142 12 19 å
695 1141 166 26 folkpensioner,
878 1140 202 21 invalidunderstöd

191 1172 39 20 och
245 1172 138 25 barnbidrag;
399 1172 39 19 och
452 1173 91 24 antager
557 1171 42 20 RD
614 1171 74 20 KM:ts
702 1171 79 26 förslag
795 1170 33 20 till
842 1170 126 26 förordning
982 1176 35 14 om
1032 1170 49 26 dyr-

190 1201 120 26 tidstillägg
325 1202 68 19 under
408 1201 131 26 budgetåret
555 1201 89 26 1942/43
659 1201 13 19 å
687 1200 264 26 blindhetsersättningar;
967 1200 39 19 och
1022 1199 59 20 med-

190 1231 60 26 giver
264 1231 42 20 RD
321 1231 44 20 dels
379 1232 35 19 att
428 1231 37 20 det
478 1231 34 20 för
525 1231 130 25 budgetåret
670 1230 90 26 1942/43
774 1230 104 20 anvisade
892 1229 189 26 förslagsanslaget

190 1261 33 20 till
237 1261 76 26 bidrag
326 1260 33 20 till
372 1260 161 26 folkpensioner
547 1261 39 19 och
600 1260 202 20 invalidunderstöd
816 1266 29 13 m.
855 1265 29 14 m.
898 1259 36 20 må
947 1260 63 25 tagas
1024 1259 6 19 i
1043 1265 38 14 an-

191 1291 64 26 språk
269 1290 33 20 till
315 1290 140 20 bestridande
469 1296 28 14 av
510 1290 148 20 kostnaderna
672 1290 68 19 under
754 1289 68 20 första
836 1289 99 20 halvåret
950 1289 53 20 1943
1017 1289 7 19 i
1037 1288 43 20 anl.

190 1326 29 14 av
229 1320 26 20 de
265 1320 121 26 föreslagna
396 1320 145 26 ändringarna
552 1320 6 19 i
568 1320 62 25 lagen
641 1325 35 14 om
686 1319 204 27 folkpensionering,
902 1319 45 20 dels
957 1320 34 18 att
1002 1318 37 20 det
1048 1318 33 20 för

191 1356 82 13 samma
291 1349 108 26 budgetår
415 1349 104 20 anvisade
536 1349 190 26 förslagsanslaget
742 1348 33 20 till
793 1349 132 25 barnbidrag
942 1348 35 20 må
994 1349 63 24 tagas
1074 1348 7 19 i

191 1380 94 25 anspråk
295 1379 33 20 till
339 1379 140 20 bestridande
489 1385 29 14 av
528 1379 147 20 kostnaderna
687 1379 69 19 under
766 1378 68 20 första
845 1378 100 20 halvåret
957 1377 52 20 1943
1021 1378 6 19 i
1038 1377 42 20 anl.

190 1415 29 14 av
230 1409 26 20 de
266 1409 121 26 föreslagna
398 1409 145 26 ändringarna
554 1409 7 19 i
572 1409 61 25 lagen
645 1414 35 14 om
692 1408 138 26 barnbidrag,
842 1408 45 20 dels
898 1408 40 20 ock
945 1409 35 18 att
987 1407 94 26 anslags-

191 1440 76 25 posten
279 1439 33 20 till
323 1438 128 27 avlöningar
462 1438 33 20 till
507 1438 60 26 övrig
578 1438 103 20 icke-ord.
694 1438 99 26 personal
805 1438 6 19 i
823 1438 41 20 den
876 1437 160 26 avlöningsstat
1048 1436 33 20 för

191 1468 213 27 pensionsstyrelsen,
417 1474 46 14 som
474 1474 29 14 av
515 1468 41 20 RD
568 1468 109 26 godkänts
688 1469 35 19 att
733 1467 111 27 tillämpas
855 1467 43 20 tills
907 1467 75 20 vidare
979 1463 40 36 fr.
1026 1463 54 36 o.m.

191 1499 130 26 budgetåret
333 1498 96 26 1942/43,
441 1498 36 20 må
488 1510 28 2 —
527 1498 73 20 därest
611 1498 37 19 det
659 1497 68 20 skulle
738 1497 46 20 visa
796 1497 32 26 sig
839 1497 135 26 erforderligt
984 1498 35 18 att
1029 1498 51 24 taga

191 1528 126 20 densamma
326 1528 6 20 i
340 1528 94 26 anspråk
442 1528 34 20 för
484 1528 139 20 bestridande
631 1533 28 14 av
667 1527 147 20 kostnaderna
822 1527 34 20 för
864 1526 217 27 pensionsstyrelsens

190 1558 101 20 tekniska
309 1558 129 26 omräkning
454 1563 28 14 av
498 1557 266 26 tilläggspensionärernas
781 1557 113 26 pensioner
911 1556 170 26 (invalidunder-

190 1588 59 26 stöd)
261 1600 28 2 —
301 1588 33 20 för
346 1593 84 14 samma
443 1587 108 26 budgetår
563 1587 136 20 överskridas
711 1587 50 19 med
774 1587 63 26 högst
850 1587 26 19 25
885 1586 41 20 000
938 1586 40 23 kr.;
992 1586 39 20 och
1043 1591 38 14 an-

190 1618 58 20 visar
261 1618 42 19 RD
316 1617 33 20 till
362 1617 76 26 bidrag
451 1617 32 20 till
496 1617 161 26 dyrtidstillägg
670 1617 12 20 å
695 1616 160 26 folkpensioner
867 1616 40 20 och
920 1615 161 21 invalidunder-

190 1647 49 20 stöd
252 1647 27 20 48
288 1647 41 20 400
338 1647 41 20 000
391 1647 32 20 kr.
438 1647 33 26 (f),
485 1646 33 20 till
531 1646 161 26 dyrtidstillägg
705 1647 12 19 å
731 1646 132 26 barnbidrag
876 1646 13 20 3
898 1646 41 19 820
947 1645 41 20 000
1000 1646 33 19 kr.
1047 1645 33 26 (f),

190 1677 32 20 till
233 1677 160 26 dyrtidstillägg
403 1677 12 20 å
425 1677 121 25 ersättning
555 1676 24 20 åt
589 1676 74 20 blinda
673 1676 40 20 530
722 1676 41 20 000
772 1676 32 20 kr.
815 1676 26 25 (f)
851 1677 58 18 samt
919 1675 32 20 till
961 1675 121 25 ersättning

189 1707 33 19 till
234 1706 128 26 postverket
373 1706 34 20 för
418 1706 265 26 pensionsutbetalningar
696 1706 8 19 1
715 1705 41 20 450
765 1705 41 20 000
817 1706 32 19 kr.
862 1705 33 26 (f).

219 1754 17 20 1.
254 1754 42 19 RD
306 1753 73 20 avslår
387 1754 85 19 motion
482 1759 49 20 ang.
542 1753 44 20 viss
596 1753 92 26 ändring
698 1753 6 19 i
714 1753 62 25 lagen
787 1759 34 13 om
832 1752 197 26 folkpensionering
1039 1753 41 19 rör.

189 1785 46 18 rätt
249 1783 34 20 till
298 1783 183 26 tilläggspension.

217 1814 20 19 2.
252 1813 41 20 Till
311 1813 76 26 bidrag
404 1812 33 20 till
454 1812 160 26 folkpensioner
632 1812 40 20 och
689 1812 203 20 invalidunderstöd
909 1817 67 14 m.m.
994 1811 87 20 anvisas

191 1843 39 20 146
238 1842 42 20 000
288 1842 41 20 000
342 1842 32 20 kr.
388 1842 33 26 (f).

217 1873 19 19 3.
252 1872 41 20 Till
306 1872 132 26 barnbidrag
450 1872 87 20 anvisas
552 1871 25 20 10
586 1871 40 20 400
635 1871 41 20 000
688 1871 32 20 kr.
734 1871 33 27 (f).

216 1931 20 20 4.
252 1931 41 20 Till
307 1931 101 26 åtgärder
422 1931 33 20 till
468 1931 161 26 förebyggande
644 1931 40 19 och
698 1930 101 20 hävande
813 1936 28 14 av
855 1930 125 20 invaliditet
994 1929 87 20 anvisas

189 1961 12 20 3
211 1961 40 20 400
260 1961 41 20 000
313 1961 32 20 kr.
360 1961 34 26 (r).

217 1991 19 20 5.
252 1990 41 20 Till
305 1991 121 25 ersättning
438 1990 33 20 till
483 1990 194 20 häradsskrivarna
689 1990 34 20 för
735 1989 346 27 pensionsavgiftsförteckningar

189 2021 87 19 anvisas
289 2020 39 20 110
337 2020 41 20 000
389 2020 32 20 kr.
435 2020 33 26 (f).

217 2051 19 19 6.
253 2050 42 20 RD
310 2052 90 24 antager
414 2050 79 26 förslag
507 2049 32 20 till
554 2050 35 25 lag
602 2055 49 20 ang.
666 2049 99 26 förlängd
779 2049 100 26 giltighet
893 2055 28 14 av
935 2048 100 26 gällande
1049 2048 31 20 in-

189 2080 87 26 delning
289 2080 7 20 i
310 2081 139 25 ortsgrupper
462 2079 87 27 jämlikt
563 2079 62 26 lagen
640 2079 41 20 den
695 2079 26 20 28
734 2079 48 26 juni
798 2079 52 20 1935
864 2079 35 26 (nr
912 2078 50 27 434)
977 2084 34 14 om
1026 2078 54 20 folk-

189 2109 156 27 pensionering.

1225 167 102 29 Motioner
1375 166 89 30 Utskott
1509 167 51 36 Skriv.
1627 170 95 16 Protokoll

1101 191 26 20 År
1125 187 16 32 |
1149 195 55 20 Prop.
1527 210 22 12 ARG

1231 224 33 16 FK
1266 220 23 29 |
1294 224 35 16 AK
1351 224 85 16 |SmllAvd!
1459 224 27 16 Nr
1605 224 34 16 FK
1704 224 35 16 AK

1102 397 27 19 421
1159 397 39 20 1:51
1242 408 28 2 —I
1307 408 27 2 —I
1369 396 61 20 61—
1481 396 13 20 5
1547 396 12 20 SI
1586 396 67 20 11:26
1653 392 26 34 |
1687 392 30 34 11:
1729 398 24 18 28

1150 431 21 19 pt
1181 429 23 17 41
1449 428 86 17 GILTV
1539 423 13 31 AA

1112 463 9 13 »
1129 452 22 34 1
1159 457 39 19 1:5]
1242 468 27 2 —I
1307 468 27 2 —I
1369 456 61 20 61)—
1481 456 13 19 5
1547 456 12 20 SI
1586 456 66 19 11:27)
1686 456 67 20 11:28

1150 490 21 19 pt
1181 488 24 17 43
1449 492 15 12 8.
1472 487 86 17 1118

1112 523 8 12 »
1133 511 18 34 |
1159 517 38 19 1:51]
1242 527 28 2 —|
1307 527 27 2 —I
1369 515 60 20 61/—
1481 515 12 20 5
1547 515 105 20 5111;27
1686 515 67 20 [11:28

1150 550 21 19 pt
1181 548 24 17 45
1449 547 86 17 BAL

1112 582 8 13 »
1159 576 38 20 11:51
1242 587 27 2 —|I
1306 587 28 2 —I
1369 575 60 19 61—
1481 575 10 19 5
1546 575 13 19 5]
1585 575 67 20 11:27
1663 571 18 33 |
1686 575 67 19 11:28

1150 609 21 19 pt
1181 608 24 17 47
1449 612 14 11 sg.
1472 607 85 17 18ryrT

1112 642 8 12 »
1171 635 26 20 60
1230 634 38 20 1197
1269 630 17 34 |
1293 634 40 20 260]
1369 634 11 20 61
1416 635 12 19 2
1483 635 7 19 11
1532 634 84 20 57111:
1627 634 39 20 34d]
1686 634 30 20 11:
1728 634 39 20 33d

1230 664 38 20 198
1264 660 22 34 |
1293 664 37 20 261

1112 1028 8 13 »
1129 1017 22 34 |
1156 1022 41 20 232
1230 1021 38 20 1103)
1306 1021 27 19 441
1368 1022 12 18 61
1415 1021 13 19 2
1480 1020 77 21 21402
1576 1020 191 20 125:157d|25:153d

1227 1051 41 19 248
1268 1047 21 33 |
1306 1051 26 19 78

1227 1080 40 20 2491
1294 1080 38 20 113

1292 1110 41 19 352

1282 1139 57 20 —354

1101 1751 28 20 43]
1169 1763 28 2 —I
1240 1751 92 19 —12631
1367 1750 12 20 91
1415 1750 13 20 2
1479 1750 13 19 21
1530 1761 29 4 —J
1596 1750 55 19 8:36
1656 1746 26 33 |
1696 1750 55 19 8:42

1111 1817 9 12 yt
1158 1810 38 20 1:51]
1266 1822 2 2 1
1305 1822 27 2 —1
1367 1810 61 19 61—
1480 1809 12 20 5
1545 1809 70 20 5110:
1626 1811 25 17 39
1653 1805 22 34 |
1674 1805 41 34 10:
1727 1811 23 17 41

1149 1843 21 20 pt
1180 1842 22 17 41
1454 1846 14 11 s.
1481 1840 75 17 913.6

1111 1876 8 12 »
1157 1870 39 19 [1:51]
1240 1881 28 2 —I
1305 1881 27 2 —I
1367 1869 61 19 61—
1480 1868 12 20 5
1544 1868 70 20 5110:
1618 1864 32 34 40
1652 1864 22 34 |
1673 1864 42 34 10:
1727 1870 22 17 41

1149 1903 21 19 pt
1180 1901 24 17 43
1447 1905 15 12 s.
1471 1900 23 17 10]
1518 1905 15 11 s.
1546 1900 10 17 6

1111 1935 8 14 »
1131 1924 18 35 I
1158 1929 38 20 1:50]
1240 1940 28 2 —
1341 1924 7 35 bh
1367 1928 61 20 61—
1480 1928 12 20 5
1545 1928 70 20 5110:
1626 1930 24 17 40
1653 1923 22 34 |
1674 1923 41 34 10:
1727 1930 23 17 41

1148 1962 22 19 pt
1180 1960 24 17 45
1447 1965 15 11 s.
1471 1959 23 18 101
1518 1965 15 11 s.
1545 1959 11 17 6

1111 1995 8 13 »
1128 1983 23 35 I
1157 1988 39 20 1:5]
1240 1987 188 20 —I.—Lk61—|
1479 1987 13 20 5
1545 1987 69 20 5110:
1617 1983 33 34 40
1660 1983 13 34 |
1684 1987 65 20 10:41

1148 2022 22 19 pt
1179 2020 24 17 47
1447 2019 86 17 s.10])s.
1545 2019 10 17 6

1111 2054 8 13 »
1136 2042 14 34 |
1155 2047 40 20 249]
1240 2059 26 2 —I
1304 2059 28 2 —L
1366 2047 61 20 91-21
1465 2046 92 20 3212821
1581 2046 69 20 21:29
1655 2042 22 34 |
1681 2047 33 19 21:
1726 2048 25 17 46
