1823 2355
157 153 41 21 300

852 153 223 17 SAKREGISTER

175 445 92 26 Delning
282 451 25 14 av
321 445 52 26 jord.

216 475 133 26 fastigheter,
365 475 37 19 vid
418 475 72 20 vilken
507 474 116 27 utredning
638 474 88 21 särskilt
740 475 107 20 avseende
863 475 39 19 bör
917 475 68 20 fästas
1000 475 12 19 å

215 504 159 27 verkningarna
392 511 28 13 av
437 504 99 27 gällande
554 505 73 25 praxis
644 505 5 19 i
668 505 59 25 fråga
746 510 35 14 om
798 504 121 26 tilldelning
936 511 28 13 av
982 511 31 13 er-

215 535 114 26 forderliga
343 534 94 26 ägoslag.

177 628 7 16 1
201 625 80 26 Avslag
295 625 12 19 å
322 624 82 20 motion
419 630 49 20 ang.
483 624 219 26 utflyttningsbidrag
716 624 36 20 vid
767 624 80 20 sådana
863 624 46 26 laga
924 624 88 24 skiften,

215 661 46 13 som
277 656 110 18 motsvara
403 654 92 26 tidigare
510 654 251 26 hemmansklyvningar,
778 660 28 14 m.
816 660 28 14 m.

176 717 9 17 2
201 715 42 19 RD
259 714 97 20 anhåller
371 720 35 14 om
422 714 116 26 utredning
553 720 36 14 om
603 714 154 26 lämpligheten
773 720 27 14 av
816 714 67 20 sådan
899 714 92 26 ändring
1006 714 6 20 i

215 744 12 20 6
237 745 10 24 $
257 750 28 14 av
297 744 8 20 1
318 744 50 26 kap.
380 744 6 20 i
396 744 61 26 lagen
468 744 41 20 den
522 744 24 20 18
555 743 48 27 juni
614 744 52 20 1926
677 750 35 14 om
723 744 86 26 delning
819 750 28 14 av
856 743 49 27 jord
915 744 12 20 å
938 744 74 20 landet

214 776 36 18 att
264 774 154 20 vattentäckta
434 774 109 23 områden,
559 780 46 14 som
619 774 38 20 vid
672 774 65 20 skifte
752 774 12 19 å
780 774 37 20 det
831 774 119 26 skifteslag,
966 774 46 20 däri

215 804 26 20 de
250 804 56 26 ingå,
317 804 94 20 lämnats
421 804 115 23 oskiftade,
545 803 50 21 eller
604 809 46 15 som
659 804 49 20 med
717 803 49 21 stöd
776 809 28 14 av
813 803 58 21 äldre
880 804 35 26 lag
923 804 89 20 skiftats

215 834 78 20 endast
305 834 6 19 i
325 834 107 20 avseende
445 834 12 20 å
471 834 127 20 områdenas
612 833 143 27 utnyttjande
768 833 33 20 till
813 833 62 24 fiske,
889 833 60 20 skola
963 835 49 19 vart

214 864 34 19 för
261 864 32 26 sig
308 864 39 20 och
361 864 47 20 icke
423 863 92 20 allenast
528 863 144 20 tillsammans
686 865 76 24 utgöra
777 865 34 18 ett
824 863 118 26 skifteslag.

175 927 10 16 3
200 923 108 20 Motioner
324 929 35 14 om
376 923 44 20 viss
437 923 91 26 ändring
545 929 28 14 av
590 923 26 20 de
632 923 7 20 i
656 923 61 26 lagen
735 929 35 14 om
787 923 87 26 delning
890 929 28 14 av
934 923 48 25 jord
999 923 12 20 å

215 953 75 20 landet
308 953 127 20 meddelade
453 953 192 20 bestämmelserna
663 954 41 19 rör.
725 952 129 27 utbrytning
873 959 28 13 av
919 953 94 20 servitut

214 985 54 18 utan
283 983 158 26 sammanhang
456 983 49 20 med
520 983 66 20 skifte
600 982 92 21 förfalla.

200 1043 43 19 RD
259 1042 84 20 bifaller
358 1048 60 20 prop.
434 1042 49 20 med
498 1042 80 26 förslag
592 1042 33 20 till
640 1042 34 26 lag
689 1047 48 21 ang.
754 1042 91 26 ändring
861 1042 5 19 i
881 1042 57 19 vissa
954 1042 58 20 delar

214 1078 28 14 av
254 1072 62 26 lagen
329 1072 41 20 den
385 1072 25 20 18
421 1072 48 26 juni
483 1072 52 20 1926
548 1072 34 26 (nr
594 1072 50 25 326)
657 1078 35 13 om
705 1071 87 26 delning
804 1077 28 14 av
843 1071 48 26 jord
905 1072 11 19 å
930 1071 81 24 landet,

214 1102 34 26 lag
262 1107 49 21 ang.
327 1101 83 21 ändrad
424 1101 81 26 lydelse
519 1107 28 14 av
562 1102 12 20 2
588 1102 51 25 kap.
655 1101 26 20 10
695 1102 9 24 $
719 1103 57 18 samt
790 1101 12 19 3
817 1101 50 26 kap.
883 1101 12 19 3
910 1101 39 20 och
965 1101 12 20 7
992 1102 20 25 $$

214 1131 62 27 lagen
289 1131 41 21 den
345 1131 25 20 12
382 1131 43 27 maj
441 1131 52 20 1917
507 1131 34 26 (nr
553 1131 49 26 269)
616 1137 34 14 om
664 1131 213 26 fastighetsbildning
890 1131 5 19 i
908 1131 56 22 stad,
977 1131 35 26 lag

214 1167 48 20 ang.
277 1161 83 21 ändrad
374 1161 80 26 lydelse
467 1167 28 14 av
508 1161 27 20 39
548 1161 9 25 $
570 1161 62 26 lagen
646 1161 41 20 den
700 1161 27 20 22
739 1160 47 27 juni
801 1161 49 19 1921
867 1160 34 26 (nr
914 1161 48 25 378)
977 1167 34 14 om

214 1192 124 25 ströängars
356 1191 133 26 indragande
506 1191 33 20 till
557 1191 90 23 kronan,
666 1191 34 26 lag
718 1196 48 21 ang.
785 1190 83 20 ändrad
886 1190 80 26 lydelse
984 1197 28 13 av

216 1221 24 20 18
252 1221 9 25 $
273 1221 61 26 lagen
347 1221 41 19 den
401 1221 25 20 18
437 1221 47 26 juni
497 1220 53 21 1925
562 1220 34 26 (nr
607 1220 49 26 334)
669 1226 35 14 om
715 1222 46 18 rätt
772 1220 6 20 i
789 1220 58 20 vissa
859 1220 37 20 fall
907 1220 34 20 för
952 1222 60 24 nytt-

213 1251 205 26 janderättshavare
429 1252 35 19 att
473 1250 68 21 inlösa
552 1250 69 20 under
631 1250 164 26 nyttjanderätt
805 1250 100 26 upplåtet
917 1250 94 23 område,

214 1280 34 27 lag
258 1286 49 21 ang.
318 1280 83 21 ändrad
412 1280 80 26 lydelse
502 1286 29 14 av
543 1280 32 24 15,
587 1280 26 20 19
623 1280 39 20 och
673 1280 24 20 21
710 1280 20 25 $$
740 1280 62 26 lagen
813 1280 40 20 den
866 1279 25 21 18
900 1279 47 26 juni
959 1280 53 19 1926

214 1311 35 25 (nr
264 1310 49 26 336)
330 1316 35 14 om
381 1310 202 26 sammanläggning
598 1316 28 14 av
642 1309 128 27 fastigheter
786 1310 12 19 å
814 1309 75 20 landet
904 1311 58 18 samt
977 1309 35 26 lag

214 1345 49 21 ang.
277 1340 83 20 ändrad
374 1339 80 27 lydelse
467 1346 28 14 av
510 1339 32 24 13,
557 1339 25 20 16
596 1339 39 20 och
650 1339 25 20 17
688 1339 20 26 $$
721 1339 62 26 lagen
797 1339 40 20 den
851 1339 26 20 25
891 1339 54 26 april
960 1339 52 20 1930

215 1370 34 24 (nr
264 1370 36 25 99)
317 1376 35 13 om
369 1369 86 27 delning
471 1375 29 14 av
515 1369 105 27 fastighet
635 1369 37 20 vid
689 1369 92 26 ändring
797 1369 6 19 i
819 1368 67 21 rikets
903 1368 109 27 indelning

215 1405 27 14 m.
253 1405 28 14 m.
297 1399 115 26 (avseende
426 1399 125 20 ihrättande
566 1405 28 14 av
608 1405 25 14 en
648 1399 164 20 mellaninstans
826 1399 6 19 i
846 1398 137 26 skiftesmål).

176 1492 8 17 1
200 1489 42 20 RD
255 1489 103 23 anhåller,
371 1490 35 19 att
418 1489 64 20 KM:t
494 1489 69 19 måtte
575 1489 34 19 för
621 1488 42 20 RD
676 1488 119 26 framlägga
808 1488 79 26 förslag
900 1488 32 20 till
944 1488 67 20 sådan

214 1518 83 21 ändrad
310 1518 81 26 lydelse
404 1525 28 14 av
444 1519 25 20 21
484 1519 50 26 kap.
549 1518 25 20 10
587 1519 9 24 $
608 1518 217 26 jorddelningslagen,
839 1519 35 18 att
886 1518 125 26 därigenom

214 1550 68 19 större
298 1549 103 26 trygghet
417 1548 84 24 vinnes,
518 1549 35 19 att
569 1548 103 26 sakägare
689 1548 80 20 erhålla
786 1547 123 21 kännedom
927 1553 34 15 om
978 1547 32 20 tid

214 1578 40 20 och
272 1578 57 27 plats
346 1579 34 19 för
396 1578 197 27 ägodelningsrätts
610 1578 161 20 sammanträde
789 1579 57 18 samt
864 1583 34 14 om
917 1577 25 20 de
960 1577 50 23 mål,

214 1614 46 14 som
275 1608 77 20 därvid
366 1608 60 20 skola
441 1608 141 20 förekomma.

174 1671 10 16 2
200 1668 42 20 RD
258 1668 72 20 avslår
345 1668 83 20 motion
444 1674 36 14 om
495 1667 184 26 skrivelseförslag
695 1667 44 20 dels
754 1667 33 20 till
803 1667 164 26 uppmjukande
983 1673 28 14 av

214 1697 191 21 bestämmelserna
419 1697 32 21 uti
467 1697 24 21 19
505 1698 50 26 kap.
570 1697 13 20 3
596 1698 10 24 $
619 1697 68 20 första
701 1697 88 26 stycket
801 1696 209 27 jorddelningslagen

213 1729 41 18 rör.
265 1727 151 26 fordringarna
426 1728 28 26 på
464 1727 145 26 självständig
619 1727 110 26 fastighet,
741 1726 44 21 dels
796 1727 40 19 ock
846 1726 33 20 till
889 1726 67 20 sådan
968 1727 43 26 lag-

213 1757 108 27 stiftning,
340 1759 35 18 att
393 1757 125 26 därigenom
536 1757 88 20 beredes
642 1756 113 27 möjlighet
772 1756 34 20 för
823 1756 61 26 varje
902 1758 63 24 ägare
983 1762 28 14 av

213 1787 119 26 avstyckat
343 1787 50 20 eller
404 1787 120 20 avsöndrat
535 1787 88 20 område
634 1788 35 18 att
680 1786 69 20 under
759 1786 58 20 vissa
829 1786 182 26 förutsättningar

213 1817 80 20 erhålla
307 1817 97 20 befrielse
417 1817 48 20 från
478 1822 80 14 ansvar
570 1816 33 21 för
615 1816 61 26 varje
689 1816 45 26 slag
747 1822 28 14 av
788 1816 125 25 inteckning
926 1816 5 19 i
945 1817 66 19 stam-

213 1846 138 26 fastigheten.

174 1908 10 17 3
200 1906 42 20 RD
260 1906 97 20 anhåller
374 1912 35 14 om
427 1912 26 14 en
471 1906 201 26 förutsättningslös
690 1905 116 26 utredning
823 1907 41 18 rör.
882 1905 75 26 frågan
976 1911 35 14 om

213 1936 102 26 åtgärder
331 1936 33 20 för
380 1937 35 18 att
432 1936 127 26 möjliggöra
576 1937 34 19 att
626 1936 70 22 mark,
714 1941 46 14 som
776 1936 95 19 använts
887 1935 33 20 till
936 1937 74 24 vägar,

213 1965 59 21 vilka
288 1965 63 21 blivit
366 1965 113 27 nedlagda,
495 1965 90 20 emedan
601 1965 26 20 de
641 1965 19 27 ej
676 1965 73 26 längre
764 1965 58 20 varit
836 1965 114 26 behövliga
965 1971 46 14 som

214 1995 109 20 allmänna
340 1997 68 25 vägar
424 1995 50 20 eller
490 2001 46 14 som
553 1995 98 20 enskilda
668 1995 155 26 utfartsvägar,
840 1995 36 20 må
892 1995 74 20 kunna
984 1995 27 26 på

214 2025 87 21 enklare
314 2025 39 20 och
366 2025 97 26 billigare
475 2026 45 19 sätt
532 2027 28 18 än
572 2025 34 20 för
618 2025 135 20 närvarande
766 2024 113 21 förvärvas
891 2030 28 15 av
932 2026 79 25 ägarna

214 2055 32 20 till
260 2055 26 20 de
300 2055 134 27 fastigheter,
448 2061 46 14 som
507 2056 77 25 gränsa
598 2055 56 20 intill
667 2055 140 26 vägmarken.

1298 226 107 30 Utskotts-
1478 230 55 16 Riks-

1094 257 55 17 Kungl]
1287 256 128 28 utlåtanden,
1471 256 69 29 dagens
1602 248 104 16 KAMrgrne

1097 287 52 18 Maj:ts]
1162 278 91 17 Motioner]
1280 290 96 16 memorial
1389 290 44 16 eller
1482 290 45 16 Hör
1590 277 139 20 förhandlingar

1041 311 26 19 År
1096 320 50 14 [prop:r
1291 320 132 17 betänkanden
1475 320 59 16 velser
1616 307 86 21 (Prot

1096 337 43 33 eller
1439 336 44 33 fr
1720 355 28 2 RN

1095 376 40 14 SKON
1164 386 33 16 FK
1215 386 35 16 IAK
1271 374 16 50 5
1315 377 10 51 Zz
1353 387 91 16 Nummer]
1461 387 90 15 Nummer
1700 374 44 40 rg

1208 439 1 36 |
1303 439 1 33 br
1658 438 2 30 |

1030 475 54 21 1933
1303 474 1 54 |
1658 488 1 16 |

1344 508 1 5 I
1658 505 1 22 I

1207 521 1 18 |
1303 529 1 3 Ios
1658 528 1 4 I

1303 534 1 15 I

1206 540 2 70 |
1302 586 2 5 |
1658 539 2 86 |

1031 625 52 20 1930
1177 621 114 37 ESO
1320 626 25 19 0
1497 637 27 2 —
1565 626 65 20 12:18
1642 624 53 22 d/13:
1707 626 24 18 25

1302 687 42 29 -
1658 674 1 39 |

1031 714 53 21 1934]
1109 728 26 1 —
1140 710 23 35 |
1176 715 23 19 211
1224 727 26 2 —1
1278 715 12 20 9
1301 715 31 31 |2
1343 723 1 37 |
1402 715 17 19 Jå
1488 715 38 20 145
1562 716 69 19 [22:24
1658 714 37 38 23:
1707 716 10 17 5

1206 748 1 37 |
1301 748 43 28 lc
1658 775 1 4 |

1206 786 96 24 FR

1206 811 1 29 |
1301 812 43 22 bd

1205 856 139 41 FN
1658 856 1 37 |

1032 924 51 19 1934
1165 924 42 21 1411
1216 924 40 19 296]
1278 924 12 20 91
1320 925 12 19 2
1343 913 1 6 le
1393 924 23 20 Sör
1496 935 28 2 =
1561 924 33 20 P6:
1607 924 33 20 1d
1657 906 37 50 j27:
1709 924 46 20 12d

1205 962 1 16 |
1658 953 1 23 |

1205 1003 1 38 fado
1343 1032 1 14 fel
1658 984 1 61 |

1031 1043 52 19 1935]
1114 1043 12 19 3
1176 1043 26 20 99|
1216 1043 40 21 222]
1278 1043 66 29 9121]
1392 1043 27 20 28
1486 1043 39 20 264
1562 1043 33 20 135:
1606 1045 24 18 46
1641 1042 114 22 d/36:127d

1205 1073 51 29 220
1658 1065 1 12 |

1205 1103 1 11 I
1343 1100 1 6 I
1658 1104 1 8 I

1205 1115 2 26 |
1343 1112 1 31 |
1658 1120 2 17 |

1343 1144 1 62 ER
1658 1161 2 28 |

1343 1207 1 13 I

1206 1234 1 22 |
1343 1232 1 20 |

1206 1305 1 26 |
1343 1302 1 34 |

1206 1348 1 30 |
1343 1360 1 23 |
1658 1358 1 19 |

1206 1400 1 11 |
1343 1386 1 18 |

1206 1416 1 8 |
1343 1407 1 15 |
1658 1408 1 21 |

1206 1428 1 28 |
1301 1427 43 32 Fe
1658 1433 1 18 |

1031 1488 104 20 19801:555
1140 1473 7 49 1
1176 1478 75 40 78lu=-
1278 1489 12 20 10
1319 1477 25 38 124
1394 1489 24 19 ds
1499 1489 27 19 32
1563 1488 67 20 10:34
1657 1489 38 24 110:
1707 1491 24 17 75

1205 1526 2 8 I
1658 1518 1 16 I

1206 1535 1 12 |
1342 1533 2 4 I
1658 1536 1 3 |

1206 1550 1 15 |
1342 1541 2 18 |
1658 1548 1 27 |

1206 1570 1 14 |
1342 1561 2 25 I
1658 1579 1 4 |

1205 1587 2 15 |
1342 1588 2 19 |
1658 1584 1 23 |

1030 1668 52 20 1936)
1107 1667 95 20 ==1kr72)
1277 1668 67 20 ke
1392 1668 26 20 2
1496 1679 27 2 —
1561 1668 32 20 25:
1607 1670 22 17 11
1640 1658 48 34 d25:
1706 1670 24 17 35

1342 1696 1 9 |
1657 1696 1 12 I

1205 1709 1 27 |
1342 1716 1 4 |
1657 1716 1 44 |

1205 1824 1 15 I

1205 1841 1 42 |
1657 1850 2 51 |

1031 1905 52 21 1936]
1106 1917 28 2 —
1135 1901 22 34 |
1162 1905 39 21 286|
1215 1905 38 20 471)
1277 1905 12 20 9
1290 1901 18 34 |
1319 1906 12 19 2
1392 1906 26 20 28
1487 1905 39 21 172
1561 1906 33 19 125:
1606 1907 24 18 14
1641 1901 54 47 dj25:
1707 1907 24 18 35

1205 1935 51 30 1473
1342 1953 1 13 |
1658 1945 1 15 |

1205 1967 1 32 |
1342 1971 1 21 |
1658 1962 1 52 |

1205 2001 1 15 I
1342 1997 2 11 I

1342 2041 2 5 I
1658 2026 1 15 |

1205 2049 2 31 |
1342 2048 2 32 |
1658 2043 1 35 |
