1853 2360
760 634 385 49 Upplysningar.

792 705 20 26 1)
843 705 98 20 Rörande
956 705 166 26 förkortningar:

222 771 34 18 AK
297 779 14 6 =
328 771 60 17 andra
401 771 117 17 kammaren.
716 770 12 17 k
790 777 15 7 =
821 770 162 17 kommunistiska
995 775 93 17 gruppen.
1206 769 31 17 RF
1276 777 14 6 =
1308 769 180 22 regeringsformen.

221 801 21 17 bf
297 808 15 7 =
328 800 174 18 bondeförbundet.
715 800 6 17 1
789 808 15 6 =
821 800 79 17 liberala
913 800 75 22 partiet.
1206 799 32 17 RO
1276 807 14 6 ==
1308 798 200 22 riksdagsordningen.

220 831 12 17 d
297 839 15 6 =
328 830 111 18 diskussion
452 830 47 17 eller
511 829 96 23 yttrande.
715 829 51 18 LAK
791 837 14 6 =
822 829 85 18 ledamot
919 835 24 12 av
955 830 60 16 andra
1028 830 118 17 kammaren.
1205 835 9 11 8
1275 837 14 6 =
1307 828 202 18 socialdemokratiska
1521 834 93 17 gruppen.

221 866 10 13 e
296 868 14 7 =
327 865 48 17 egen
389 860 77 17 motion.
715 859 50 17 LFK
791 867 14 6 =
822 859 84 18 ledamot
919 865 23 12 av
955 860 61 17 första
1029 860 116 16 kammaren.
1195 855 26 30 8.
1277 866 13 6 =
1308 858 46 18 sida.

220 891 8 17 f
296 898 14 7 =
327 890 107 18 frisinnade
446 890 117 22 folkpartiet.
715 889 39 17 Ilmb
792 897 14 6 =
823 889 116 17 lantmanna-
952 889 35 17 och
1001 888 144 23 borgarpartiet.
1206 894 22 12 vs
1275 896 15 7 =
1307 888 205 18 vänstersocialistiska
1525 893 93 17 gruppen.

221 921 34 17 FK
296 928 14 6 =
327 921 60 16 första
400 920 118 17 kammaren,
715 919 16 17 1s
791 927 14 6 =
822 919 80 17 liberala
914 919 168 22 samlingspartiet.
1205 919 30 16 TF
1274 926 14 6 =
1306 917 268 23 tryckfrihetsförordningen.

220 951 20 17 fv
296 958 14 6 =
327 949 95 18 frisinnad
435 949 56 18 vilde.
715 955 12 11 n
792 957 13 6 =
822 949 105 17 nationella
939 949 75 22 partiet.
1206 948 39 17 Ufk
1276 956 14 6 =
1307 947 79 23 utgifter
1399 947 28 18 för
1440 947 148 23 kapitalökning.

220 980 35 17 HT
296 987 15 7 =
328 979 115 18 huvudtitel.
711 974 21 31 Pp:
790 986 13 6 =
820 979 67 22 punkt.
1206 983 12 12 v
1276 985 14 6 =
1307 977 57 18 vilde.
1587 976 6 5 S

220 1010 29 22 ifg
295 1017 15 6 =
326 1009 151 22 jordbrukarnas
490 1009 37 17 fria
539 1014 67 17 grupp.
714 1009 34 16 RED
789 1016 14 6 =
820 1008 107 22 riksdagen.

779 1062 21 27 2)
832 1062 97 20 Rörande
946 1063 182 25 personregistret:

224 1117 32 20 De
272 1116 49 20 med
338 1116 84 20 mindre
438 1116 35 20 stil
490 1116 83 27 tryckta
589 1116 81 20 årtalen
687 1116 104 20 beteckna
806 1116 42 20 den
863 1116 67 20 första
945 1115 92 26 riksdag,
1054 1122 46 13 som
1116 1115 158 20 vederbörande
1290 1115 94 20 ledamot
1400 1115 96 20 bevistat.

224 1152 74 20 Under
314 1150 58 28 varje
387 1152 160 26 riksdagsmans
563 1159 66 13 namn
645 1154 36 18 äro
696 1158 91 14 numren
803 1152 12 19 å
830 1151 43 20 alla
883 1158 26 14 av
920 1152 79 19 honom
1010 1151 173 20 undertecknade
1193 1151 107 20 motioner
1310 1150 97 24 anförda;
1419 1150 40 20 och
1470 1150 86 26 angiver
1566 1149 118 21 bokstaven

296 1194 11 13 e
323 1188 54 20 efter
392 1189 31 19 ett
438 1188 200 24 motionsnummer,
654 1189 33 19 att
702 1188 110 19 motionen
828 1187 74 21 väckts
917 1194 27 13 av
959 1187 158 21 vederbörande
1133 1187 101 26 antingen
1250 1193 73 14 ensam
1340 1186 52 20 eller
1407 1186 145 20 tillsammans
1568 1185 50 20 med
1630 1185 55 20 blott

297 1230 26 13 en
340 1230 70 13 annan
427 1224 112 24 motionär,
556 1223 51 21 eller
619 1223 70 25 också,
701 1229 35 14 om
747 1223 110 20 motionen
868 1223 165 20 undertecknats
1044 1229 27 14 av
1081 1229 46 14 mer
1137 1224 27 18 än
1175 1223 37 20 två
1222 1222 154 26 riksdagsmän,
1387 1223 32 19 att
1429 1222 54 19 hans
1494 1228 66 13 namn
1571 1221 44 20 står
1626 1221 58 20 först.

800 1275 21 28 3)
853 1276 98 20 Rörande
967 1276 143 26 sakregistret:

227 1331 10 19 I
259 1330 252 26 protokollkolumnerna
533 1330 90 20 hänvisa
644 1330 26 20 de
689 1332 66 18 större
774 1330 98 20 siffrorna
890 1329 34 21 till
943 1330 80 20 häftets
1042 1336 107 17 nummer,
1169 1329 26 20 de
1215 1329 83 20 mindre
1317 1329 34 20 till
1370 1328 57 21 sidor
1442 1329 7 19 i
1465 1335 84 13 samma
1564 1328 66 24 häfte,
1646 1328 40 20 och

299 1366 88 26 betyder
403 1366 117 20 bokstaven
536 1366 21 24 d,
574 1368 31 18 att
620 1365 123 21 diskussion
759 1365 51 20 eller
825 1365 99 27 yttrande
940 1367 36 24 ägt
991 1372 54 13 rum.

876 1590 174 23 Rättelser.

842 1655 19 29 1)
877 1657 11 19 I
904 1657 182 25 personregistret:

613 1705 43 20 Sid.
674 1704 27 20 31
718 1704 56 26 spalt
791 1704 12 20 3
819 1704 38 20 rad
874 1704 11 20 1
903 1704 79 26 uppifr.
1000 1704 43 20 står
1060 1704 102 23 Cromwall,
1179 1703 31 21 läs
1225 1704 96 20 Cronvall.

627 1759 12 9 FS
669 1743 41 20 LOGT
743 1760 11 8 sg
787 1742 104 25 ERNER
1013 1759 11 8 NL
1075 1744 58 18 IOG
1158 1757 41 9 rr
1238 1743 64 19 ROR

789 1796 20 26 2)
825 1797 10 20 I
852 1796 57 20 band
926 1796 10 20 1
955 1803 26 13 av
997 1796 143 26 sakregistret:

614 1844 45 21 Sid.
677 1844 26 20 16
719 1844 91 20 kolumn
826 1844 151 26 ”Riksdagsår”
994 1843 38 21 rad
1049 1843 11 20 1
1077 1844 43 19 står
1136 1844 64 23 1924,
1214 1843 31 20 läs
1259 1844 64 19 1925.

667 1883 42 20 WE
859 1883 71 26 Prop
1005 1881 97 26 Ad
1144 1883 54 22 MUN
1282 1882 18 19 sets

628 1899 12 10 ”
