1850 2359
823 145 136 33 SAKREGISTER
1647 149 41 20 357

1243 241 95 18 Utskotts-

1073 267 107 31 Motioner
1232 271 112 18 utlåtanden

1208 301 47 18 eller
1268 301 99 18 memorial

1401 253 72 22 dagens
1530 253 119 18 Kamrarnas

947 212 1 19 I

947 240 1 16 |

947 280 2 32 I
1406 276 55 34 skri-
1516 283 145 23 förhandlingar

970 246 22 146 IPSTEPSAIA

1269 356 1 16 |
1504 368 67 17 Första
1585 359 2 19 |
1604 367 66 17 Andra

1500 392 70 16 kamm.
1585 381 2 22 I
1601 392 71 16 kamm.

1028 294 17 105 J9S[9ALLIS
1028 234 17 48 199

1047 365 16 54 "doxd
1047 292 22 66 s):leq
1047 217 21 70 [Bun

1132 356 2 23 |

1089 379 34 17 FK
1132 380 44 22 |AK

1243 367 17 48 PAy

1301 374 6 32 Zz

1296 397 12 9 4

1201 362 17 57 "Tues

1356 367 17 45 vpIs

1410 380 17 16 N

1457 368 17 44 eps

99 429 144 36 Domkaptitel.
948 439 1 7 |

144 465 32 20 för
192 465 61 19 KM:t
268 466 32 18 att
315 464 86 20 utfärda
417 464 26 20 de
459 465 97 19 närmare
572 463 138 26 föreskrifter,
729 470 46 13 som
795 463 33 20 för
847 462 163 27 tillämp-|1922

144 495 52 25 ning
211 501 26 13 av
256 494 61 20 dessa
336 494 92 26 grunder
446 495 36 18 må
502 494 96 19 befinnas
621 493 145 26 erforderliga:
791 494 39 19 och
854 488 95 26 anvisas
932 484 16 40 |
1079 507 2 15 |

144 525 57 25 förty
217 525 28 25 på
260 526 60 18 extra
336 526 42 18 stat
392 524 34 20 för
441 523 60 21 tiden
518 523 10 20 1
546 523 104 27 jan.—30
666 524 48 25 juni
731 523 56 20 1923
802 525 31 18 ett
843 523 95 26 förslags-

145 554 73 26 anslag
234 561 26 13 av
276 554 79 20 21000
372 554 39 24 kr.,
427 560 27 14 av
469 553 67 21 vilket
552 553 74 26 anslag
641 553 62 25 högst
719 553 42 20 883
773 553 30 20 kr.
820 553 26 20 33
858 555 35 18 öre
904 554 34 19 må

144 585 51 24 utgå
211 584 33 20 till
261 583 92 27 höjande
369 590 26 14 av
412 583 144 26 ersättningen
572 583 32 20 för
620 583 91 20 vikariat
727 583 67 20 under
805 583 133 20 konsistorie-

146 614 91 19 notaries
251 615 107 18 semester.

102 678 9 15 4
130 674 53 25 Ang.
209 673 158 26 domkapitlens
391 672 150 21 överinseende
564 674 49 19 över
632 672 96 21 läroverk
746 672 39 20 och
805 673 133 23 seminarier;

145 709 22 14 se
183 702 115 27 Biskopar.

102 774 7 14 1
129 768 49 21 Ord.
196 768 96 26 anslaget
307 768 33 20 till
356 767 160 27 domkapitlens
540 767 147 27 expeditioner
709 770 104 24 upptages
836 768 49 20 med
909 770 30 18 ett
953 768 57 22 19231
1027 768 41 20 1:8
1206 768 12 20 6)
1248 768 11 20 15
1312 765 24 25 8)
1358 773 22 17 17/8
1400 769 73 20 Ar)
1505 768 69 21 20:16

144 798 77 26 belopp
238 805 26 13 av
281 797 79 20 91350
376 797 32 21 kr.
1024 803 46 22 p-45

1606 858 12 19 Do

1621 857 18 20 Se

1652 863 8 14 a

100 863 9 15 2
128 858 41 19 Till
189 857 68 20 ökade
276 857 153 20 arbetskrafter
447 857 36 19 vid
502 856 159 26 domkapitlens
685 857 146 26 expeditioner
854 857 95 20 anvisas!
977 866 8 10 »
1026 857 42 21 |1:8
1206 858 11 20 GE
1311 858 25 30 8
1324 853 15 39 |
1357 863 23 15 17/8
1400 857 73 20 Al1i1]
1505 858 69 21 20:16

142 888 33 19 för
191 887 126 25 budgetåret
334 886 126 27 1923/1924
477 888 31 18 ett
523 888 59 18 extra
598 886 74 26 anslag
687 893 27 14 av
730 886 78 20 29490
825 887 30 20 kr.
1024 882 43 39 p-46
1078 912 1 5 |
1335 896 1 24 |

1357 952 23 15 1718
1400 947 74 20 Al1i2]
1505 947 69 21 20:16]
1607 947 32 20 20:

78 970 2 3 |
100 952 9 15 3
128 947 37 20 RD
182 946 114 26 medgiver,
314 948 31 18 att
361 946 128 26 provisorisk
501 946 152 25 lönereglering
664 946 65 25 enligt
739 946 96 27 följande
847 946 92 26 grunder|
977 956 8 9 »
1026 946 41 21 1|1:8
1206 947 52 20 1-&
1311 947 13 20 8

142 977 36 19 må
193 976 69 21 under
277 976 59 20 tiden
357 976 10 19 1
384 976 41 26 juli
446 975 116 20 1923—30
581 976 48 26 juni
654 976 56 20 1924
734 976 56 25 gälla
812 976 68 25 ifråga
902 983 34 13 om
1023 982 46 23 p.47

143 1007 92 19 notarier
258 1006 40 20 och
323 1012 141 14 amanuenser
486 1005 37 20 vid
546 1005 26 20 de
591 1005 149 21 ecklesiastika
762 1006 174 24 konsistorierna;

143 1036 36 20 det
202 1036 143 27 provisoriska
367 1035 208 26 avlöningstillägget
596 1036 61 25 utgår
678 1036 48 20 med
746 1035 95 27 följande
860 1036 78 26 belopp
1078 1038 1 27 I
1269 1019 1 47 |

143 1067 33 19 för
187 1066 49 20 hela
246 1067 45 19 året
302 1066 85 19 räknat:
404 1065 34 20 till
454 1066 81 20 notarie
551 1065 36 20 vid
603 1065 133 27 domkapitel
752 1065 49 21 med
818 1065 64 21 2500
899 1066 38 24 kr.,
1078 1068 1 23 I
1269 1069 1 27 |

1269 1098 1 14 |

1269 1131 1 13 I

143 1096 54 20 dock
213 1097 32 19 att
260 1095 209 26 avlöningstillägget
485 1095 46 20 icke
547 1096 36 19 må
599 1096 50 25 utgå
665 1095 49 21 med
730 1096 64 25 högre
814 1095 78 27 belopp
911 1098 26 18 än
1185 1112 1 5 I

143 1128 31 18 att
193 1126 120 20 detsamma
332 1126 67 26 jämte
418 1125 41 20 den
480 1125 101 26 inkomst,
602 1125 157 20 vederbörande
778 1126 28 25 på
824 1126 68 25 grund
912 1133 25 13 av
1078 1125 1 27 |
1185 1118 2 28 |

142 1156 98 25 gällande
259 1155 153 26 lönereglering
430 1156 95 25 åtnjuter
540 1162 26 13 av
582 1155 96 26 sportler,
698 1156 82 25 uppgår
798 1155 43 20 till:
863 1154 85 22 beträf-|
1078 1160 1 18 |
1185 1168 1 19 |

142 1186 64 20 fande
223 1186 96 20 notarien
335 1185 36 21 vid
390 1185 69 26 Visby
478 1185 132 26 domkapitel
630 1185 142 26 sammanlagt
791 1185 62 26 högst
872 1185 65 21 2500
1185 1188 1 4 |

141 1216 31 20 kr.
190 1216 39 20 och
249 1215 132 20 beträffande
401 1215 82 20 notarie
502 1214 37 21 vid
558 1217 66 18 annat
642 1215 133 26 domkapitel
794 1215 144 26 sammanlagt

142 1246 63 25 högst
220 1246 13 19 2
244 1245 41 20 700
302 1245 42 24 kr.;
361 1245 33 20 till
410 1245 97 20 notarien
518 1244 36 21 vid
566 1245 136 20 Stockholms
713 1245 58 20 stads
784 1245 152 20 konsistorium
1131 1243 2 39 |

142 1275 50 21 med
210 1275 63 20 1800
290 1275 41 24 kr.;
351 1275 34 20 till
405 1281 117 14 amanuens
541 1274 37 21 vid
596 1274 148 27 domkapitlen
760 1275 8 19 i
783 1275 96 26 Uppsala
897 1275 39 20 och

142 1305 66 21 Luleå
232 1305 49 20 med
307 1304 63 21 1700
395 1305 38 24 kr.,
458 1304 36 21 vid
518 1304 147 26 domkapitlen
685 1305 6 19 i
710 1304 128 27 Linköping,
863 1305 73 26 Skara,
1269 1319 1 3 |

142 1335 122 26 Strängnäs,
276 1335 70 26 Växjö
358 1335 39 19 och
408 1334 63 21 Lund
482 1334 50 20 med
549 1334 64 20 1500
630 1334 30 20 kr.
675 1336 57 18 samt
742 1334 36 21 vid
789 1334 147 27 domkapitlen
1249 1344 2 2 :
1268 1323 2 40 |

141 1365 7 20 i
167 1365 106 23 Västerås,
298 1364 113 26 Göteborg,
435 1363 101 21 Karlstad
555 1364 40 20 och
614 1364 128 20 Härnösand
757 1364 50 20 med
824 1364 64 20 19000
904 1364 31 20 kr.

140 1396 33 19 Av
197 1394 36 21 det
256 1394 143 27 provisoriska
422 1393 208 26 avlöningstillägget
652 1394 33 19 till
708 1394 81 20 notarie
808 1396 75 24 utgöra
901 1395 36 19 två

140 1424 129 26 tredjedelar
292 1424 37 20 lön
352 1424 40 20 och
414 1431 26 13 en
459 1423 105 27 tredjedel
587 1424 278 26 tjänstgöringspenningar.
896 1424 41 20 För
1334 1408 1 34 |

141 1460 117 14 amanuens
269 1455 62 25 utgår
342 1453 208 27 avlöningstillägget
561 1454 7 19 i
580 1460 84 13 samma
672 1453 90 26 ordning
777 1460 46 13 som
840 1454 95 24 arvodet;

140 1484 33 20 till
185 1483 137 21 bestridande
333 1490 26 14 av
370 1483 145 21 kostnaderna
525 1483 33 20 för
568 1483 144 20 omförmälda
722 1483 143 26 provisoriska
880 1483 56 21 löne-

140 1514 104 25 reglering
266 1514 85 20 anvisas
373 1514 33 19 för
427 1513 126 26 budgetåret
573 1512 127 28 1923/1924
719 1514 30 19 ett
764 1515 60 18 extra
840 1513 95 26 förslags-
1185 1528 1 5 |
1268 1520 1 16 I

141 1544 74 25 anslag
230 1550 26 14 av
275 1544 28 19 42
313 1543 43 21 000
375 1544 39 23 kr.,
434 1550 26 13 av
480 1543 68 21 vilket
567 1543 73 26 anslag
659 1543 62 26 högst
740 1543 42 20 883
802 1543 30 20 kr.
854 1543 27 20 33
901 1545 35 19 öre
1184 1544 2 9 I
1268 1545 2 21 I

141 1574 36 20 må
201 1573 108 21 användas
333 1573 34 20 till
389 1573 93 27 höjande
506 1580 26 13 av
551 1573 145 26 ersättningen
714 1573 33 20 för
762 1573 91 20 vikariat
869 1573 68 20 under
1268 1567 2 25 I

141 1603 220 21 konsistorienotaries
380 1606 108 18 semester.

99 1668 10 16 4
127 1663 38 20 FK
182 1663 69 20 avslår
266 1663 82 20 motion
365 1669 35 14 om
416 1662 154 26 lönereglering
584 1662 33 21 för
633 1662 209 26 befattningshavare
858 1663 37 21 vid
911 1663 26 20 de|
975 1670 8 10 >
1098 1662 26 20 15
1191 1662 26 21 121
1247 1663 10 19 11
1297 1662 25 20 16
1495 1663 34 20 40:
1540 1663 41 21 61d

142 1693 148 20 ecklesiastika
306 1693 166 20 konsistorierna
487 1699 29 13 m.
533 1699 29 13 m.

100 1757 8 16 1
127 1752 43 21 Till
186 1752 68 21 ökade
270 1752 151 21 arbetskrafter
442 1752 37 20 vid
502 1751 158 27 domkapitlens
684 1752 146 26 expeditioner
853 1753 84 20 anvisas
952 1751 57 22 19241
1025 1752 43 21 1:8
1205 1752 12 20 6)
1248 1752 10 20 1!
1310 1752 13 20 81
1356 1758 24 15 1918
1449 1757 23 15 Ali6]
1504 1753 69 20 27:24
1576 1747 15 36 |
1605 1751 54 21 27:5

142 1783 33 19 för
191 1782 126 26 budgetåret
334 1780 125 29 1924/1925
477 1783 30 19 ett
522 1784 60 18 extra
597 1781 74 26 anslag
686 1789 26 13 av
729 1781 79 21 30490
824 1782 31 20 kr.
1023 1787 45 22 p.37

100 1847 10 15 2
127 1842 38 20 RD
181 1842 115 25 medgiver,
313 1843 31 18 att
360 1841 128 27 provisorisk
505 1841 153 26 lönereglering
673 1842 36 19 må
724 1841 68 20 under
802 1841 59 20 tiden
874 1841 10 20 1
896 1841 41 27 juli
942 1837 14 35 |
976 1850 8 9 »
1025 1842 42 20 11:8
1205 1842 13 20 61
1248 1841 10 20 1
1311 1841 12 20 8

145 1871 116 21 1924—530
277 1872 48 26 juni
343 1871 56 20 1925
416 1871 57 26 gälla
488 1871 7 20 i
508 1871 59 25 fråga
583 1877 35 14 om
634 1871 92 20 notarier
741 1871 40 20 och
797 1878 141 13 amanuenser
1022 1876 46 22 p.38

143 1901 36 20 vid
196 1901 26 20 de
241 1901 149 20 ecklesiastika
408 1901 175 23 konsistorierna;
603 1900 37 21 det
658 1901 143 26 provisoriska
819 1901 118 26 avlönings-

144 1931 96 26 tillägget
263 1932 61 24 utgår
347 1931 50 20 med
420 1930 96 27 följande
537 1930 76 27 belopp
629 1931 33 20 för
677 1931 50 20 hela
742 1931 44 20 året
802 1931 85 20 räknat:
904 1931 33 20 till

143 1961 81 20 notarie
243 1960 37 20 vid
298 1960 133 27 domkapitel
450 1960 50 21 med
520 1960 64 20 2500
604 1960 38 24 kr.,
662 1960 55 20 dock
735 1962 32 18 att
785 1960 152 26 avlöningstill-

144 1991 70 25 lägget
229 1990 47 20 icke
292 1991 36 19 må
344 1991 51 25 utgå
410 1990 50 20 med
475 1990 65 25 högre
556 1990 77 26 belopp
650 1992 27 18 än
693 1992 31 19 att
739 1990 120 20 detsamma
871 1991 67 26 jämte

144 2020 42 20 den
202 2020 101 24 inkomst,
326 2027 46 13 som
396 2020 68 20 under
487 2021 95 19 närmast
604 2020 126 26 föregående
753 2020 155 27 räkenskapsår
927 2021 12 19 å

144 2050 158 20 vederbörande
326 2051 67 26 tjänst
416 2050 113 26 uppburits
551 2056 26 14 av
596 2050 80 20 sådana
695 2050 185 26 avlöningsbidrag
899 2049 50 26 och
932 2045 14 36 |

1356 1847 25 15 2018
1399 1841 74 21 Ali6
1504 1841 33 21 Sö
1605 1840 55 20 27:
1643 1836 14 34 5
