1863 2369
831 156 135 35 SAKREGISTER
1659 165 41 21 145

1062 226 16 39 RA
1423 239 53 17 Riks-

987 259 17 27 5
1040 247 35 41 FE
1243 251 108 44 (UEKORE:
1400 263 85 33 dagens
1541 270 118 17 Kamrarnas

987 286 66 30 Bola
1064 289 18 36 z
1085 280 108 43 Motioner
1320 285 38 34 EN
1427 299 46 17 skri-
1484 292 23 35 |
1526 299 144 23 förhandlingar

987 320 18 28 2
1041 318 41 33 32
1220 315 47 18 eller
1280 316 98 17 memorial
1419 329 62 17 velser

983 349 97 27 Sale

1041 373 35 17 ag
1213 375 17 12 2

988 380 17 25 FE
1041 383 231 47 SEE
1144 376 46 61 AE
1193 383 79 47 Ela
1368 384 17 45 E
1421 394 17 28 2
1468 384 114 46 Elen
1612 384 71 42 jane

114 437 176 28 Avskrivningar
306 439 36 22 och
358 439 127 30 eftergifter.

116 473 9 16 9
144 468 37 21 RD
197 469 114 26 medgiver,
329 472 31 19 att
376 471 271 28 Sala—Gysinge—Gävle
663 481 42 20 nya
720 475 231 28 järnvägsaktiebolags
967 476 55 21 1929]
1039 478 40 20 151
1218 478 118 22 61-145
1423 480 28 21 98
1508 480 33 21 21:
1553 486 38 16 104]
1609 481 33 21 28:
1654 487 38 15 115

158 499 65 21 skuld
246 500 33 20 till
303 502 69 19 staten
396 503 27 25 på
445 502 69 26 grund
530 510 26 14 av
573 503 35 21 det
624 504 33 20 för
672 504 128 27 anläggning
816 512 25 14 av
858 506 93 26 bolagets

158 529 90 27 järnväg
272 530 105 27 beviljade
393 532 90 20 statslån
499 533 12 19 å
529 533 64 21 1545
603 534 42 20 500
662 534 29 20 kr.
708 536 36 19 må
760 535 90 26 regleras
867 537 27 26 på
909 538 43 19 sätt

158 559 40 20 och
220 559 68 21 under
306 560 83 25 villkor,
406 568 46 14 som
468 562 7 20 i
492 563 232 27 statsrådsprotokollet
739 567 49 19 över
803 565 148 22 kommunika-

159 589 149 21 tionsärenden
324 590 41 20 den
384 591 25 19 15
425 591 52 21 febr.
496 592 57 21 1929
570 593 110 21 förordats.

102 658 24 16 10
144 654 37 20 RD
197 654 114 27 medgiver,
328 657 31 19 att
374 658 80 19 statens
470 657 42 21 den
530 658 9 20 1
557 658 41 27 juli
614 658 55 21 1929
681 660 120 20 beräknade
812 660 88 27 kapital-
912 662 39 19 och
951 650 21 41 |
989 670 8 10 »
1039 662 40 21 |157
1218 663 12 20 6)
1260 663 10 20 11
1308 665 27 20 46
1422 664 27 21 99
1507 664 33 21 21:
1552 670 38 16 104/
1608 666 33 20 28:
1653 671 38 15 115

158 684 147 21 räntefordran
321 685 38 21 hos
376 686 240 23 Klintehamn—Roma
631 689 221 28 järnvägsaktiebolag
867 692 36 19 må
918 692 33 19 till

159 713 41 21 den
224 714 40 24 del,
280 715 126 21 densamma
421 718 114 25 överstiger
552 718 42 20 215
603 718 43 21 000
663 719 38 24 kr.,
718 720 108 20 avskrivas
842 721 68 20 under
925 721 26 21 de

158 744 7 19 i
188 744 231 27 statsrådsprotokollet
442 748 50 19 över
507 748 292 22 kommunikationsärenden
817 750 33 21 för
866 751 41 20 den
923 751 27 21 25

158 773 52 21 febr.
228 773 56 21 1929
301 775 112 21 förordade
429 777 82 20 villkor.

100 843 22 15 11
141 839 38 20 RD
196 840 115 26 medgiver,
331 843 32 18 att
378 841 42 21 den
437 843 193 26 omständigheten,
646 846 31 18 att
693 845 81 20 arbetet
789 846 13 20 å
817 846 134 26 järnvägsan-|
989 856 8 10 »
1038 847 42 21 |170
1217 848 12 20 6!
1260 849 10 20 11
1307 850 28 20 47
1410 849 39 21 100
1507 849 33 21 21:
1552 855 39 16 104/
1608 851 33 20 28:
1654 856 37 15 115

156 868 100 27 läggning
271 871 47 19 från
334 868 121 24 Älmeboda
470 873 33 20 till
519 873 115 26 Ingelstad,
651 875 49 20 varå
716 875 125 21 koncession
852 872 99 35 beviljats

156 898 42 21 den
215 899 27 20 30
258 902 53 24 sept.
330 901 64 25 1911,
410 902 47 20 icke
473 903 62 20 blivit
551 904 98 26 påbörjat
664 905 59 20 inom
739 905 131 21 föreskriven
880 906 39 25 tid,
930 907 20 26 ej

156 930 36 19 må
207 931 75 25 utgöra
297 930 77 21 hinder
389 931 33 21 för
438 934 31 18 att
482 933 33 20 till
526 933 109 26 Ingelstad
654 926 128 40 —-Älmeboda
795 936 154 26 järnvägs-a.-b.

156 959 7 19 i
187 959 126 21 likvidation
333 961 116 21 återbetala
465 962 41 21 den
522 963 33 20 till
571 963 56 28 följd
642 971 26 14 av
684 965 94 20 nämnda
794 966 157 26 omständighet

156 988 34 20 till
206 989 82 21 kronan
304 991 124 21 förverkade
445 992 68 24 delen,
531 993 12 20 6
553 993 42 20 250
612 994 38 25 kr.,
666 1001 26 14 av
708 995 36 20 det
758 995 78 27 belopp
847 997 12 19 å
871 996 27 20 25
908 996 42 21 000

156 1018 39 26 kr.,
212 1019 67 21 vilket
294 1020 34 20 till
344 1021 99 21 säkerhet
458 1022 33 20 för
506 1023 134 26 fullgörande
652 1031 26 14 av
688 1025 34 20 för
732 1025 153 21 koncessionen
896 1026 54 21 stad-

156 1048 53 26 gade
225 1049 78 21 villkor
319 1050 94 21 nedsatts
429 1052 7 20 i
453 1053 157 21 statskontoret.

100 1112 23 15 12
140 1108 87 26 Förslag
253 1116 46 19 ang.
326 1110 178 22 efterskänkande
531 1119 26 14 av
579 1113 315 28 återbetalningsskyldigheten
917 1116 33 20 be-|
989 1124 8 11 »
1038 1116 41 21 |152
1217 1117 12 20 6)
1260 1117 9 20 11
1307 1118 28 20 49
1408 1117 39 20 232
1508 1117 33 21 21:
1555 1119 79 21 104128:
1644 1120 49 20 115d

156 1138 105 21 träffande
276 1139 34 20 till
326 1140 117 21 ledamöter
459 1148 26 14 av
501 1143 227 27 vattenfallsstyrelsen
744 1145 86 26 oriktigt
846 1146 105 20 utbetalta
1295 1147 40 20 102
1508 1147 70 21 31:1d
1601 1149 33 20 138:
1640 1143 11 39 3

156 1167 158 28 dyrtidstillägg
329 1170 75 21 avslås.
1507 1177 55 21 32:6
1601 1179 54 21 140:6

99 1237 23 15 13
140 1233 82 21 Motion
238 1241 35 13 om
291 1235 97 21 befrielse
403 1236 34 21 för
452 1233 113 25 Överluleå
580 1238 105 21 kommun
702 1240 46 20 från
759 1240 155 27 återbetalning
925 1248 25 13 av
948 1235 19 36 |
989 1249 8 11 >
1149 1242 41 20 2321
1217 1242 12 21 6]
1260 1242 10 20 1]
1308 1242 27 21 68
1515 1243 33 20 24:
1559 1248 25 15 50
1585 1239 19 37 |
1608 1244 34 21 30:
1653 1245 41 20 83d

155 1263 57 20 vissa
227 1264 33 20 för
275 1264 82 21 kronan
368 1266 108 27 tillhöriga
486 1267 123 27 fastigheter
620 1269 85 26 erlagda
715 1270 148 27 skattebelopp
874 1271 75 21 avslås.

99 1326 23 15 14
141 1322 38 20 RD
196 1323 113 27 medgiver,
326 1327 31 18 att
373 1326 76 21 osäkra
463 1327 119 27 fordringar
598 1328 36 21 vid
647 1329 141 21 riksbankens
799 1330 152 21 huvudkontor
948 1318 11 41 |
989 1339 8 10 >
1217 1332 12 20 8)
1259 1331 11 21 11
1307 1332 28 20 39
1515 1333 68 20 26:19
1582 1329 22 41 |
1616 1334 33 21 32:
1660 1340 25 15 22

155 1353 36 19 må
214 1360 26 13 ur
262 1354 172 28 räkenskaperna
453 1357 108 21 avskrivas
576 1358 34 20 till
627 1360 30 19 ett
672 1360 143 26 sammanlagt
831 1361 77 26 belopp
924 1368 26 14 av

156 1382 27 20 49
193 1383 42 20 996
252 1384 31 20 kr.
301 1384 28 21 62
345 1387 41 19 öre.

115 1452 6 15 1
140 1448 38 20 RD
205 1449 114 26 medgiver,
343 1453 31 18 att
398 1452 316 29 återbetalningsskyldigheten
737 1456 33 20 för
794 1456 156 21 vederbörande
966 1456 58 22 /|1930]
1045 1457 27 21 26
1217 1458 12 20 6)
1260 1456 74 22 1]-27
1422 1457 24 21 81
1515 1458 54 21 11:
1554 1454 50 41 8]
1617 1460 53 21 12:5

155 1478 131 22 kanallotsar
301 1480 36 21 vid
354 1481 117 22 Trollhätte
487 1482 64 21 kanal
568 1484 132 21 beträffande
716 1485 61 21 deras
794 1486 62 21 andel
872 1487 8 19 i
896 1487 55 20 vissa

155 1508 7 19 i
182 1509 231 27 statsrådsprotokollet
431 1513 50 20 över
496 1513 293 23 kommunikationsärenden
805 1516 42 20 den
863 1516 27 20 16
906 1513 43 35 jan.

157 1537 56 21 1930
229 1540 149 26 omförmälda,
395 1542 33 20 för
443 1543 86 26 mycket
545 1544 115 26 uppburna
673 1544 161 28 lotspenningar
845 1547 36 20 må
891 1547 59 20 efter-

155 1567 98 22 skänkas.

113 1637 9 15 2
140 1632 37 21 RD
201 1634 114 26 medgiver,
335 1638 31 18 att
385 1637 75 20 osäkra
475 1638 119 27 fordringar
610 1639 36 21 vid
662 1640 141 22 riksbankens
819 1642 131 26 avdelnings-|
984 1634 8 38 >»
1217 1641 53 22 SL
1516 1643 32 21 13:
1560 1649 24 15 60
1586 1639 21 41 |
1617 1644 32 20 14:
1661 1650 24 15 55

155 1662 76 21 kontor
254 1664 7 20 i
285 1665 106 27 Göteborg
414 1667 39 20 och
475 1668 67 20 Luleå
560 1670 36 19 må
614 1676 26 13 ur
656 1670 172 28 räkenskaperna
843 1672 108 21 avskrivas

155 1692 33 20 till
204 1695 31 18 ett
250 1696 144 26 sammanlagt
409 1697 78 27 belopp
503 1704 26 14 av
546 1698 12 20 3
568 1698 42 21 940
627 1699 30 20 kr.
676 1700 12 20 5
705 1702 41 18 öre.

112 1762 10 15 3
140 1758 37 20 RD
200 1759 113 26 medgiver,
339 1763 31 18 att
389 1764 80 19 statens
486 1763 41 20 den
544 1763 25 21 31
588 1764 44 20 dec.
651 1764 56 21 1929
725 1766 120 21 beräknade
862 1767 88 26 kapital-|
989 1774 9 11 >»
1038 1767 41 21 |103
1217 1768 12 20 6)
1260 1767 10 20 11
1307 1768 28 20 451|
1368 1773 24 15 17
1422 1767 26 20 84
1516 1768 67 21 19:21
1590 1764 15 37 |
1610 1768 32 21 19:
1655 1774 38 16 136

155 1788 39 20 och
210 1790 147 21 räntefordran
373 1792 39 20 hos
427 1790 202 29 Varberg—Ätrans
639 1795 222 28 järnvägsaktiebolag
871 1798 36 19 må
917 1797 33 20 till
1042 1802 32 23 pel

155 1817 41 21 den
215 1818 41 25 del,
277 1819 126 23 densamma
419 1823 114 26 överstiger
549 1824 43 20 500
602 1824 41 21 000
661 1825 38 24 kr.,
717 1826 108 21 avskrivas
841 1827 68 20 under
925 1827 25 20 de

154 1848 7 19 i
177 1849 232 27 statsrådsprotokollet
424 1854 50 19 över
489 1853 293 23 kommunikationsärenden
799 1856 41 21 den
857 1857 28 20 14
897 1857 52 20 febr.

156 1878 56 20 1930
228 1879 112 21 förordade
356 1881 83 21 villkor.

111 1941 10 16 4
139 1937 37 20 RD
200 1938 115 26 medgiver,
340 1943 31 18 att
390 1943 80 19 statens
486 1942 42 21 den
544 1943 26 20 31
588 1944 44 20 dec.
652 1944 56 21 1929
725 1946 120 20 beräknade
862 1946 88 27 kapital-|
989 1954 8 11 »
1038 1946 41 21 |103
1218 1948 12 20 6|
1260 1946 11 21 11
1307 1947 28 20 451
1367 1952 25 16 20)
1423 1947 26 20 84
1516 1944 33 40 19:
1560 1953 23 15 21
1592 1944 15 40 |
1610 1948 33 21 19:
1655 1953 38 16 136

154 1967 39 20 och
216 1969 148 22 räntefordran
383 1971 38 20 hos
437 1970 227 30 Eksjö—Österbymo
679 1975 221 27 järnvägsaktiebolag
915 1977 36 20 må
1042 1981 30 23 p.2

153 1997 33 20 till
203 1997 41 21 den
261 1998 40 26 del,
319 2000 127 22 densamma
461 2003 114 26 överstiger
592 2004 42 20 250
644 2004 42 21 000
704 2005 38 25 kr.,
760 2006 108 21 avskrivas
883 2006 69 20 under

154 2026 26 21 de
202 2027 8 20 i
233 2030 232 26 statsrådsprotokollet
488 2034 50 19 över
556 2033 293 23 kommunikationsärenden
865 2036 42 20 den
924 2036 27 20 14

154 2056 52 21 febr.
225 2057 56 21 1930
297 2059 113 22 förordade
426 2061 83 22 villkor.

89 2108 28 18 19.
132 2110 90 19 Sakregister
230 2112 14 15 I.
