1849 2363
1633 79 39 21 641

91 257 134 27 Krigsrätter.

121 293 18 20 1.
156 293 42 20 RD
214 293 88 20 anvisar
317 293 34 20 till
366 293 147 27 ersättningar
528 294 32 20 till
576 294 64 20 civila
655 294 120 20 ledamöter
790 294 6 20 i
812 294 169 26 fältkrigsrätter

91 329 29 14 m.
130 329 29 14 m.
175 323 27 20 70
211 323 40 20 000
266 323 32 20 kr.
316 323 33 26 (f).

119 353 19 20 2.
155 353 42 20 RD
208 353 88 20 anvisar
306 353 33 20 till
350 353 129 27 avlöningar
488 353 40 21 367
538 353 41 21 300
588 354 32 20 kr.
632 353 33 27 (f).

118 412 20 21 3.
155 412 42 21 RD
213 412 88 21 anvisar
316 413 34 20 till
366 413 155 20 omkostnader
536 413 27 20 30
572 413 41 20 000
627 413 32 20 kr.
677 413 32 26 (f).

119 472 20 19 4.
156 472 42 20 RD
208 473 91 25 antager
307 472 80 26 förslag
395 472 33 20 till
437 472 35 26 lag
481 478 35 14 om
525 472 91 21 fortsatt
624 472 100 27 giltighet
732 478 28 15 av
769 472 62 26 lagen
841 473 41 19 den
891 472 26 20 26
926 473 55 25 april

92 501 54 21 1940
160 502 34 26 (nr
208 501 49 27 272)
272 502 50 20 med
336 502 106 20 särskilda
456 502 164 20 bestämmelser
633 508 49 21 ang.
698 502 147 21 domstolarna
860 503 40 19 och
914 504 67 19 rätte-

90 531 85 27 gången
190 531 38 20 vid
238 531 48 27 krig
297 531 50 21 eller
357 532 106 26 krigsfara
474 538 29 14 m.
513 538 28 14 m.

120 573 18 19 1.
155 572 42 20 RD
209 573 88 20 anvisar
307 573 33 20 till
350 573 128 26 avlöningar
487 573 41 20 336
537 574 41 20 400
587 574 32 19 kr.
631 574 33 26 (f).

118 632 20 20 2.
155 631 42 21 RD
208 632 88 20 anvisar
306 632 33 20 till
350 632 155 21 omkostnader
515 632 27 21 30
551 632 41 21 000
601 633 32 20 kr.
645 632 33 27 (f).

120 697 18 20 1.
155 697 42 20 RD
208 697 88 21 anvisar
306 697 33 21 till
349 697 128 27 avlöningar
487 698 40 20 336
536 698 41 20 400
587 698 32 20 kr.
631 698 32 26 (f).

117 756 20 20 2.
154 756 42 20 RD
209 756 89 21 anvisar
309 757 34 20 till
355 757 155 20 omkostnader
522 757 26 21 32
558 757 41 21 000
610 757 32 21 kr.
656 757 33 27 (f).

119 821 18 20 1.
154 821 42 21 RD
212 821 120 22 fastställer
347 822 161 27 avlöningsstat
523 824 58 19 samt
596 823 87 20 anvisar
698 823 34 20 till
747 823 128 26 avlöningar
891 823 38 20 168
939 823 40 20 200

90 851 31 20 kr.
138 851 34 26 (0):

118 881 19 20 2.
154 881 42 20 RD
207 881 89 20 anvisar
306 881 33 21 till
350 882 155 20 omkostnader
517 882 24 20 16
550 882 41 20 000
601 882 32 20 kr.
645 882 32 26 (f).

118 911 26 20 Se
161 911 41 20 ock
218 911 186 26 Krigsdomstolar,
420 912 195 26 Processreformen,
634 912 227 26 Rättegångsväsendet,
878 912 100 20 militära.

89 952 228 25 KRIGSSJUKHUS;
336 959 22 14 se
376 953 78 20 Armén
474 953 63 26 (1943
546 954 28 20 H:
588 953 25 27 1).

89 991 238 23 KRIGSSJUKVÅRD
351 994 12 21 å
386 994 64 21 civila
473 994 98 27 sjukhus;
594 1001 23 14 se
639 995 216 26 Medicinalstyrelsen
879 995 69 26 (1944:
961 996 17 22 5,

120 1023 59 21 1945:
192 1023 27 27 5).

88 1061 361 25 KRIGSSKADEERSÄTTNING
466 1066 29 20 M.
513 1066 29 20 M.

117 1100 42 20 RD
173 1100 73 21 avslår
258 1101 109 20 motioner
380 1107 35 15 om
428 1101 57 21 vissa
499 1102 117 26 ändringar
628 1102 7 20 i
647 1102 62 27 lagen
723 1102 41 20 den
777 1102 24 20 21
816 1102 47 26 juni
878 1102 52 20 1940
944 1108 34 14 om

90 1130 256 28 krigsskadeersättning.

119 1171 42 21 RD
171 1173 91 25 antager
270 1172 81 27 förslag
360 1172 33 21 till
402 1173 35 26 lag
446 1178 49 21 ang.
506 1173 92 27 ändring
607 1173 7 20 i
623 1173 57 20 vissa
691 1173 58 21 delar
758 1179 28 15 av
795 1173 62 27 lagen
868 1179 34 14 om
912 1173 67 27 krigs-

90 1201 196 27 skadeersättning.

120 1243 18 20 1.
155 1243 43 20 RD
209 1245 91 25 antager
310 1244 80 26 förslag
400 1244 33 20 till
444 1244 35 27 lag
489 1249 49 22 ang.
550 1245 84 20 ändrad
645 1244 80 27 lydelse
736 1251 28 14 av
775 1245 31 26 2$
817 1245 13 20 2
840 1251 65 14 mom.
917 1245 61 26 lagen

90 1272 43 21 den
144 1273 25 20 21
182 1272 48 26 juni
243 1273 53 20 1940
307 1274 35 25 (nr
353 1274 49 26 540)
415 1280 35 14 om
462 1274 256 27 krigsskadeersättning.

118 1302 20 20 2.
155 1302 42 20 RD
217 1303 88 20 anvisar
324 1303 34 20 till
370 1304 69 26 förlag
451 1304 33 20 för
495 1304 274 26 krigsskadeersättningar
780 1311 29 13 m.
818 1311 29 14 m.
861 1304 12 21 å
885 1304 95 27 tilläggs-

90 1333 46 19 stat
151 1332 21 20 II
186 1332 41 21 550
235 1332 42 21 000
289 1333 33 20 kr.
336 1333 31 27 (i).

119 1391 19 20 3.
155 1391 40 20 FK
209 1392 73 20 avslår
295 1392 83 20 motion
393 1399 35 14 om
442 1393 139 20 ekonomiskt
594 1393 120 21 understöd
727 1394 25 19 åt
765 1393 147 21 efterlevande
926 1393 55 20 efter

91 1420 93 20 svenska
196 1421 192 27 beredskapsmän,
400 1422 85 26 sjömän
497 1423 40 20 och
548 1423 87 23 fiskare,
647 1429 47 14 som
705 1423 92 21 förlorat
807 1423 54 20 livet
872 1423 27 26 på
911 1423 69 26 grund

91 1456 28 14 av
131 1450 97 20 rådande
240 1451 218 26 krigsförhållanden.

119 1480 20 20 4.
156 1480 42 20 RD
214 1480 117 27 medgiver,
348 1482 35 19 att
398 1481 48 20 från
462 1482 98 26 anslaget
574 1482 34 20 till
624 1482 140 21 oförutsedda
780 1482 91 27 utgifter
885 1482 36 21 må
937 1482 44 20 tills

91 1509 75 20 vidare
178 1510 69 20 under
258 1510 134 26 budgetåren
406 1511 90 26 1943/44
508 1512 40 20 och
560 1512 91 26 1944/45
662 1512 53 27 utgå
726 1512 122 26 ersättning
859 1512 34 20 för
903 1512 78 20 förlust

91 1545 28 14 av
131 1538 51 21 eller
194 1539 68 21 skada
274 1540 13 20 å
299 1540 105 26 egendom
417 1542 61 19 utom
490 1541 76 20 landet
576 1542 34 20 till
622 1548 107 20 personer,
742 1542 60 20 vilka
813 1542 7 20 i
832 1542 67 20 rikets
911 1542 70 26 tjänst

91 1570 37 19 äro
141 1569 40 20 där
192 1569 96 24 bosatta,
301 1571 103 19 ävensom
417 1570 33 20 till
463 1571 62 20 deras
536 1571 68 26 familj
619 1572 40 19 och
671 1571 121 27 personliga
804 1572 92 26 tjänare.

119 1598 20 21 5.
155 1598 43 21 RD
211 1599 73 20 avslår
295 1599 108 21 motioner
414 1605 49 21 ang.
477 1600 122 27 ersättning
610 1601 33 20 till
655 1601 7 20 i
674 1601 102 21 utlandet
787 1602 88 20 bosatta
888 1601 92 20 svenska

91 1628 143 26 medborgare
244 1629 34 20 för
288 1629 102 20 förluster
400 1635 77 21 genom
488 1630 134 26 krigsskada.

121 1669 18 21 1.
156 1670 42 20 RD
212 1670 118 27 medgiver,
344 1672 36 19 att
392 1671 48 20 från
454 1672 98 26 anslaget
565 1672 33 20 till
612 1672 140 21 oförutsedda
766 1673 91 26 utgifter
869 1673 43 23 må,
926 1673 55 20 efter

92 1700 108 26 prövning
211 1700 7 20 i
230 1700 61 26 varje
303 1701 88 20 särskilt
403 1701 44 23 fall,
460 1701 43 20 tills
514 1702 76 20 vidare
602 1702 69 20 under
682 1702 131 27 budgetåret
826 1702 90 26 1945/46
928 1703 52 26 utgå

92 1729 122 27 ersättning
224 1730 33 20 för
267 1730 79 20 förlust
356 1736 28 14 av
395 1730 50 20 eller
455 1731 68 20 skada
533 1732 12 19 å
556 1732 106 26 egendom
672 1733 62 19 utom
744 1732 76 20 landet
829 1732 33 20 till
873 1738 107 21 personer,

91 1758 60 21 vilka
161 1759 7 20 i
177 1759 68 21 rikets
255 1760 70 26 tjänst
335 1762 37 18 äro
383 1760 39 21 där
431 1761 95 23 bosatta,
537 1763 103 19 ävensom
650 1762 33 20 till
693 1762 62 20 deras
765 1762 68 26 familj
845 1762 40 20 och
895 1768 87 20 person-

91 1788 43 27 liga
149 1788 93 27 tjänare.

120 1818 19 21 2.
156 1818 43 21 RD
211 1820 91 25 antager
313 1819 80 27 förslag
404 1819 33 21 till
448 1820 36 26 lag
495 1825 49 22 ang.
556 1820 84 21 ändrad
651 1821 82 26 lydelse
744 1827 28 14 av
784 1821 12 21 5
808 1822 9 24 $
829 1821 62 27 lagen
903 1822 41 20 den
956 1821 24 21 21

91 1847 48 26 juni
152 1848 54 21 1940
217 1848 35 27 (nr
263 1849 50 26 540)
325 1855 36 15 om
372 1849 251 28 krigsskadeersättning
634 1850 116 26 (avseende
762 1851 68 20 skada
842 1851 13 20 å
867 1851 115 20 elektriska

92 1877 128 27 ledningar).

121 1907 26 21 Se
163 1908 40 19 ock
219 1908 133 20 Skatteväsen
365 1908 70 27 (1943:
447 1909 27 26 3),
490 1909 147 27 Världskriget.

92 1948 233 22 KRIGSSKADADE.

121 1984 42 20 RD
176 1984 118 27 medgiver,
307 1987 35 19 att
353 1986 129 26 ersättning,
495 1992 47 14 som
554 1986 69 21 under
634 1987 139 26 åberopande
785 1993 28 14 av
824 1987 13 20 9
846 1988 10 25 $
867 1987 62 26 lagen
942 1987 41 20 den

92 2014 27 20 22
132 2013 48 26 juni
195 2014 53 21 1939
262 2021 36 14 om
311 2015 148 26 sjukhusvård
473 2016 38 20 vid
524 2016 48 26 krig
584 2016 51 20 eller
647 2016 107 27 krigsfara
767 2023 29 14 av
809 2017 127 20 statsmedel
950 2018 34 19 ut-

92 2043 66 26 givits
168 2044 34 20 för
212 2044 69 21 sådan
291 2045 54 20 vård
356 2045 12 20 å
379 2045 62 20 civilt
450 2045 93 26 sjukhus
552 2052 29 14 av
591 2046 151 26 krigsskadad,
753 2052 47 15 som
811 2047 69 19 denne
889 2047 48 19 icke
947 2048 37 25 ägt

92 2073 89 26 åtnjuta
193 2074 28 26 på
232 2076 84 19 statens
328 2075 130 24 bekostnad,
469 2075 47 20 icke
527 2076 55 20 skall
593 2076 34 20 till
637 2076 72 26 någon
720 2076 34 20 del
765 2076 127 20 återkrävas
903 2082 28 14 av
943 2076 41 20 den

92 2103 104 25 vårdade,
209 2104 77 20 såvida
298 2104 47 20 icke
357 2105 65 20 KM:t
434 2105 136 21 annorlunda
583 2105 138 21 bestämmer.

99 2170 117 16 41—141701

1136 168 91 16 Motioner
1273 165 91 28 Utskott
1526 169 95 16 Protokoll

1002 189 25 19 År
1024 185 16 32 |
1049 193 54 20 Prop.
1408 180 57 41 bred

1131 222 33 16 FK
1166 218 23 30 |
1193 223 36 15 AK
1250 222 86 16 |SmllAvd!
1359 223 26 16 Nr
1504 223 32 16 FK
1603 224 35 15 AK

1002 294 27 19 45]
1058 294 39 19 1:21]
1141 305 28 3 —I
1206 305 28 3 —I
1269 294 61 20 61—-
1381 294 13 20 2
1446 294 12 20 21
1485 295 167 19 41:19:-)-11::12

1048 327 22 20 pt
1081 325 24 18 28
1349 331 15 11 s.
1372 326 24 17 141
1420 326 37 17 8.7

1012 359 8 14 »
1034 349 18 35 |
1058 353 39 20 123]
1141 365 28 3 —I
1206 365 28 2 —J]
1269 353 61 20 61—]
1367 353 148 21 711184118:
1527 356 24 17 46
1559 349 18 35 |
1585 354 31 21 18:
1628 356 24 18 89

1056 387 22 19 pt
1088 386 8 16 1
1355 385 37 18 (3

1012 419 8 13 »
1030 408 23 36 |
1058 413 39 20 123)
1141 424 28 3 —I
1206 424 28 3 —]
1269 412 60 20 61—]|
1367 413 184 21 711184118:46
1557 408 18 36 |
1585 413 67 21 18:89

1056 446 21 20 pt
1088 445 9 17 2
1355 444 37 18 8.0

1011 478 8 13 »
1033 468 18 35 ]
1056 473 41 20 212]
1141 484 28 2 —I
1206 484 27 2 —]I
1268 472 12 20 91
1317 473 9 19 11
1366 472 91 21 351303]
1482 473 33 20 22:
1527 475 24 18 68
1558 468 18 35 |
1583 473 33 20 22:
1627 475 25 18 93

1000 573 27 20 461
1057 573 36 20 181
1141 584 27 3 —I|
1205 584 28 3 —|
1268 573 61 19 61—]
1354 573 38 20 1071
1417 573 41 20 2341
1483 574 32 20 17:
1528 576 22 17 12
1555 569 22 34 |
1584 573 67 21 18:10

1054 607 22 19 pt
1088 606 7 16 1
1354 610 14 11 s.
1381 604 10 18 6

1010 638 8 13 »
1032 628 18 35 |
1057 632 37 20 181]
1140 644 28 2 —|
1205 644 28 2 —I|
1268 632 61 20 61—
1327 628 10 35 1
1354 632 38 20 1071
1417 632 41 21 2341
1484 633 31 20 17:
1527 635 23 17 12
1559 628 18 35 |
1584 633 67 21 18:10

1054 666 22 19 pt
1086 664 10 17 2
1347 669 15 12 s.
1371 664 23 17 10

1000 697 27 20 471
1057 698 39 19 134
1140 709 93 3 PET
1267 697 61 20 ERE
1380 698 12 20 21
1444 698 92 20 211078
1545 693 33 35 51
1583 698 67 21 10217

1047 731 22 19 pt
1080 729 24 18 29
1353 734 15 12 ss
1381 729 75 18 öls.4

1009 763 9 13 al
1057 757 39 20 tg
1140 768 28 3 ee
1205 756 187 21 lAF6]S21
1444 757 13 20 720
1483 758 53 20 10208
1584 757 31 21 Or

1046 791 22 19 pt
1079 789 24 17 30
1353 793 15 12 ss
1381 789 10 17 91
1418 789 37 17 8.0

1000 822 26 20 48)
1056 823 40 19 1:4
1116 818 7 35 |]
1139 834 28 3 —!I
1204 834 28 2 —I1
1267 822 61 20 61—
1353 822 39 20 11661
1416 822 120 21 352125:6
1582 823 68 20 |25:10

1046 856 22 19 pt
1079 854 24 17 25
1353 859 15 12 8.
1381 855 8 17 1

1009 888 8 13 »
1029 877 22 35 |
1056 882 40 19 1:4]
1139 893 28 3 —I
1204 893 28 3 —1I
1267 881 61 20 61—
1353 882 38 20 11661
1416 882 119 21 352125:6
1581 882 69 20 |25:10

1047 915 21 19 pt
1079 913 24 18 26
1353 914 37 17 8

999 1101 27 20 43]
1068 1113 28 2 —
1100 1096 15 36 I
1140 1101 23 20 611
1205 1101 26 20 241
1266 1100 13 20 91
1314 1104 12 19 21
1365 1101 26 20 271
1429 1102 85 20 —J118:
1525 1102 40 20 85dl
1583 1101 31 21 18:
1626 1103 24 19 25

1010 1178 9 13 »
1027 1159 18 48 |
1054 1172 39 21 361
1102 1159 18 48 |
1126 1172 40 20 334
1191 1172 38 20 |471]
1266 1172 13 20 91
1314 1175 13 20 2|
1365 1172 149 21 671504]32:
1527 1175 23 18 61
1558 1159 18 48 |
1581 1173 33 20 32:
1626 1175 24 18 28

1000 1244 27 20 441
1055 1244 41 20 2481
1140 1256 27 2 —|
1205 1255 27 3 —1I
1267 1243 12 20 91
1314 1246 13 20 21
1365 1244 149 20 391299119:
1528 1246 37 18 1081
1583 1244 31 20 19:
1628 1246 37 18 163

1010 1309 8 14 »
1032 1299 18 35 |
1056 1304 40 20 2751
1140 1315 28 3 —|
1205 1315 27 2 —]
1267 1303 12 19 6
1300 1317 28 3 1—1]
1353 1303 39 20 1881
1416 1303 120 21 420125:8
1581 1304 69 20 25:12

1042 1333 36 20 bil.
1087 1335 23 18 12
1353 1335 37 17 39

1055 1367 21 20 pt
1087 1366 8 16 1

1011 1399 8 13 »
1028 1388 28 35 |
1069 1405 28 2 —1I
1142 1392 25 20 191]
1204 1392 75 20 —lI12!
1314 1394 13 20 2l
1379 1392 12 20 91
1429 1393 120 20 —123:43

1011 1488 9 13 »
1057 1482 39 20 [183]
1140 1493 28 2 —|I
1205 1493 28 2 —I
1267 1480 61 20 61—
1328 1476 10 36 |
1353 1481 38 20 1471
1416 1481 40 20 3291
1480 1482 55 20 20:6
1551 1476 19 36 |
1581 1481 69 21 20:58

1011 1607 8 13 »
1029 1595 23 36 |
1070 1600 162 20 —11811293]
1267 1599 125 21 6|—11801
1430 1601 121 20 —123:1d
1576 1600 89 21 |23:121d

1001 1672 27 20 451
1070 1672 26 20 391
1141 1683 27 3 —|
1206 1683 27 2 —|
1268 1671 61 20 6|—]
1365 1671 28 21 421
1431 1672 105 20 96113:5
1584 1672 67 20 113:16

1012 1827 9 13 »
1030 1815 23 36 |
1071 1820 26 21 861
1141 1832 28 3 —I
1206 1832 28 2 —JI
1268 1819 13 21 91
1316 1822 13 20 21
1367 1820 148 21 211128115:
1527 1823 24 18 79
1563 1815 15 36 |
1585 1820 31 21 15:
1628 1822 23 18 91

1004 1986 27 20 461
1060 1986 38 21 1681]
1143 1998 27 3 —|
1207 1998 28 3 —]
1270 1985 61 20 61—]
1368 1986 26 20 701
1421 1987 95 20 141114:
1528 1988 24 18 45
1557 1981 23 35 |
1586 1987 31 20 14:
1629 1988 24 18 62
