1848 2359
794 155 136 33 SAKREGISTER
1619 159 41 20 387

1218 250 94 18 Utskotts-

1062 277 94 31 Motioner
1207 281 111 18 utlåtanden

1161 303 2 24 |
1184 311 46 17 eller
1243 311 98 17 memorial

1375 259 72 30 dagens
1504 264 117 17 Kamrarnas

1379 289 56 31 skri-
1489 293 145 23 förhandlingar

1185 367 5 23 Dn

1067 389 33 17 FK
1118 389 34 17 JAK
1152 372 20 51 |
1178 376 58 43 3)

947 256 22 147 1883LPsAIY

1005 304 17 105 198[9ATIAS
1004 244 18 48 IO[[9

1024 374 17 54 ”doad
1024 302 21 65 sy:ley
1024 227 21 70 Bun

1468 373 77 30 Första
1559 366 1 33 |
1579 377 65 18 Andra

1475 398 70 31 kamm.
1559 404 2 32 |
1576 402 70 17 kamm.

57 436 2 31 |
78 439 178 29 Dyrtidstillägg.
1162 454 1 19 |

122 471 33 19 för
172 470 124 27 budgetåret
314 471 131 27 1927/1928,
465 475 56 18 samt
537 474 31 19 att
579 472 157 27 dyrtidstillägg
746 474 22 19 åt
779 473 136 27 befattnings-
1162 495 1 3 I

122 501 78 20 havare
224 501 35 20 vid
283 501 85 21 flottans
392 502 163 27 pensionskassa
576 503 39 20 och
639 504 80 20 statens
736 503 181 26 pensionsanstalt
1055 507 1 25 I
1162 502 1 23 |

122 530 61 21 skola
206 532 50 25 utgå
279 538 26 14 av
328 531 26 21 de
378 532 76 23 medel,
474 539 26 14 av
516 532 58 21 vilka
590 532 83 21 verkets
689 533 52 20 eller
756 533 160 21 institutionens
1055 541 1 18 I
1162 539 2 21 I
1246 538 1 14 |

123 561 151 20 omkostnader
289 562 7 19 i
312 562 69 26 övrigt
397 562 108 21 bestridas.
1055 570 1 11 I
1162 570 2 20 I

932 474 9 20 farg

941 479 24 10 Oo

960 475 12 19 DD

975 474 11 21 2

80 624 9 15 7
108 620 37 20 RD
162 620 139 26 bemyndigar
316 621 61 20 KM:t
392 622 31 19 att
439 621 86 26 vidtaga
535 628 26 14 av
572 622 234 26 departementschefen
817 622 99 21 förordad
915 616 19 36 |
954 631 9 11 »
1004 623 40 20 1133

123 649 90 27 ändring
229 651 6 19 i
251 650 140 26 kungörelsen
407 651 41 20 den
467 651 26 20 18
509 652 48 26 juni
574 651 56 21 1925
642 651 33 27 (nr
686 651 50 29 275)
748 652 48 20 med
807 652 109 21 allmänna
1162 660 2 15 I
1246 658 1 24 |

123 680 92 25 grunder
237 680 33 20 för
293 680 157 27 dyrtidstillägg
473 682 22 20 åt
513 682 15 20 f.
545 681 20 21 d.
589 682 209 26 befattningshavare
813 683 8 20 i
836 684 80 19 statens
1163 683 1 4 |
1311 682 1 21 I

59 702 1 20 |
123 710 67 26 tjänst
206 717 28 13 m.
251 710 20 20 fl.
289 711 144 26 pensionärer;
450 711 40 20 och
506 712 84 20 anvisas
609 712 34 20 till
659 712 118 21 beredande
788 719 26 14 av
827 712 88 27 dyrtids-
1311 704 1 25 |

59 744 1 19 |
123 739 73 27 tillägg
219 741 22 19 åt
257 740 14 20 f.
289 740 19 20 d.
325 741 63 20 civila
412 741 209 26 befattningshavare
637 742 7 20 i
660 744 80 19 statens
764 743 67 26 tjänst
849 749 28 14 m.
895 742 20 21 fl.
1311 741 1 12 |

59 777 1 22 |
123 770 136 26 pensionärer
272 770 33 20 för
321 770 125 27 budgetåret
463 770 126 29 1927/1928
606 774 30 18 ett
647 774 60 18 extra
717 772 163 26 förslagsanslag
891 779 26 14 av
1311 777 2 9 I

123 799 64 21 3300
198 800 42 20 000
264 800 41 24 kr.;
330 801 39 20 och
395 801 140 26 bemyndigas
556 801 61 21 KM:t
632 804 32 18 att
679 802 86 26 vidtaga
780 809 26 14 av
822 802 93 27 departe-

58 827 1 23 I
123 830 147 20 mentschefen
289 830 99 21 förordad
407 831 91 26 ändring
513 832 7 20 i
536 831 141 27 kungörelsen
696 832 41 20 den
754 832 27 20 15
795 832 48 27 juni
860 832 56 21 1923
1246 838 2 4 I

58 858 1 27 I
122 858 33 28 (nr
179 859 50 27 267)
252 860 50 20 med
318 860 111 21 allmänna
443 861 93 26 grunder
551 862 33 20 för
599 861 159 28 dyrtidstillägg
772 862 22 21 åt
810 863 107 26 pensions-
1419 850 1 30 |

58 907 1 8 I
123 889 130 27 berättigade
264 890 68 20 änkor
342 890 40 21 och
394 891 52 20 barn
457 891 54 20 efter
522 891 209 26 befattningshavare
742 892 7 20 i
760 893 80 20 statens
851 893 67 26 tjänst
1418 883 2 43 |

123 926 28 13 m.
168 920 30 24 fl.;
216 920 40 20 och
272 920 85 21 anvisas
373 920 32 21 till
422 921 120 21 beredande
558 928 26 14 av
600 921 158 27 dyrtidstillägg
772 923 22 19 åt
810 922 107 27 pensions-

58 963 1 18 |
123 949 130 27 berättigade
269 950 67 20 änkor
347 950 39 21 och
398 951 52 20 barn
462 951 53 20 efter
526 951 63 21 civila
600 952 208 26 befattningshavare
819 952 7 20 i
837 954 81 19 statens

123 980 67 26 tjänst
213 986 28 13 m.
259 980 20 20 fl.
301 980 33 20 för
350 980 125 27 budgetåret
493 979 125 30 1927/1928
634 984 31 18 ett
680 984 60 18 extra
755 981 163 27 förslagsanslag

123 1015 26 15 av
167 1009 64 20 1650
241 1009 42 21 000
300 1010 41 24 kr.;
358 1010 40 20 och
415 1011 84 20 anvisar
514 1011 38 20 RD
568 1011 33 21 till
618 1011 118 21 beredande
752 1018 26 14 av
793 1011 124 27 dyrtidstill-

59 1059 1 3 |
123 1039 48 26 lägg
186 1040 22 19 åt
224 1039 15 21 f.
251 1039 20 21 d.
284 1040 94 20 militära
389 1040 210 27 befattningshavare
611 1041 33 21 för
656 1041 123 27 budgetåret
791 1041 126 28 1927/1928

58 1066 1 22 I
123 1071 31 18 ett
169 1072 60 17 extra
244 1069 165 27 förslagsanslag
425 1077 25 14 av
470 1070 62 21 1850
542 1071 41 20 000
600 1071 30 20 kr.
648 1073 56 19 samt
718 1071 33 21 till
762 1071 119 21 beredande
892 1078 26 14 av

58 1100 2 11 I
123 1098 157 27 dyrtidstillägg
303 1100 22 20 åt
344 1100 231 27 pensionsberättigade
594 1101 67 21 änkor
676 1102 39 20 och
732 1101 52 21 barn
800 1102 53 20 efter
865 1101 52 21 mili-

59 1127 1 28 |
123 1130 45 19 tära
191 1129 209 26 befattningshavare
424 1130 33 20 för
473 1130 125 27 budgetåret
615 1130 126 29 1927/1928
758 1133 30 19 ett
803 1133 60 19 extra
878 1132 39 20 för-

123 1158 130 27 slagsanslag
269 1166 26 14 av
312 1159 42 21 650
364 1159 42 21 000
423 1160 30 20 kr.

1182 623 12 19 oo

1272 623 14 20 >

1288 623 12 20 S

1372 623 12 20 DD

1387 623 12 20 S

1404 623 8 20 -

1480 619 32 34 30:
1524 629 23 15 41
1554 619 18 34 |
1573 623 33 20 31:
1619 628 37 16 114

58 1221 2 23 |
80 1228 9 16 8
109 1224 39 20 För
170 1225 119 20 beredande
313 1225 68 21 under
397 1225 58 21 tiden
473 1225 11 21 1
501 1226 41 27 juli
560 1226 116 21 1927—30
692 1227 47 27 juni
757 1226 56 21 1928
830 1233 25 14 av
872 1226 45 27 dyr-|
956 1234 8 10 >
1005 1225 42 20 11:8
1184 1224 12 21 6
1226 1224 11 20 EI
1374 1225 42 20 240
1481 1220 33 40 36:
1525 1230 25 16 99
1554 1220 16 40 |
1574 1224 34 21 36:
1620 1229 44 16 133/

58 1250 1 29 |
123 1254 117 27 tidstillägg
255 1256 23 20 åt
293 1255 100 21 nordiska
410 1258 93 18 museets
520 1257 97 26 personal
633 1256 50 21 med
698 1256 110 27 undantag
823 1263 26 14 av
860 1257 57 20 vakt-
1003 1260 46 22 p-30
1663 1260 1 16 I

58 1280 1 31 |
123 1285 39 19 och
178 1285 209 26 arbetarpersonalen
404 1286 35 20 vid
455 1286 223 27 friluftsavdelningen
694 1287 13 20 å
722 1287 96 20 Skansen
834 1287 84 20 anvisas

58 1319 2 42 |
123 1314 33 20 för
179 1315 125 25 budgetåret
328 1313 126 30 1927/1928
478 1318 31 19 ett
531 1318 61 19 extra
610 1317 74 26 anslag
702 1324 26 14 av
744 1316 27 21 41
781 1316 42 21 000
840 1317 30 21 kr.
888 1318 31 19 att

123 1345 50 25 utgå
192 1345 68 20 under
278 1345 137 26 iakttagande
431 1346 7 20 i
454 1345 129 28 tillämpliga
599 1346 59 21 delar
673 1353 26 14 av
715 1346 26 21 de
757 1346 98 27 grunder,
872 1353 45 14 som

58 1376 1 23 |
122 1374 74 21 kunna
214 1374 65 21 varda
296 1375 111 20 bestämda
424 1375 131 22 beträffande
571 1376 157 27 dyrtidstillägg
744 1376 68 21 under
827 1379 90 18 motsva-

59 1406 1 29 |
123 1404 65 20 rande
208 1404 32 21 tid
260 1405 22 20 åt
299 1405 210 26 befattningshavare
525 1406 7 20 i
548 1408 80 19 statens
644 1407 47 20 icke
707 1406 136 27 nyreglerade
859 1406 58 25 verk,

59 1436 2 12 I
123 1434 39 20 och
179 1434 67 26 enligt
261 1435 27 20 de
299 1436 98 20 närmare
409 1435 168 26 bestämmelser,
589 1443 46 14 som
646 1437 35 20 må
692 1443 26 14 av
729 1436 61 20 KM:t
802 1436 115 20 meddelas.

59 1454 2 55 |
81 1498 9 15 9
108 1493 41 21 För
167 1494 136 21 bestridande
323 1501 25 14 av
364 1494 159 27 dyrtidstillägg
538 1496 22 20 åt
575 1496 33 20 för
623 1496 84 26 religiös
723 1496 39 20 och
779 1496 65 20 social
860 1495 57 21 verk-|
956 1502 8 11 »
1007 1494 40 20 |1:8
1184 1493 12 20 61
1227 1493 75 20 1/120
1375 1493 40 20 241
1482 1493 33 20 36:
1526 1498 24 16 99
1556 1488 15 39 |
1575 1492 33 21 36:
1620 1497 39 16 138

124 1524 84 20 samhet
223 1524 66 21 bland
307 1524 102 21 svenskar
426 1525 7 20 i
451 1525 57 20 vissa
526 1525 116 21 utländska
657 1525 138 21 hamnstäder
813 1525 106 21 anställda
1003 1528 46 23 p-39

124 1555 81 25 präster
220 1555 84 20 anvisas
320 1555 33 20 för
364 1554 126 27 budgetåret
507 1555 125 28 1927/1928
644 1558 31 18 ett
685 1557 59 19 extra
756 1555 163 27 förslagsanslag

124 1590 26 14 av
168 1583 26 21 16
204 1584 42 20 000
262 1584 31 21 kr.

67 1648 24 15 10
109 1643 41 20 För
166 1643 118 21 beredande
300 1650 27 15 av
343 1644 158 27 dyrtidstillägg
516 1645 23 20 åt
554 1645 209 26 befattningshavare
773 1645 37 21 vid
821 1645 99 21 tekniska|
957 1652 8 11 »
1006 1643 42 21 |1:8
1185 1643 12 21 6|
1227 1642 74 21 11121
1376 1643 41 20 242
1482 1642 33 21 36:
1526 1648 25 16 99
1576 1641 33 21 136:
1621 1646 38 16 133

130 1673 75 21 skolan
221 1674 7 20 i
245 1674 132 22 Stockholm,
401 1674 162 27 bergsskolorna
579 1675 7 20 i
601 1675 106 27 Filipstad
723 1675 40 21 och
779 1675 69 21 Falun
864 1676 56 19 samt
998 1679 57 22 Ip.218

60 1696 1 32 |
123 1703 118 21 vävskolan
256 1704 8 20 i
280 1704 64 21 Borås
368 1705 85 20 anvisas
476 1704 33 21 för
527 1705 125 26 budgetåret
671 1704 127 29 1927/1928
814 1707 31 19 ett
860 1707 60 19 extra

60 1737 1 15 I
124 1733 164 27 förslagsanslag
303 1741 27 13 av
346 1734 28 20 40
383 1734 43 21 000
442 1734 31 21 kr.

60 1788 30 24 11
109 1793 37 20 RD
164 1793 98 27 besluter,
280 1795 31 19 att
326 1794 26 20 de
368 1794 33 20 för
417 1794 125 26 budgetåret
559 1794 125 28 1926/1927
701 1795 98 27 gällande
810 1795 110 20 allmänna
920 1789 19 37 |
958 1802 8 11 »
1007 1793 41 21 |1:8
1186 1793 11 20 6
1201 1788 10 35 |
1228 1792 74 20 1|122
1376 1792 41 21 243
1483 1793 33 20 36:
1527 1797 24 16 99
1555 1787 19 35 |
1577 1791 32 21 36:
1622 1796 38 16 134

60 1816 1 23 |
123 1823 93 26 grunder
231 1824 33 20 för
279 1823 159 27 dyrtidstillägg
453 1825 22 20 åt
490 1824 67 21 lärare
572 1825 37 21 vid
625 1825 174 27 privatläroverk,
816 1826 22 19 åt
853 1825 67 20 lärare
1000 1828 56 23 p-265

60 1850 1 14 |
124 1853 36 20 vid
183 1853 161 26 folkhögskolor
372 1856 56 18 samt
456 1855 22 20 åt
503 1854 67 21 lärare
595 1855 35 20 vid
657 1855 53 20 folk-
736 1855 40 21 och
802 1854 118 22 småskolor

60 1869 1 36 |
124 1885 57 18 samt
206 1883 57 21 vissa
289 1883 224 27 sjukvårdsanstalter,
541 1884 63 27 högre
630 1885 125 24 folkskolor,
781 1884 139 21 kommunala

60 1920 1 19 |
125 1913 153 20 mellanskolor
303 1913 39 20 och
368 1914 57 20 vissa
450 1914 239 25 småskoleseminarier,
715 1915 60 21 skola
798 1914 65 21 lända
887 1914 33 20 till

60 1961 1 4 |
125 1942 139 21 efterrättelse
282 1943 82 26 jämväl
381 1944 32 20 för
429 1943 126 27 budgetåret
572 1943 136 29 1927/1928;
725 1945 40 20 och
781 1944 139 27 bemyndigas

59 1974 2 17 I
124 1972 62 20 KM:t
201 1973 59 20 såväl
276 1975 32 18 att
323 1973 86 20 utfärda
425 1973 26 20 de
467 1975 97 19 närmare
575 1974 138 25 föreskrifter,
727 1981 45 14 som
784 1974 32 20 för
827 1974 92 26 tillämp-

124 2002 52 26 ning
199 2009 26 14 av
241 2002 122 21 förberörda
380 2003 110 20 allmänna
505 2004 94 25 grunder
614 2005 36 19 må
666 2005 96 20 befinnas
778 2003 142 27 erforderliga,

124 2038 46 14 som
186 2033 54 19 även
256 2034 32 19 att
303 2033 7 19 i
326 2032 145 27 huvudsaklig
486 2033 95 26 enlighet
597 2034 50 21 med
662 2034 27 21 de
705 2035 7 19 i
728 2034 76 20 sådant
817 2033 104 21 avseende

124 2068 29 14 nu
172 2061 99 27 gällande
287 2062 132 21 föreskrifter
434 2062 100 21 meddela
549 2066 97 18 närmare
663 2063 161 22 bestämmelser
840 2064 8 19 i
863 2064 59 25 fråga
