1834 2357
166 67 43 21 402

183 247 171 20 Försvarsväsen.

181 282 98 27 anslaget
292 283 42 20 VII
347 283 20 20 b.
381 283 48 20 Viss
441 283 183 27 förrådshållning
635 290 28 14 av
676 284 218 27 byggnadsmateriel,
908 286 103 19 ävensom
1024 286 52 19 över

181 312 96 26 följande
295 313 71 20 såsom
384 313 244 27 kapitalinvesteringar
645 314 6 20 i
669 314 118 20 försvarets
805 314 77 20 fonder
899 315 127 20 redovisade
1044 314 32 21 in-

181 342 203 27 vesteringsanslag,
400 343 108 26 nämligen
523 343 246 27 investeringsanslagen
786 344 90 26 1944/45
892 344 29 20 IV
935 344 18 20 A
968 345 41 19 6a.
1024 344 52 21 För-

181 374 54 18 värv
252 378 28 14 av
297 372 62 20 mark
376 372 34 20 för
426 373 58 20 vissa
501 372 296 28 oljelagringsanläggningar
813 374 40 20 och
872 374 90 26 1945/46
981 374 29 20 IV
1027 374 12 20 A
1038 374 36 20 8.

181 402 62 20 Mark
252 402 34 20 för
295 402 134 26 övningsfält
438 402 34 21 för
481 403 138 20 Stockholms
629 403 240 27 luftvärnsregemente,
880 404 69 20 under
958 404 117 20 försvarets

181 432 176 26 fastighetsfond,
372 432 86 20 arméns
472 432 95 24 delfond,
584 432 90 27 1944/45
690 433 29 20 IV
732 434 19 19 A
767 433 31 21 15.
814 434 98 20 Förvärv
925 440 28 14 av
967 434 62 20 mark
1043 434 33 20 för

181 461 57 20 vissa
262 461 301 27 oljelagringsanläggningar,
588 463 68 20 under
679 463 118 20 försvarets
821 463 176 26 fastighetsfond,
1021 463 55 27 flyg-

180 492 94 25 vapnets
287 491 95 24 delfond,
396 493 58 19 samt
468 492 90 26 1943/44
571 492 42 20 VII
626 493 19 19 2.
667 493 148 26 Anskaffning
826 499 29 14 av
867 493 110 20 maskiner
989 493 40 20 och
1042 495 34 18 ut-

180 521 100 26 rustning
290 521 33 20 för
332 521 57 20 vissa
399 521 96 21 fabriker
504 522 40 20 och
554 522 162 26 anläggningar,
729 522 90 27 1944/45
831 523 28 20 IV
869 523 15 20 C
893 523 20 20 4.
924 523 151 20 Markförvärv

180 551 34 20 för
228 551 96 20 centrala
339 553 71 18 tvätt-
424 552 40 19 och
479 552 250 26 reparationsanstalter,
746 552 90 26 1944/45
853 552 29 21 IV
897 553 15 20 C
927 553 19 20 7.
961 553 62 20 Vissa
1038 559 38 13 an-

180 580 204 26 läggningsarbeten
397 581 39 20 och
451 581 89 26 1944/45
555 581 29 21 IV
596 582 15 20 C
620 582 20 20 8.
652 582 147 26 Anskaffning
811 588 27 15 av
851 582 43 20 viss
906 582 170 21 maskinutrust-

181 610 51 26 ning
243 616 29 14 m.
282 616 37 18 m.,
332 611 69 19 under
412 611 118 20 försvarets
542 611 144 21 fabriksfond.

208 640 34 20 23.
259 640 42 20 RD
314 640 118 26 medgiver,
445 642 35 19 att
491 647 28 14 av
532 641 37 20 det
581 641 6 20 i
599 641 119 20 riksstaten
730 641 34 21 för
775 642 130 26 budgetåret
919 642 90 26 1948/49
1022 648 54 20 upp-

180 670 62 20 förda
253 670 191 26 förslagsanslaget
455 670 33 21 till
499 671 141 20 oförutsedda
652 671 90 26 utgifter
752 672 36 19 må
800 673 62 24 tagas
872 672 7 19 i
890 672 95 26 anspråk
996 673 33 18 ett
1041 672 35 19 be-

181 699 51 27 lopp
244 705 28 15 av
286 700 39 20 113
334 700 41 20 048
387 700 31 20 kr.
432 700 33 20 för
476 700 108 26 gäldande
596 707 28 14 av
636 701 7 19 i
655 701 241 26 statsrådsprotokollet
908 703 52 18 över
972 701 104 20 försvars-

180 730 95 20 ärenden
286 729 34 20 för
330 730 42 20 den
383 730 26 20 24
420 736 58 14 mars
490 730 53 20 1949
554 731 94 25 angivna
660 730 125 21 kostnader.

208 759 33 20 24.
259 759 42 20 RD
314 760 127 25 godkänner
453 760 80 26 förslag
545 760 32 20 till
591 761 178 26 beredskapsstat
782 761 34 20 för
828 761 201 20 försvarsväsendet
1043 761 33 20 för

181 789 130 26 budgetåret
323 789 97 26 1949/50.

209 831 18 20 1.
244 831 42 19 RD
296 831 89 20 anvisar
393 831 33 20 till
435 831 216 26 sjukvårdsmateriel
662 832 9 19 1
682 832 41 20 000
732 832 41 20 000
783 832 31 20 kr.
825 833 27 25 (r)
862 834 58 18 samt
929 832 32 20 till
971 832 104 26 engångs-

180 860 141 27 anskaffning
330 866 28 15 av
368 861 216 26 sjukvårdsmateriel
593 867 29 14 m.
632 867 29 15 m.
671 862 13 20 2
693 861 41 21 500
743 862 41 20 000
793 862 32 20 kr.
836 862 34 26 (r).

208 920 19 20 2.
245 920 42 20 RD
297 920 88 20 anvisar
394 920 32 20 till
436 921 57 19 vissa
503 921 269 26 specialundersökningar
780 927 29 14 m.
819 927 29 15 m.
858 921 41 21 350
906 921 41 21 000
956 922 32 20 kr.
999 921 33 26 (f).

208 979 19 21 3.
245 979 42 20 RD
303 980 89 20 anvisar
407 980 32 20 till
456 980 308 26 personalvårdsverksamhet
781 981 38 20 125
828 981 42 20 000
885 981 32 20 kr.
934 981 34 26 (r),
985 981 33 20 till
1034 981 42 20 för-

180 1009 195 27 svarsupplysning
393 1010 39 20 150
432 1005 48 36 000
497 1010 32 20 kr.
546 1010 35 26 (r),
598 1010 33 20 till
647 1010 230 26 fritidsundervisning
894 1011 38 20 185
942 1010 41 21 000
999 1011 31 20 kr.
1048 1010 27 27 (r)

180 1041 58 17 samt
247 1039 33 19 till
289 1039 143 20 försvarsfilm
442 1040 41 19 420
491 1040 42 19 000
542 1040 32 19 kr.
584 1040 35 26 (r).

208 1069 19 19 4.
245 1068 42 20 RD
299 1069 88 19 anvisar
398 1069 32 20 till
443 1069 159 26 publikations-
613 1069 39 20 och
666 1069 154 27 blankettryck
834 1070 7 19 1
853 1070 41 19 000
903 1070 41 20 000
955 1070 32 20 kr.
1000 1070 33 25 (f).

208 1128 19 19 5.
245 1127 42 20 RD
299 1128 88 20 anvisar
398 1128 33 20 till
443 1128 232 26 lottaorganisationen
688 1129 41 20 370
737 1128 41 21 000
790 1129 31 20 kr.
834 1129 35 26 (r).

208 1187 20 19 6.
245 1186 42 20 RD
298 1187 88 20 anvisar
396 1187 32 20 till
439 1187 57 20 vissa
507 1187 204 20 förrådskostnader
720 1188 41 20 800
770 1188 41 20 000
821 1188 31 20 kr.
864 1189 34 25 (r).

209 1246 19 20 7.
246 1246 42 20 RD
302 1246 88 20 anvisar
402 1246 33 20 till
448 1247 140 20 bestridande
601 1253 29 14 av
643 1247 253 26 beredskapskostnader
908 1247 36 20 vid
958 1247 118 20 försvarets

180 1275 137 20 fabriksverk
325 1276 41 20 400
374 1276 42 20 000
423 1276 32 20 kr.
464 1276 26 26 (f)
498 1278 58 18 samt
564 1276 32 20 till
605 1277 122 26 ersättning
734 1277 33 20 för
775 1277 184 20 automobilskatt
968 1277 8 19 1
988 1276 41 21 200
1035 1276 42 20 000

180 1305 33 20 kr.
230 1305 32 26 (f).

208 1335 20 20 8.
245 1335 42 20 RD
302 1335 89 20 anvisar
404 1335 33 20 till
452 1336 122 25 ersättning
587 1336 34 20 för
635 1336 99 26 rustning
749 1336 39 20 och
803 1336 96 26 rotering
912 1336 27 20 40
939 1331 46 35 000
1003 1336 31 20 kr.
1050 1336 26 26 (f)

181 1366 58 18 samt
249 1364 33 20 till
293 1365 166 26 resestipendier
468 1365 26 20 25
503 1365 42 20 000
555 1365 31 20 kr.
598 1365 35 26 (r).

209 1424 19 20 9.
245 1424 42 20 RD
297 1424 88 20 anvisar
394 1424 33 20 till
436 1424 137 27 omskolning
581 1431 28 14 av
619 1425 5 19 i
634 1425 153 26 militärtjänst
796 1425 96 20 skadade
901 1425 41 20 275
951 1425 41 20 000
1000 1425 32 20 kr.
1043 1425 32 26 (f).

210 1484 32 19 10.
259 1483 42 20 RD
310 1484 72 20 avslår
389 1484 108 20 motioner
504 1489 49 21 ang.
562 1485 46 19 rätt
615 1484 33 20 till
656 1484 193 21 rekreationsresor
856 1486 47 18 mot
911 1485 88 20 nedsatt
1007 1484 70 26 avgift

181 1513 33 20 för
224 1513 44 20 viss
278 1513 82 20 militär
370 1513 99 26 personal
480 1514 7 19 i
497 1515 51 19 övre
559 1514 116 20 Norrland.

211 1543 31 20 11.
259 1543 43 20 RD
318 1543 73 20 avslår
405 1543 84 20 motion
505 1549 35 14 om
556 1543 124 21 förbättrad
696 1544 153 26 löneställning
864 1544 23 20 åt
902 1544 131 20 innehavare
1048 1550 28 14 av

181 1573 57 19 vissa
248 1573 189 26 arvodestjänster
446 1573 38 20 vid
494 1573 209 20 försvarsväsendet.

210 1602 32 20 12.
259 1602 42 20 RD
316 1602 128 26 godkänner
457 1602 80 26 förslag
551 1602 33 21 till
598 1603 179 26 beredskapsstat
791 1603 33 20 för
838 1603 209 20 försvarsväsendet.

211 1632 31 20 13.
260 1632 62 19 RD:s
333 1632 104 26 yttrande
448 1632 7 20 i
466 1632 42 20 anl.
520 1638 29 14 av
560 1632 75 20 KM:ts
646 1633 97 20 översikt
754 1635 52 18 över
817 1633 37 20 det
864 1633 97 20 aktuella
972 1633 59 26 läget
1042 1633 35 19 be-

181 1661 110 20 träffande
308 1661 42 21 den
366 1662 327 26 rationaliseringsverksamhet
708 1662 59 20 inom
784 1663 114 23 försvaret,
915 1668 47 14 som
978 1662 99 20 bedrives

180 1696 78 21 genom
275 1692 85 19 statens
376 1691 254 26 organisationsnämnds
646 1692 90 26 försorg,
753 1692 88 20 särskilt
857 1692 6 20 i
880 1692 41 20 den
938 1692 51 20 mån
1006 1692 70 20 denna

181 1720 141 21 verksamhet
335 1721 108 26 påverkar
456 1721 261 26 anslagsberäkningarna
731 1721 51 20 eller
795 1722 63 26 eljest
872 1722 163 25 utformningen
1049 1727 28 15 av

181 1750 70 20 skilda
262 1750 250 27 organisationsenheter
521 1751 69 20 under
600 1753 63 18 nästa
674 1751 113 26 budgetår.

211 1780 31 20 14.
260 1780 61 20 RD:s
333 1780 116 20 revisorers
460 1786 59 14 anm.
531 1782 42 19 rör.
586 1781 57 20 vissa
655 1781 151 20 förhållanden
818 1781 6 20 i
836 1781 60 26 fråga
909 1787 35 14 om
956 1781 122 26 ersättning

182 1809 32 20 till
234 1809 224 27 beställningshavare
478 1810 37 20 vid
535 1810 108 20 försvaret
661 1811 38 20 vid
719 1810 146 27 omplacering
884 1810 48 21 från
952 1817 26 14 en
998 1810 80 26 tjänst-

181 1839 122 26 göringsort
314 1839 32 20 till
357 1846 27 14 en
395 1845 73 15 annan
480 1840 71 26 lägges
562 1840 33 20 till
607 1840 165 26 handlingarna.

211 1888 18 19 1.
246 1887 43 20 RD
303 1887 73 20 avslår
390 1888 83 19 motion
488 1888 50 20 med
552 1888 138 23 hemställan,
705 1889 35 19 att
754 1888 75 26 frågan
844 1894 35 14 om
894 1888 77 26 högsta
986 1888 91 20 militär-

181 1916 127 27 ledningens
323 1917 146 26 organisation
484 1919 61 24 göres
560 1917 32 20 till
607 1917 89 21 föremål
710 1918 34 20 för
758 1924 36 20 ny,
809 1918 85 26 allsidig
908 1918 39 20 och
962 1918 116 20 förutsätt-

182 1946 94 26 ningslös
286 1947 123 26 utredning.

209 1976 19 20 2.
246 1976 41 20 RD
301 1976 143 26 bemyndigar
456 1976 64 21 KM:t
532 1978 35 19 att
578 1977 101 26 medgiva
693 1977 131 26 utläggande
837 1983 28 14 av
877 1977 157 26 beställningar
1045 1977 34 20 för

181 2005 141 27 anskaffning
336 2012 28 14 av
378 2006 146 26 flygmateriel
534 2012 29 15 m.
573 2012 29 14 m.
614 2006 58 20 inom
683 2013 26 14 en
720 2007 154 20 kostnadsram
885 2013 28 14 av
923 2007 13 20 8
945 2007 41 20 000
994 2007 42 20 000
1045 2007 32 20 kr.

181 2037 59 18 samt
249 2036 88 19 anvisar
346 2035 33 20 till
389 2036 136 26 flygvapnet:
537 2036 141 26 anskaffning
688 2042 28 14 av
727 2036 145 27 flygmateriel
882 2042 29 15 m,
921 2042 29 14 m.
961 2037 12 19 å
983 2036 96 26 tilläggs-

181 2066 46 19 stat
237 2065 8 19 I
254 2065 27 20 45
289 2065 42 20 000
340 2065 41 20 000
389 2065 32 21 kr.
431 2065 34 26 (r);
475 2065 40 20 och
524 2065 144 27 bemyndigar
677 2066 41 20 RD
728 2066 64 20 KM:t
799 2066 101 26 medgiva
910 2066 131 26 utläggande
1050 2072 28 14 av

182 2094 156 26 beställningar
349 2095 34 19 för
394 2095 141 26 anskaffning
545 2101 29 14 av
585 2095 189 20 artillerimateriel
785 2102 29 14 m,
824 2102 29 14 m.
866 2096 33 20 för
910 2096 98 20 marinen
1020 2096 58 20 inom

1230 156 91 30 Motioner
1369 156 89 30 Utskott
1503 156 57 36 Skriv.
1621 160 94 16 Protokoll

1095 180 25 20 År
1118 176 18 34 |
1143 184 54 20 Prop.
1521 201 20 11 Ke
1649 196 104 2 PR

1288 214 34 16 TAK
1344 200 84 46 SmllAva
1454 214 26 16 Nr
1600 214 32 16 FK
1698 214 34 16 AK

1095 642 28 19 491
1153 642 38 19 176
1201 637 26 34 |
1236 653 27 2 —I
1301 653 27 2 —I
1363 642 61 19 61—1
1450 642 38 19 1591
1513 642 134 20 282119:12
1680 641 68 21 119:18

1106 768 8 11 »
1146 760 53 20 11:33]
1236 772 27 2 —|
1302 772 26 2 —I
1363 761 61 19 61—]
1450 760 39 20 1601
1513 760 40 20 2831
1580 760 66 20 19:12
1680 760 68 20 119:18

1096 831 27 20 501
1152 832 39 19 1:61]
1236 843 27 2 —I|
1301 843 27 2 —I
1364 832 60 19 6/—
1476 832 12 19 4
1541 832 70 19 4112:
1622 834 24 17 54
1652 828 22 33 |
1681 832 30 19 12:
1726 833 37 18 130

1139 865 21 20 pt
1168 859 38 31 143)
1444 869 15 11 s.
1466 863 25 18 64

1136 893 69 17 —144j

1104 928 8 12 »
1128 917 18 33 I
1153 921 39 20 1:61]
1236 933 27 2 —I
1301 933 27 2 —I
1363 921 61 20 61/—
1476 921 13 19 4
1541 921 70 20 4112:
1622 923 25 17 54
1648 917 26 33 |
1680 921 31 20 12:
1726 922 37 18 130

1140 955 20 19 pt
1169 952 37 18 159]
1444 958 15 12 s.
1466 952 24 18 72

1106 987 8 13 »
1125 976 22 34 |
1152 981 40 19 1:6]
1243 992 20 2 —|
1301 992 27 2 —I
1363 980 61 20 61—
1476 980 12 20 4
1541 980 70 20 4112:
1622 982 24 17 54
1651 976 22 34 |
1680 980 31 20 12:
1726 982 37 17 130

1140 1014 20 19 pt
1169 1012 37 17 160]
1434 1023 2 9 |
1444 1018 15 11 8.
1466 1012 24 18 72

1137 1042 68 17 —163

1106 1076 8 13 »
1126 1065 18 33 I
1154 1070 38 19 1:61]
1236 1081 27 2 —I
1301 1081 27 2 —I
1363 1069 61 19 61—
1476 1069 12 19 4
1541 1069 70 20 4112:
1622 1071 25 17 54
1652 1065 22 33 |
1680 1069 31 20 12:
1726 1070 37 18 130

1131 1087 29 39 pt
1169 1087 37 39 164)
1444 1106 14 12 s.
1466 1101 24 17 72

1107 1135 8 12 »
1153 1129 39 19 11:61
1236 1140 27 2 —I
1301 1140 27 2 —I
1364 1129 60 18 61-—
1476 1128 11 20 4
1541 1128 70 20 4112:
1622 1130 24 17 54
1652 1124 22 33 |
1680 1128 31 20 12:
1726 1130 37 17 130

1140 1162 20 19 pt
1169 1160 37 17 165
1444 1165 15 12 s.
1467 1160 24 17 72

1106 1194 9 13 »
1125 1183 22 34 |
1153 1188 39 19 1:6]
1236 1199 27 2 —I
1301 1199 28 3 —I
1363 1188 61 19 61—
1476 1188 13 19 4
1541 1187 70 20 4112:
1622 1189 25 17 54
1651 1183 22 34 |
1680 1187 32 20 12:
1726 1189 37 17 130

1140 1221 21 19 pt
1169 1219 37 17 166]
1444 1224 14 12 s.
1466 1219 24 17 78

1107 1253 8 13 »
1130 1242 14 34 I]
1153 1247 39 20 1:61]
1236 1258 28 3 —I
1301 1258 28 3 —|I
1364 1246 61 20 6|—]
1476 1247 12 19 4
1541 1246 70 20 4112:
1622 1248 25 17 54
1651 1242 22 34 |
1680 1246 32 20 12:
1726 1248 38 17 130

1140 1280 21 20 pt
1169 1274 38 30 170]
1444 1284 15 11 s.
1467 1278 24 18 73

1137 1308 68 17 >—171

1107 1342 9 13 »
1128 1331 18 34 |
1154 1336 38 20 1:61]
1236 1347 28 2 —I
1301 1347 27 3 —I
1364 1335 61 20 61/—
1476 1336 13 19 4
1542 1335 70 20 4112:
1623 1337 25 17 54
1657 1331 18 33 |
1682 1335 31 20 12:
1727 1337 37 17 130

1140 1369 21 20 pt
1169 1363 37 31 172
1444 1372 15 12 s.
1467 1367 24 17 73

1138 1397 68 18 —173

1107 1432 8 12 »
1126 1420 22 34 |
1154 1425 39 20 1:6]
1236 1436 28 3 —!
1301 1436 29 3 —I
1364 1424 61 20 6/—
1477 1425 12 19 4
1542 1424 70 20 4112:
1623 1426 25 17 54
1653 1420 22 33 |
1682 1424 31 20 12:
1727 1426 37 17 130

1140 1459 21 19 pt
1170 1456 34 18 181
1444 1461 15 12 s.
1467 1456 24 17 74

1107 1491 9 12 »
1124 1479 19 35 |
1165 1496 28 2 —1I
1237 1484 26 20 771
1302 1484 24 20 911
1364 1484 61 19 61)—1
1463 1484 26 20 751
1527 1484 121 20 —J114:13
1652 1479 22 35 |
1681 1483 31 20 14:
1724 1485 23 18 91

1107 1550 9 13 »
1124 1538 23 35 |
1166 1555 27 3 —I
1236 1555 28 2 —|
1302 1543 27 20 421
1364 1543 61 20 61—1
1463 1543 26 20 761
1527 1555 28 2 —I|
1581 1543 67 20 14:14
1654 1538 18 35 |
1682 1543 31 20 14:
1724 1542 39 20 91d

1107 1609 9 13 »
1148 1603 53 20 [1:32]
1237 1614 28 2 —|
1302 1614 28 3 —I
1365 1602 61 20 61—
1426 1598 7 34 1]
1451 1602 39 21 1021
1516 1602 97 21 171115:
1624 1604 24 17 37
1657 1598 18 34 |
1682 1602 31 20 15:
1724 1603 25 18 85

1107 1639 9 13 »
1127 1627 22 35 |
1154 1633 39 19 110]
1237 1644 27 2 —|
1302 1644 28 3 —I|
1365 1632 60 19 61—1
1451 1632 39 20 1471
1514 1631 99 21 282118:
1624 1633 24 18 95
1652 1627 22 35 |
1681 1631 32 20 18:
1727 1633 37 18 116

1152 1666 20 20 pt
1184 1665 8 17 1
1451 1669 15 12 s.
1480 1665 8 16 1

1108 1787 9 13 »|
1167 1793 27 2 —]
1238 1792 27 2 —I|
1303 1792 27 2 —[
1365 1780 125 20 61—]1177|
1528 1780 107 20 —121:5
1681 1780 69 20 121:82

1446 1817 15 12 s.
1470 1812 23 17 16

1098 1887 27 20 50)
1167 1900 27 2 —
1226 1887 39 20 |110)
1303 1899 26 2 —]
1366 1887 61 20 61—]
1451 1887 40 20 2081
1529 1887 107 20 —130:8
1681 1886 69 21 130:36

1102 1918 21 19 H

1109 1983 8 13 »
1124 1972 22 34 |
1153 1977 38 20 251
1198 1972 22 34 I
1232 1976 40 20 533|
1297 1976 41 20 633]
1366 1976 12 20 6
1399 1988 28 2 |—]
1451 1976 40 21 2271
1516 1976 40 20 4131
1581 1976 33 20 34:
1625 1976 26 20 6d
1653 1972 22 34 |
1681 1976 33 20 34:
1726 1976 39 20 40d

1215 2006 123 20 |-537/-639
