1845 2359
814 159 136 16 SAKREGISTER

97 438 156 28 Gymnastiska
268 439 199 21 centralinstitutet.

139 470 57 26 förty
211 469 37 21 det
263 470 44 20 ord.
324 470 95 26 anslaget
434 470 33 20 till
483 469 95 21 nämnda
593 470 87 20 institut
691 469 49 21 med
753 471 30 19 ett
794 469 46 20 från
853 469 27 20 72
890 469 42 20 700

139 500 30 20 kr.
187 500 33 20 till
238 500 26 20 75
275 499 42 21 700
333 500 31 20 kr.
381 500 80 27 förhöjt
477 500 84 26 belopp.

96 576 10 14 2
124 571 41 20 För
188 571 125 26 budgetåret
338 570 125 28 1925/1926
483 572 84 20 anvisas
585 571 34 20 till
635 572 60 19 extra
710 570 97 27 personal
823 570 36 21 vid
875 577 57 20 gym-

139 601 96 20 nastiska
256 601 189 20 centralinstitutet
468 608 28 13 m.
513 608 29 13 m.
559 602 31 19 ett
605 602 60 19 extra
680 600 74 26 anslag
770 607 26 14 av
813 600 11 20 5
835 600 42 20 810
893 600 39 25 kr.,

139 630 34 21 till
188 630 104 21 täckande
308 638 26 14 av
350 631 53 20 brist
418 631 7 20 i
441 631 118 20 institutets
570 630 73 26 anslag
656 630 34 21 till
700 630 48 26 ved,
759 630 49 27 ljus,
821 630 110 25 materiell,

139 660 117 27 samlingar
278 668 29 13 m.
324 668 29 13 m.
377 660 37 21 vid
435 661 107 26 utgången
565 667 27 14 av
615 660 125 26 budgetåret
760 658 127 29 1923/1924
902 661 31 19 ett

139 692 60 19 extra
214 690 74 27 anslag
303 697 27 14 av
346 690 12 21 5
368 690 43 21 650
427 690 39 25 kr.,
482 690 34 21 till
531 690 66 27 inköp
613 697 26 13 av
655 690 106 20 litteratur
776 690 40 20 och
827 690 105 20 bokbind-

139 721 52 25 ning
205 720 37 21 vid
257 721 118 20 institutets
392 720 103 21 bibliotek
511 722 31 19 ett
557 722 61 19 extra
628 719 214 27 reservationsanslag
852 726 26 14 av
890 719 41 21 600

139 750 30 20 kr.
186 752 57 19 samt
258 750 34 20 till
307 750 205 26 iordningställande
528 757 26 14 av
570 750 41 21 den
622 750 47 20 inre
679 750 79 26 gården
768 749 36 21 vid
815 750 127 22 institutets
927 745 18 36 |

138 780 98 26 byggnad
252 782 31 18 ett
298 782 61 19 extra
374 780 215 26 reservationsanslag
605 787 26 14 av
648 780 12 20 2
670 780 42 20 000
728 780 31 20 kr.

95 850 8 15 1
122 846 37 20 RD
182 846 110 25 förklarar,
309 848 32 18 att
357 846 250 26 avlöningsreglementet
622 846 33 20 för
670 845 210 26 befattningshavare
896 845 36 20 vid

136 875 203 28 statsdepartement
361 876 40 20 och
423 877 57 20 vissa
503 876 67 20 andra
593 876 57 24 verk,
667 875 128 21 tillhörande
812 875 41 21 den
868 875 64 20 civila

137 906 218 26 statsförvaltningen,
373 906 55 20 skall
443 906 26 21 fr.
486 913 18 13 o.
521 913 29 13 m.
567 906 41 20 den
625 905 11 21 1
653 905 41 28 juli
711 905 57 21 1926
784 907 39 24 äga
838 905 92 26 tillämp-

136 936 52 25 ning
207 936 12 20 å
235 936 44 20 ord.
298 936 208 26 befattningshavare
522 936 37 20 vid
574 935 147 27 gymnastiska
733 935 197 24 centralinstitutet;

136 965 40 20 och
200 966 115 20 fastställer
331 966 37 20 RD
384 968 43 18 stat
443 966 32 20 för
490 966 117 24 institutet;
624 966 40 20 och
680 965 101 27 uppföres
797 965 68 20 under
880 965 50 20 riks-

136 997 81 19 statens
236 995 33 21 8:e
289 996 40 19 HT
345 1007 27 3 —
389 995 50 21 med
454 995 137 21 uteslutande
609 1002 26 14 av
651 995 109 21 därstädes
775 994 68 21 under
858 995 73 20 rubrik

137 1025 154 26 Gymnastiska
305 1025 189 21 centralinstitutet
504 1025 88 27 uppfört
602 1025 44 21 ord.
661 1025 74 26 anslag
745 1025 13 20 å
769 1024 27 21 75
807 1024 41 21 700
859 1024 32 21 kr.
902 1036 29 2 —

136 1054 69 21 under
228 1062 84 13 samma
334 1055 74 20 rubrik
432 1055 33 21 till
489 1055 124 26 avlöningar
631 1057 31 18 ett
680 1054 44 21 ord.
740 1054 163 26 förslagsanslag
906 1050 18 36 å
919 1055 22 21 |

138 1084 41 21 106
189 1084 43 21 000
248 1085 31 21 kr.
296 1087 57 18 samt
368 1085 33 20 till
417 1085 105 21 materiell
538 1092 29 13 m.
579 1092 28 13 m.
620 1086 30 19 ett
660 1084 45 21 ord.
716 1080 225 30 reservationsanslag
926 1076 16 40 |

136 1115 13 20 å
165 1114 65 21 9600
247 1115 31 20 kr.

94 1191 9 15 2
121 1186 41 20 För
184 1186 126 26 budgetåret
330 1185 125 28 1926/1927
472 1187 94 20 anvisas:
584 1186 33 20 till
633 1188 60 18 extra
708 1186 98 26 personal
821 1186 36 20 vid
873 1192 57 20 gym-

136 1216 97 21 nastiska
246 1216 188 21 centralinstitutet
445 1223 28 14 m.
485 1223 29 14 m.
526 1218 30 19 ett
567 1218 59 19 extra
637 1216 73 26 anslag
721 1223 26 14 av
758 1216 12 20 5
780 1215 42 21 810
834 1216 30 20 kr.
875 1217 56 19 samt

136 1246 33 20 till
186 1246 105 21 täckande
306 1253 27 14 av
349 1247 53 20 brist
418 1247 6 19 i
440 1247 119 20 institutets
570 1246 74 26 anslag
654 1246 34 20 till
698 1246 47 24 ved,
757 1246 49 26 ljus,
818 1245 112 25 materiell,

136 1275 116 27 samlingar
273 1283 28 13 m.
318 1283 29 13 m.
364 1276 37 21 vid
423 1277 107 26 utgången
553 1283 27 14 av
603 1276 125 26 budgetåret
751 1274 126 29 1924/1925
901 1277 40 22 ett|

136 1308 61 18 extra
215 1306 74 26 anslag
304 1313 26 14 av
347 1306 12 20 2
370 1306 42 21 743
428 1306 31 21 kr.

122 1377 40 20 För
181 1377 125 26 budgetåret
326 1375 126 30 1927/1928
471 1378 94 20 anvisas:
582 1377 34 20 till
632 1379 60 18 extra
707 1376 97 27 personal
821 1376 36 21 vid
872 1383 58 20 gym-

136 1407 96 21 nastiska
243 1407 191 21 centralinstitutet
444 1414 28 13 m.
485 1414 28 13 m.
525 1408 31 20 ett
564 1409 60 18 extra
635 1407 73 26 anslag
719 1414 25 13 av
757 1406 11 21 6
779 1406 41 21 110
832 1406 31 20 kr.
875 1408 56 18 samt

136 1437 33 20 till
185 1437 105 20 täckande
306 1444 26 14 av
348 1437 53 20 brist
416 1438 7 19 i
439 1437 118 20 institutets
572 1437 45 20 ord.
629 1437 133 26 anslagspost
772 1436 34 21 till
816 1436 47 24 ved,
880 1436 49 27 ljus,

136 1467 112 25 materiell,
260 1467 117 26 samlingar
387 1474 28 13 m.
428 1474 28 13 m.
469 1467 36 21 vid
516 1467 106 26 utgången
633 1473 26 15 av
672 1467 123 26 budgetåret
805 1465 125 28 fepofLoes

136 1499 31 18 ett
182 1499 61 18 extra
258 1497 74 26 anslag
348 1504 26 13 av
390 1497 66 20 2398
472 1497 30 20 kr.

95 1572 8 15 1
124 1568 39 20 För
178 1568 126 26 budgetåret
321 1566 126 29 1928/1929
463 1570 105 25 upptages
584 1568 35 20 det
635 1567 45 21 ord.
696 1567 186 26 förslagsanslaget
898 1567 32 20 till

137 1597 124 27 avlöningar
276 1598 37 20 vid
328 1598 147 26 gymnastiska
491 1598 188 20 centralinstitutet
694 1597 50 21 med
760 1597 122 21 oförändrat
898 1597 32 20 be-

137 1627 58 27 lopp,
214 1627 41 21 106
265 1627 42 21 000
325 1628 30 20 kr.

93 1703 10 15 2
121 1698 42 21 Det
185 1699 34 20 för
234 1699 148 26 gymnastiska
397 1699 189 20 centralinstitutet
600 1698 107 27 uppförda
722 1698 44 21 ord.
784 1699 147 20 reservations-

136 1728 97 27 anslaget
256 1729 33 20 till
308 1729 105 20 materiell
429 1736 28 13 m.
473 1736 28 13 m.
520 1729 61 27 höjes
600 1728 50 21 med
666 1728 64 21 3400
749 1729 31 20 kr.
799 1728 33 21 till
852 1728 26 20 13
888 1728 42 20 000

136 1758 39 25 kr.;
192 1759 40 20 och
248 1759 85 21 anvisas
348 1759 33 20 för
397 1758 124 27 budgetåret
538 1757 125 29 1928/1929
680 1759 33 20 till
724 1758 104 21 täckande
842 1765 26 14 av
879 1758 53 21 brist

137 1789 7 19 i
160 1789 148 26 nyssnämnda
331 1788 214 27 reservationsanslag
568 1788 37 21 vid
627 1789 107 26 utgången
758 1795 26 14 av
807 1788 125 26 budgetåret

138 1817 126 29 1926/1927
281 1820 31 19 ett
327 1821 60 18 extra
403 1818 74 27 anslag
492 1825 27 14 av
536 1818 64 21 1016
612 1819 30 20 kr.
654 1821 57 18 samt
722 1818 32 21 till
765 1818 167 27 nyanskaffning

136 1855 27 13 av
179 1848 105 21 materiell
301 1849 35 20 vid
355 1848 147 27 gymnastiska
518 1848 188 21 centralinstitutet
721 1850 31 19 ett
767 1850 60 19 extra
842 1854 89 15 reserva-

136 1878 132 26 tionsanslag
283 1885 27 14 av
326 1879 13 20 6
348 1878 43 21 400
408 1879 30 20 kr.

93 1942 10 15 3
121 1937 43 21 Till
180 1940 60 18 extra
254 1938 98 26 personal
363 1938 37 21 vid
410 1938 148 27 gymnastiska
568 1938 188 20 centralinstitutet
767 1944 28 14 m.
808 1944 27 13 m.
848 1938 84 20 anvisas

136 1968 34 20 för
185 1967 126 26 budgetåret
327 1966 126 29 1928/1929
470 1969 31 19 ett
516 1969 61 19 extra
592 1968 74 25 anslag
680 1974 27 14 av
723 1967 13 20 6
745 1968 42 20 410
804 1968 30 19 kr.

122 2026 42 21 Till
176 2028 60 19 extra
248 2027 97 27 personal
357 2027 35 21 vid
403 2027 148 27 gymnastiska
562 2027 189 20 centralinstitutet
766 2033 28 14 m.
807 2034 28 13 m.
847 2027 84 20 anvisas

137 2056 33 21 för
187 2056 125 27 budgetåret
330 2055 125 30 1929/1930
472 2059 31 19 ett
519 2059 60 18 extra
594 2057 73 26 anslag
683 2063 26 15 av
725 2056 63 21 6810
804 2057 31 20 kr.

1639 152 41 21 637

1021 222 40 34 om
1402 227 53 18 Riks-

967 254 17 24 =
1021 255 35 32 2
1120 275 4 4 E
1242 246 88 47 Se
1379 250 85 34 dagens
1521 258 119 17 Kamrarnas

1021 299 12 9 ala
1045 281 17 37 2
1078 276 95 17 Motioner
1214 272 88 42 utlåtan;
1312 281 25 28 -
1397 283 56 30 skri-
1507 287 145 23 förhandlingar

967 313 17 27 2
1021 309 41 34 Ze
1200 305 47 19 eller
1259 306 98 18 memorial
1399 317 62 18 velsér

962 344 17 25 &
1021 341 40 29 lör
1193 366 17 12 -

968 370 89 14 SÅR
1235 372 17 17 >
1348 373 17 20 [
1462 374 4 19 |
1495 372 67 17 Första
1568 366 22 34 |
1596 372 65 17 Andra

961 384 18 37 p.
1035 383 22 41 3
1082 384 34 17 FK
1134 384 35 17 JAK
1193 379 17 45 E
1235 390 17 30 å
1289 383 17 28 5
1347 394 18 25 &
1401 383 17 28 2
1449 394 17 25 &|
1491 396 71 18 kamm.
1563 388 27 35 |
1592 396 71 18 kamm.

948 469 55 20 1925

971 570 90 20 $-I1:8
1199 570 52 20 61
1304 570 12 20 8
1335 575 38 15 14218
1391 571 81 19 Alzos]
1497 571 68 20 19:63
1567 566 18 34 |
1597 570 33 20 21:
1641 576 25 14 66

1012 610 17 16 p.
1032 604 37 22 232

946 843 56 23 19261
1019 844 40 20 1:8
1197 843 12 20 6!)
1240 844 10 20 11]
1302 845 70 20 817818
1391 844 80 20 Ala7)
1496 844 69 21 28:97
1590 844 83 21 128:118

1000 875 27 30 Ip.
1033 879 34 17 205

969 1192 8 11 >
1019 1184 40 21 F1:8
1198 1184 52 20 GET
1302 1185 69 20 811848
1391 1184 80 20 Aliss]
1495 1184 33 20 28:
1540 1189 24 16 97
1565 1180 57 34 128:
1627 1180 46 34 118

1010 1219 57 22 p-206

947 1375 55 21 1927]
1019 1375 42 21 1:
1043 1371 10 35 8
1198 1375 11 20 Gl
1303 1376 69 20 812918
1390 1376 81 20 Alzool
1496 1376 68 20 16:32
1565 1371 19 35 |
1598 1375 67 21 17:62

999 1406 28 30 Ip.
1032 1410 35 18 234

945 1564 115 23 192811:
1040 1560 14 36 8
1198 1566 12 20 6)
1240 1566 10 20 1!
1303 1566 68 21 815518
1390 1566 81 21 Ali20]
1495 1566 69 22 26:96
1565 1560 23 35 |
1596 1567 33 20 27:
1635 1560 30 35 92

1002 1590 25 38 p.
1032 1601 35 18 239
1576 1605 2 6 I

969 1697 90 21 she
1198 1697 52 20 611
1303 1698 13 20 8
1334 1703 37 15 115518
1390 1698 81 20 Ali20]
1496 1694 32 34 26:
1540 1703 24 15 96
1566 1694 22 34 |
1597 1698 32 20 27:
1641 1703 24 15 92

1011 1738 16 17 p.
1030 1732 38 23 240

969 1936 91 20 söllag
1198 1936 12 20 6)
1240 1936 11 20 11
1303 1936 69 21 8l1561|8
1391 1936 81 21 Al20o0]
1496 1935 68 21 26:96
1565 1931 14 35 |
1597 1937 34 19 27:
1635 1931 31 35 92

1011 1971 55 22 p.241

946 2024 114 23 192911:
1041 2020 14 36 8
1198 2025 11 21 6!
1240 2025 10 20 11
1303 2026 69 21 817318
1391 2026 81 20 Alo)
1496 2025 69 21 21:38
1566 2019 15 37 |
1597 2026 70 21 26:85

1011 2066 17 17 p.
1033 2060 34 18 257
