1818 2348
1619 63 27 21 81

66 241 126 26 Avlönings-
208 241 36 21 och
260 241 233 27 omkostnadsanslagen
510 248 27 14 m.
554 248 28 13 m.

65 277 87 20 merade
168 277 160 26 anslagsposter
342 277 32 20 till
388 277 97 20 arvoden
500 277 40 20 och
555 277 105 20 särskilda
675 277 152 26 ersättningar,
843 277 114 20 bestämda

65 313 28 13 av
108 307 69 23 KM:t,
191 307 50 19 eller
255 307 31 20 till
299 307 128 26 avlöningar
440 307 32 20 till
485 307 103 20 icke-ord.
602 307 99 26 personal
714 306 54 20 skall
781 307 55 19 efter
848 307 109 25 utgången

65 342 28 14 av
109 337 130 25 budgetåret
256 336 88 27 1948/49
359 338 40 25 äga
414 337 91 19 fortsatt
518 336 100 26 giltighet
633 337 68 19 under
715 337 130 25 budgetåret
861 336 96 26 1949/50,

66 366 143 26 bemyndigar
218 366 63 20 KM:t
296 368 35 18 att
339 367 69 19 under
416 366 131 26 budgetåret
556 366 91 26 1949/50
654 366 100 26 medgiva
763 366 37 20 det
808 366 151 20 överskridan-

65 396 27 19 de
109 402 28 14 av
153 401 78 21 genom
249 396 61 20 RD:s
328 396 71 20 beslut
415 396 149 20 maximerade
580 396 75 26 anslag
672 396 39 20 och
728 396 167 26 anslagsposter,
912 402 46 13 som

65 425 99 26 påkallas
178 426 49 19 med
242 426 85 26 hänsyn
341 425 33 20 till
388 426 41 19 den
443 426 111 20 allmänna
568 425 181 27 löneregleringen
763 425 51 20 eller
827 425 131 26 regleringen

65 462 28 13 av
108 456 219 25 befordringsgången
341 456 33 19 för
387 456 106 19 biträdes-
507 456 39 19 och
560 455 227 26 amanuenspersonal,
801 455 111 26 medgiver
924 456 35 19 att

66 485 162 26 dyrtidstillägg
245 486 24 19 åt
287 485 57 20 vissa
363 485 217 26 befattningshavare
597 485 7 20 i
622 487 83 18 statens
724 485 70 26 tjänst
810 485 62 20 m.fl.
891 485 68 20 under

66 515 130 26 budgetåret
211 515 89 26 1949/50
312 515 35 20 må
359 515 6 19 i
377 515 147 25 huvudsaklig
536 515 215 20 överensstämmelse
763 515 49 19 med
824 514 7 20 i
842 515 117 19 statsråds-

66 544 133 26 protokollet
213 545 115 20 förordade
343 545 94 25 grunder
452 545 52 25 utgå
519 544 67 26 enligt
601 545 26 19 de
643 546 98 19 närmare
756 544 141 24 föreskrifter,
912 550 46 14 som

65 573 111 20 meddelas
189 580 28 13 av
231 574 63 19 KM:t
306 575 58 18 samt
376 574 102 23 besluter,
492 575 34 18 att
540 573 118 26 utgifterna
671 573 33 20 för
717 573 161 26 dyrtidstillägg
890 573 68 23 skola,

66 603 39 20 där
117 603 18 26 ej
150 603 88 20 särskilt
250 603 75 26 anslag
337 603 33 20 för
382 603 127 20 ändamålet
521 605 24 18 är
557 603 94 24 anvisat,
666 603 106 20 bestridas
784 603 48 20 från
846 603 26 19 de
884 603 75 26 anslag

65 633 51 19 eller
125 633 69 20 andra
205 633 76 23 medel,
293 639 27 14 av
332 633 57 19 vilka
401 633 119 26 utgifterna
531 633 6 19 i
548 633 71 25 övrigt
630 633 33 19 för
672 633 174 20 vederbörandes
856 632 103 26 avlöning

65 662 114 20 bestridas.

93 693 19 19 2.
130 692 61 20 RD:s
206 692 104 26 yttrande
325 692 5 19 i
345 692 42 20 anl.
403 698 28 14 av
447 692 61 20 RD:s
523 692 114 20 revisorers
655 698 58 14 anm.
728 697 49 21 ang.
790 692 56 20 vissa
859 691 99 27 myndig-

66 722 70 19 heters
149 722 124 26 avlönings-
287 722 39 19 och
340 721 225 26 omkostnadsanslag.

94 763 41 20 RD
154 763 101 23 besluter,
274 765 35 18 att
326 763 37 20 det
381 763 63 20 KM:t
461 764 73 19 senast
551 763 33 20 för
601 763 131 26 budgetåret
751 763 89 26 1949/50
857 763 101 20 lämnade

65 793 188 26 bemyndigandet
276 794 35 18 att
333 793 101 25 medgiva
458 793 169 19 överskridande
650 799 28 14 av
701 798 77 20 genom
802 793 61 19 RD:s
886 792 72 20 beslut

65 823 148 19 maximerade
230 822 161 26 anslagsposter
408 822 33 20 till
458 823 96 19 arvoden
572 823 40 19 och
629 822 105 20 särskilda
752 822 152 26 ersättningar,
922 822 36 20 be-

65 852 86 20 stämda
167 858 28 14 av
211 852 70 23 KM:t,
297 852 51 20 eller
362 852 33 20 till
410 852 129 26 avlöningar
553 852 34 20 till
602 852 102 20 icke-ord.
721 852 99 26 personal
835 852 55 20 skall
904 852 55 19 efter

66 882 109 26 utgången
188 888 28 14 av
230 882 131 26 budgetåret
375 881 91 27 1949/50
478 883 41 25 äga
531 881 92 21 fortsatt
635 881 100 27 giltighet
748 882 68 20 under
829 881 130 26 budgetåret

67 912 97 26 1950/51,
177 912 145 25 bemyndigar
334 911 64 20 KM:t
410 913 34 18 att
456 912 7 19 i
475 911 96 26 enlighet
582 912 50 19 med
644 912 43 19 vad
700 911 6 20 i
719 911 240 26 statsrådsprotokollet

65 943 52 18 över
133 941 168 20 finansärenden
319 941 33 20 för
368 941 13 20 4
394 941 44 26 jan.
455 941 53 20 1950
521 941 108 20 förordats
643 941 69 20 under
725 941 130 26 budgetåret
869 940 88 27 1950/51

65 971 102 26 medgiva
183 971 38 20 det
236 971 170 20 överskridande
421 977 28 13 av
465 976 77 20 genom
559 971 61 20 RD:s
636 970 71 21 beslut
722 970 148 20 maximerade
885 970 75 26 anslag

66 1001 39 19 och
122 1001 167 25 anslagsposter,
306 1006 47 14 som
369 1000 98 26 påkallas
483 1001 50 19 med
549 1000 85 26 hänsyn
650 1000 33 20 till
698 1000 132 26 regleringen
846 1006 28 14 av
890 1000 70 20 befor-

66 1030 158 26 dringsgången
237 1030 34 20 för
283 1030 106 20 biträdes-
402 1030 40 19 och
454 1030 228 26 amanuenspersonal,
696 1030 110 26 medgiver
818 1031 35 19 att
866 1029 94 27 dyrtids-

66 1060 75 26 tillägg
152 1060 24 19 åt
186 1060 58 19 vissa
255 1060 217 25 befattningshavare
484 1059 6 20 i
501 1061 84 18 statens
596 1059 71 26 tjänst
677 1065 29 14 m.
716 1059 22 20 fl.
751 1059 68 20 under
830 1059 130 26 budgetåret

68 1089 87 26 1950/51
172 1090 35 19 må
222 1089 6 20 i
243 1089 146 26 huvudsaklig
404 1089 216 20 överensstämmelse
634 1089 50 20 med
698 1089 7 20 i
719 1089 241 26 statsrådsprotokollet

66 1119 115 20 förordade
193 1119 95 26 grunder
300 1119 52 26 utgå
365 1119 68 26 enligt
445 1119 27 19 de
484 1121 99 17 närmare
596 1119 140 23 föreskrifter,
750 1125 47 13 som
808 1118 111 20 meddelas
931 1124 28 14 av

66 1149 64 20 KM:t
140 1150 59 18 samt
209 1149 102 23 besluter,
322 1150 35 18 att
368 1149 119 25 utgifterna
498 1149 33 19 för
542 1148 161 26 dyrtidstillägg
713 1148 68 24 skola,
793 1149 39 19 där
841 1148 19 26 ej
872 1148 88 20 särskilt

65 1178 76 26 anslag
149 1178 33 20 för
189 1178 127 20 ändamålet
324 1180 24 18 är
355 1178 94 24 anvisat,
459 1178 107 20 bestridas
574 1178 48 20 från
631 1178 25 20 de
665 1178 75 26 anslag
747 1178 51 20 eller
805 1178 68 20 andra
881 1177 77 23 medel,

65 1214 28 14 av
107 1208 59 20 vilka
180 1208 119 26 utgifterna
313 1208 6 20 i
332 1208 72 26 övrigt
417 1208 34 20 för
463 1208 173 20 vederbörandes
650 1208 102 26 avlöning
765 1208 114 20 bestridas.

65 1251 372 28 AVLÖNINGSREGLEMENTEN;
457 1262 22 13 se
501 1255 121 20 Folkskolor
638 1255 69 26 (1946:
721 1256 40 25 25),
780 1255 179 27 Interpellationer

94 1285 69 26 (1949:
178 1285 53 26 150),
247 1285 164 26 Prästerskapet.

65 1334 370 29 AVLÖNINGSREGLEMENTEN,
447 1334 161 25 ALLMÄNNA.

96 1375 17 19 1.
131 1374 42 20 RD
188 1374 127 27 godkänner
328 1374 108 26 förslagen
450 1374 34 20 till
498 1374 139 27 kungörelser
651 1380 35 14 om
701 1374 91 26 ändring
807 1374 6 20 i
828 1374 57 20 vissa
900 1374 59 19 delar

66 1410 28 14 av
109 1404 63 20 civila
187 1404 257 26 avlöningsreglementet
458 1404 42 20 den
514 1404 13 20 4
540 1404 45 26 jan.
602 1404 53 20 1939
670 1404 34 26 (nr
717 1403 22 27 8)
754 1405 58 19 samt
826 1409 35 14 om
875 1403 84 20 ändrad

66 1433 81 26 lydelse
160 1440 29 14 av
202 1434 27 20 20
242 1434 10 25 $
267 1434 9 19 1
291 1440 66 13 mom.
371 1433 96 21 militära
480 1434 257 26 avlöningsreglementet
750 1433 41 20 den
807 1433 25 20 15
844 1433 48 26 juni
907 1433 52 20 1939

66 1464 35 25 (nr
108 1463 56 26 275);
174 1464 39 19 och
222 1463 143 26 bemyndigar
373 1463 42 20 RD
423 1463 64 20 KM:t
494 1464 35 19 att
536 1463 90 26 vidtaga
634 1463 92 26 ändring
733 1469 28 14 av
769 1462 191 21 bestämmelserna

65 1498 49 21 ang.
123 1493 99 26 kvinnlig
232 1493 80 20 lärares
323 1493 103 26 avlöning
437 1493 69 19 under
516 1493 95 26 ledighet
618 1493 33 20 för
662 1492 156 26 havandeskap
829 1492 50 20 eller
886 1492 74 20 barns-

66 1522 54 20 börd
134 1522 7 20 i
157 1522 24 20 19
195 1523 10 24 $
219 1522 258 26 avlöningsreglementet
491 1522 41 20 den
546 1522 27 20 30
587 1524 55 25 sept.
658 1522 53 20 1937
725 1522 34 20 för
772 1522 69 20 lärare
854 1522 38 19 vid
906 1522 54 19 folk-

66 1552 40 20 och
122 1552 122 20 småskolor
259 1553 59 19 samt
334 1552 6 20 i
358 1552 25 20 14
400 1552 39 20 och
456 1552 26 20 33
498 1552 21 25 $$
535 1552 258 26 avlöningsreglementet
809 1552 41 19 den
868 1552 22 19 11
909 1557 50 14 nov.

67 1581 53 20 1938
139 1582 33 19 för
189 1582 69 19 lärare
276 1581 37 20 vid
331 1582 143 19 kommunala
492 1581 131 24 flickskolor,
641 1581 142 20 kommunala
800 1581 159 23 mellanskolor,

66 1611 113 26 praktiska
195 1611 154 20 mellanskolor
365 1612 40 19 och
422 1611 66 26 högre
500 1611 125 23 folkskolor;
639 1611 40 20 och
691 1611 111 26 medgiver
809 1611 50 23 RD,
867 1612 35 19 att
914 1611 45 19 ord.

65 1641 84 20 läraren
163 1641 6 19 i
182 1641 72 19 musik
267 1641 37 20 vid
318 1642 59 19 östra
390 1641 122 20 realskolan
525 1641 6 19 i
545 1641 110 26 Göteborg
667 1641 34 20 W.
715 1640 88 21 Carlson
816 1640 36 20 må
864 1640 51 20 med
928 1640 32 20 sin

67 1670 69 26 tjänst
144 1670 74 20 förena
228 1670 125 26 befattning
361 1671 71 19 såsom
441 1670 46 20 ord.
496 1670 163 20 folkskollärare
667 1670 38 20 vid
714 1670 120 26 Göteborgs
842 1669 119 21 folkskolor

66 1700 40 20 och
117 1701 35 19 att
163 1700 45 20 ord.
220 1700 179 20 folkskolläraren
410 1700 37 20 vid
459 1700 121 26 Göteborgs
590 1700 119 20 folkskolor
719 1700 24 20 T.
755 1700 99 20 Carlsson
864 1700 36 19 må
910 1699 50 20 med

66 1730 33 19 sin
118 1730 70 25 tjänst
207 1730 74 20 förena
300 1730 179 25 befattningarna
497 1730 72 19 såsom
588 1730 45 20 ord.
652 1730 81 19 kantor
751 1730 39 19 och
809 1729 97 26 organist
923 1729 37 20 vid

66 1759 122 26 Göteborgs
200 1760 128 25 Masthuggs
340 1760 133 25 församling;
487 1760 40 19 och
540 1759 143 26 bemyndigar
696 1759 41 20 RD
751 1759 64 20 KM:t
826 1760 35 19 att
872 1759 88 20 utfärda

66 1789 164 20 bestämmelser
241 1794 49 21 ang.
303 1789 103 26 avlöning
417 1789 33 20 till
462 1789 57 20 vissa
532 1789 217 26 befattningshavare
761 1788 86 27 (lärare)
859 1788 7 20 i
877 1790 83 19 statens

66 1819 70 25 tjänst
146 1820 104 19 ävensom
260 1819 33 19 till
303 1819 57 20 vissa
370 1819 140 20 kommunalt
519 1819 109 20 anställda
638 1819 68 20 lärare
717 1819 68 20 under
795 1818 166 26 tjänstledighet

66 1848 33 20 för
110 1848 131 26 deltagande
252 1848 5 20 i
269 1849 224 25 hemvärnsövningar
504 1849 40 19 och
555 1849 194 19 hemvärnskurser
759 1850 58 18 samt
827 1849 35 19 att
872 1848 88 20 utfärda

66 1878 164 20 bestämmelser
242 1884 49 20 ang.
304 1878 104 26 avlöning
420 1884 28 14 m.
458 1884 29 14 m.
501 1878 33 20 till
547 1878 217 26 befattningshavare
776 1878 7 20 i
795 1879 84 19 statens
891 1877 69 26 tjänst

67 1908 68 19 under
152 1907 147 26 tjänstgöring
316 1908 38 20 vid
371 1908 178 23 verkshemvärn;
568 1908 40 20 och
625 1907 144 27 bemyndigar
786 1907 42 20 RD
846 1907 64 20 KM:t
926 1908 35 19 att

66 1937 85 20 besluta
166 1943 35 13 om
216 1937 95 20 kontant
325 1937 77 26 bidrag
415 1937 33 20 till
463 1937 68 20 sådan
545 1937 186 26 uniformspliktig
744 1937 100 26 personal
858 1937 38 20 vid
909 1937 52 19 lots-

66 1967 39 19 och
119 1967 115 25 fyrstaten,
248 1973 46 13 som
306 1967 57 25 själv
375 1967 133 25 ombesörjer
519 1967 141 26 anskaffning
671 1973 28 14 av
712 1967 83 25 färdiga
807 1966 154 26 uniformsper-

66 1996 77 23 sedlar;
159 1997 39 19 och
215 1996 111 26 medgiver
341 1996 50 23 RD,
407 1998 35 18 att
457 1997 38 19 hos
510 1996 132 20 lantmätare
657 1996 91 20 anställt
762 1996 99 20 tekniskt
876 1996 84 19 biträde

66 2026 34 19 må
112 2026 70 20 såsom
193 2026 93 20 effektiv
296 2026 191 26 tjänstgöringstid
498 2026 33 19 för
541 2026 124 20 erhållande
676 2032 28 14 av
714 2025 247 26 avlöningsförbättring

66 2061 27 14 av
105 2055 128 20 statsmedel
245 2057 51 24 taga
308 2055 6 20 i
327 2055 145 20 betraktande
484 2056 83 25 jämväl
579 2056 39 23 tid,
631 2055 110 20 varunder
752 2055 97 20 biträdet
860 2055 6 20 i
877 2055 43 20 anl.
933 2061 28 14 av

66 2085 106 20 förstärkt
187 2085 217 26 försvarsberedskap
419 2085 51 20 eller
485 2085 85 26 partiell
584 2085 147 26 mobilisering
746 2085 57 20 varit
817 2085 96 19 inkallad
928 2084 32 20 till

73 2151 105 16 6—141701

1111 148 91 30 Motioner
1249 148 90 30 Utskott
1383 149 52 36 Skriv.
1501 153 95 16 Protokoll

976 172 25 20 År
1000 168 16 32 |
1024 176 54 20 Prop.
1309 188 4 2 z
1401 177 39 27 ES

1106 206 33 15 FK
1140 200 24 31 |
1169 205 34 16 AK
1226 206 84 16 |ISmllAvd|
1334 206 26 16 Nr
1479 207 33 16 FK
1578 207 35 16 AK

978 691 28 20 491
1047 703 28 2 —T1T
1118 702 28 3 —1
1183 701 29 4 —T1
1246 691 60 20 61-—T
1331 691 39 20 1431
1394 692 41 20 2621
1461 692 31 20 17:
1503 694 25 17 35
1561 692 32 21 117:
1607 695 37 17 185)

1325 728 15 12 s.
1348 723 24 17 34

978 762 28 20 501
1035 763 40 19 1:2
1105 762 40 20 1347
1172 761 38 20 1183]
1246 763 60 19 61—1]
1346 763 24 19 131
1408 763 27 20 261
1473 763 41 20 6:8
1574 764 12 20 6:
1604 766 10 17 7

1170 791 40 20 356

979 1373 25 20 41|
1036 1373 36 20 161]
1119 1385 28 2 —|
1184 1385 27 3 —I|
1246 1373 60 20 61—1]1
1332 1373 39 20 1301
1395 1373 98 21 286133:
1507 1374 86 21 121133:
1605 1377 25 17 70
