1843 2353
0 0 169 38 [ESSER
178 0 34 38 PER
223 0 22 38 PN
256 0 44 38 DNA
301 0 25 38 Fr
325 0 22 38 SS
346 0 34 38 RRD
382 0 34 38 SENS
415 0 34 38 Sr
448 0 77 38 AE
524 0 49 38 MERA
574 0 56 38 TA
629 0 60 38 SIENA
724 0 27 38 TIN
750 0 32 38 NE
786 0 22 38 AE
831 0 93 38 ARR

813 153 135 33 SAKREGISTER
1637 159 40 20 601

1403 233 52 17 Riks-

1392 259 73 29 dagens
1522 264 117 17 Kamrarnas

1397 288 55 31 skri-
1507 293 145 23 förbandlingar

1236 250 92 18 Utskotts-

1079 279 93 18 Motioner
1223 280 112 18 utlåtanden

1200 310 46 17 eller
1260 310 97 18 memorial

1449 379 17 19 2|
1495 377 82 25 Första
1568 373 22 33 |
1596 378 65 17 Andra

1449 399 17 25 &|]
1492 402 69 17 kamm.
1576 404 2 31 |
1593 402 70 17 kamm.

963 255 22 144 1883epsNIN

1021 302 17 105 198[9AIYS
1020 243 18 47 I9[9

1040 372 16 54 "doxd
1041 301 21 64 sy:len
1040 225 21 71 Bun

1193 370 17 57 -[ueg
1183 359 28 1 |

1235 376 17 48 ”PAyV
1236 359 11 1 |

1083 387 32 17 FK
1125 388 43 16 AK
1288 388 17 16 4

1125 407 1 17 |
1289 406 10 9 2

1348 379 17 45 BpIs

1402 388 17 28 IN

94 434 236 30 Förlossningshem;
347 444 21 14 se
385 437 239 28 Socialdepartementet
639 438 72 28 (1929:
723 444 21 18 3;
763 440 63 21 1930:
837 441 25 25 2).
1576 444 2 30 |

93 506 160 28 Förmalning
270 516 25 14 av
312 509 88 21 svenskt
415 510 39 20 och
471 510 111 21 utländskt
598 513 55 22 vete;
671 518 21 14 se
714 511 49 22 Vete
778 512 79 27 (1923).
1576 507 2 55 |

94 578 156 22 Förminskat
269 578 167 28 tillräkneliga
452 578 152 32 förbrytare;
620 590 22 13 se
655 583 136 26 Förbrytare,
807 584 127 21 förminskat
1328 591 1 13 |

139 610 149 26 tillräkneliga,
306 610 122 27 Fångvård
442 610 73 27 (1930:
528 611 24 26 4).
1328 615 1 13 |

95 674 221 37 Förmynderskap.
1577 696 1 23 |

124 712 37 20 RD
178 713 88 24 antager
277 711 79 26 förslag
367 711 32 21 till
411 712 34 25 lag
456 712 50 20 med
517 713 56 20 vissa
585 713 160 21 bestämmelser
756 721 34 13 om
802 715 131 26 förmynder-
949 714 53 22 19211
1021 716 40 20 178
1200 717 50 19 FIT
1290 718 26 20 20
1390 718 38 20 118
1496 719 68 20 22:49
1577 722 1 14 |
1597 719 32 20 -27:
1641 724 24 16 60

139 741 52 26 skap
208 741 33 20 för
257 741 104 27 omyndig
377 741 92 21 medlem
487 749 25 13 av
529 742 36 21 det
582 743 100 26 kungliga
698 744 68 21 huset.
1577 738 1 30 |

1577 771 1 27 |

97 806 5 15 1
123 801 37 20 RD
177 802 86 25 antager
279 801 33 20 för
328 801 33 20 sin
377 801 34 20 del
428 801 34 26 lag
473 808 34 13 om
520 802 186 28 förmynderskap,
718 803 34 26 lag
763 811 47 19 ang.
822 805 111 20 införande
949 804 55 22 |1924|
1027 806 27 19 53
1073 808 98 18 |255/|405|
1200 808 22 19 9/|
1242 806 8 20 1)
1290 808 26 20 29
1392 807 38 20 172
1489 809 32 20 34:
1533 809 45 23 e8dl
1590 809 32 19 32:
1634 809 26 20 3d

137 838 26 13 av
187 831 60 26 lagen
268 837 34 14 om
319 831 186 27 förmynderskap,
522 832 35 26 lag
572 839 35 13 om
624 833 51 20 vård
692 840 26 14 av
734 834 112 27 omyndigs
862 835 70 20 värde-
1073 832 1 4 |
1083 838 34 17 257
1130 838 46 17 |409-
1489 839 69 20 36:88
1577 839 96 28 |35:128

138 860 133 27 handlingar,
288 861 35 25 lag
339 868 34 13 om
391 861 79 20 verkan
482 868 26 14 av
519 862 64 24 avtal,
595 869 47 13 som
653 863 71 20 slutits
736 864 67 20 under
814 860 119 35 inflytande
1082 868 35 17 258
1118 862 16 32 |
1136 867 33 18 411
1577 868 2 13 I

138 897 25 14 av
183 890 84 21 rubbad
286 890 195 27 själsverksamhet,
499 893 56 19 samt
571 894 30 18 ett
617 892 67 21 flertal
701 893 7 20 i
724 894 104 20 samband
845 894 87 21 därmed
1083 898 31 17 261

138 920 87 21 stående
241 920 159 26 lagändringar;
418 921 38 20 och
473 921 124 26 godkänner
613 923 36 19 RD
665 923 80 26 förslag
761 924 33 20 till
810 924 123 27 förordning
1083 928 34 17 262

138 957 36 13 om
190 950 81 20 ändrad
288 950 81 27 lydelse
385 957 26 14 av
428 951 13 25 &
458 951 12 20 2
488 958 63 14 mom.
570 952 18 24 1,
606 952 11 20 3
635 953 39 19 och
690 953 20 24 4,
727 953 13 26 $
757 953 12 20 3
786 960 65 14 mom.
870 955 11 19 2
893 955 39 20 och
1221 959 2 25 I
1435 956 2 48 |
1577 951 2 35 |

137 980 13 26 $
171 980 14 20 4
204 980 7 20 i
230 980 151 26 förordningen
403 980 42 21 den
462 981 25 20 21
508 982 48 26 juni
577 981 55 21 1922
649 982 33 26 (nr
698 983 50 26 277)
764 990 46 20 ang.
828 986 104 25 postspar-
1578 989 1 3 |

138 1010 95 25 banken;
250 1010 39 20 och
301 1010 97 20 anhåller
410 1011 38 19 RD
459 1018 34 13 om
506 1011 120 27 utredning,
638 1012 107 21 huruvida
755 1020 76 19 genom
843 1014 90 27 ändring
1179 1030 2 10 I

138 1040 6 20 i
161 1040 62 26 lagen
239 1040 41 20 den
298 1040 26 20 29
341 1041 48 25 juni
407 1040 56 21 1923
480 1048 34 13 om
526 1041 131 26 sparbanker
667 1043 114 26 möjlighet
792 1043 42 21 kan
845 1044 87 20 beredas
1221 1051 1 4 I
1435 1051 2 14 I
1578 1045 1 27 |

138 1070 33 20 för
193 1070 137 26 förmyndare
353 1070 38 20 och
408 1070 53 26 gode
477 1072 50 19 män
544 1073 31 18 att
590 1072 7 19 i
613 1072 108 26 sparbank
736 1073 116 21 verkställa
867 1074 65 20 sådan
1435 1073 2 11 i

138 1099 137 27 nedsättning
291 1106 26 14 av
333 1100 200 26 värdehandlingar,
549 1108 46 13 som
611 1101 66 27 enligt
693 1102 100 26 förslaget
808 1103 33 21 till
853 1104 34 25 lag
897 1111 34 13 om
1435 1116 1 10 |

138 1129 179 26 förmynderskap
334 1130 55 20 skall
405 1130 37 20 ske
459 1130 6 20 i
482 1130 129 21 riksbanken
625 1131 51 21 eller
692 1139 70 13 annan
779 1133 62 20 bank.
942 1135 1 10 |

94 1194 9 15 2
122 1189 37 20 RD
176 1188 115 27 medgiver,
308 1189 45 20 dels
370 1190 31 19 att
416 1190 47 20 från
476 1190 34 20 2:a
521 1191 57 19 HT:s
590 1190 43 21 ord.
646 1191 163 27 förslagsanslag
820 1193 33 20 till
865 1194 67 25 tryck-|
971 1201 8 10 »

137 1218 178 26 ningskostnader
331 1219 36 20 må
384 1219 103 21 bestridas
503 1220 118 21 kostnaden
637 1221 33 20 för
686 1222 139 21 anskaffande
841 1224 22 19 åt
876 1225 55 19 över-

137 1248 154 27 förmyndarna
310 1255 26 14 av
355 1249 80 20 sådana
451 1250 82 24 böcker,
551 1257 72 14 varom
639 1251 101 20 förmäles
755 1252 7 19 i
779 1252 12 20 3
808 1252 48 27 kap.
875 1253 26 20 11
919 1254 12 25 8

138 1279 6 19 i
153 1278 36 20 det
198 1285 26 14 av
233 1278 112 26 riksdagen
355 1281 92 24 antagna
455 1279 101 27 förslaget
564 1280 33 20 till
606 1280 34 27 lag
648 1287 35 14 om
692 1281 185 28 förmynderskap,
887 1283 45 21 dels

138 1309 31 19 att
184 1308 47 20 från
248 1308 43 20 ord.
309 1308 188 27 förslagsanslaget
513 1310 33 20 till
562 1310 93 25 domare,
672 1311 82 21 vittnen
765 1312 39 20 och
816 1314 70 24 parter
897 1314 35 19 må

138 1338 103 20 bestridas
260 1339 118 26 ersättning
396 1339 33 20 till
449 1339 196 27 häradshövdingar
660 1341 39 20 och
716 1341 169 22 rådstuvurätter
900 1343 33 20 för
1148 1340 27 35 ae

137 1368 120 25 kostnader,
282 1375 46 13 som
353 1369 134 26 uppkomma
509 1376 76 19 genom
609 1371 93 26 införing
718 1372 6 19 i
741 1371 26 21 de
788 1372 33 20 för
842 1373 89 20 överför-
1126 1372 1 27 |

137 1398 120 27 myndarna
273 1398 124 21 anskaffade
413 1399 296 27 förmynderskapsböckerna
725 1408 26 14 av
767 1402 108 26 uppgifter
885 1409 46 20 ang.
1125 1408 2 31 |

138 1428 114 20 bestående
276 1428 179 27 förmynderskap
479 1430 39 19 och
542 1430 154 27 godmanskap,
720 1431 46 21 dels
782 1432 39 20 ock
838 1434 31 19 att
885 1433 46 20 från
1125 1440 1 8 I

137 1464 83 14 samma
236 1458 74 26 anslag
326 1459 33 19 må
378 1459 104 20 bestridas
498 1459 79 21 sådana
588 1461 147 26 ersättningar,
747 1468 73 14 varom
832 1462 99 21 förmäles
1125 1469 1 24 I

137 1488 6 19 i
162 1487 26 21 12
205 1488 48 26 kap.
272 1488 12 20 6
301 1488 39 20 och
358 1488 27 21 23
402 1489 28 25 88
447 1496 26 13 av
488 1489 101 27 förslaget
605 1490 33 20 till
655 1490 34 26 lag
699 1497 35 14 om
746 1487 184 36 förmynderskap.
1125 1498 1 62 |

1125 1583 1 9 |

1124 1656 2 9 |

1020 1194 11 20 D

1034 1194 12 20 DD

1049 1195 12 19 DD

1199 1195 12 19 I

1243 1195 9 20 -—

1276 1195 41 20 112
1390 1191 41 34 265
1497 1197 53 20 42:9
1561 1193 25 33 |
1597 1197 69 20 42:39

122 1547 37 20 RD
176 1549 86 24 antager
278 1548 78 25 förslag
372 1548 33 20 till
421 1548 35 26 lag
471 1555 34 13 om
522 1549 91 27 ändring
628 1550 7 19 i
650 1550 61 26 lagen
724 1550 41 21 den
777 1551 26 20 29
814 1552 49 26 juni
875 1551 56 21 1923
947 1550 56 23 19251
1021 1552 40 21 184
1289 1553 26 20 41
1391 1553 40 21 170
1496 1542 82 33 29:16
1565 1538 19 47 |
1597 1554 68 21 32:19

136 1577 33 25 (nr
191 1577 51 27 286)
265 1584 34 13 om
324 1578 131 25 sparbanker
478 1578 121 28 (möjlighet
619 1580 33 20 för
670 1580 137 27 förmyndare
823 1581 39 20 och
879 1582 52 25 gode

138 1608 50 19 män
204 1608 31 19 att
251 1607 6 20 i
274 1607 106 26 sparbank
397 1608 115 20 verkställa
527 1609 151 26 nedsättning).

95 1671 7 15 1
122 1666 37 19 RD
183 1667 87 25 antager
288 1667 79 26 förslag
386 1667 33 20 till
435 1667 34 26 lag
485 1674 34 14 om
536 1668 82 21 ändrad
634 1669 80 26 lydelse
731 1676 26 14 av
775 1669 25 21 13
818 1670 13 26 8
848 1671 7 19 i
870 1671 60 26 lagen
947 1669 56 23 1929]
1019 1671 41 20 159
1124 1681 2 12 I
1198 1672 11 20 ik

136 1695 41 20 den
203 1696 26 20 27
249 1696 48 26 juni
319 1696 56 20 1924
391 1704 46 19 ang.
455 1697 111 21 införande
583 1705 26 14 av
625 1699 60 26 lagen
702 1706 35 14 om
753 1700 178 27 förmynderskap

137 1723 144 29 (Stockholms
298 1726 58 21 stads
373 1727 141 26 övertagande
530 1735 26 13 av
567 1728 41 21 den
619 1729 252 27 förmyndarkammaren
873 1726 57 35 ålig-

136 1755 69 26 gande
228 1756 158 27 förvaltningen
405 1764 26 13 av
450 1758 56 20 vissa
522 1758 125 27 omyndigas
664 1761 56 19 samt
735 1760 140 21 frånvarande
892 1761 38 20 och

135 1785 85 21 okända
236 1786 109 27 arvingars
361 1787 104 21 kontanta
481 1787 83 28 medel).

1290 1673 12 19 Do

1304 1672 13 20 =

1391 1672 39 20 127
1497 1674 53 20 24:9
1599 1674 32 20 30:
1643 1679 22 15 51

1290 1852 11 20 vu:

1305 1851 11 20 >

93 1851 10 15 2
121 1847 37 19 RD
182 1848 87 24 antager
292 1846 79 27 förslag
390 1847 33 20 till
440 1847 34 27 lag
490 1854 35 14 om
542 1848 81 21 ändrad
639 1848 81 27 lydelse
736 1856 26 14 av
780 1849 25 21 12
822 1850 49 27 kap.
889 1851 12 20 3
918 1851 13 25 8|
969 1858 8 10 >»
986 1842 30 39 |
1025 1850 27 21 88
1125 1817 1 52 |
1390 1852 41 20 245
1490 1853 183 21 28:129135:113

136 1876 6 20 i
159 1876 61 26 lagen
237 1875 41 21 den
295 1876 27 20 27
338 1877 48 26 juni
405 1876 56 21 1924
477 1877 33 26 (nr
526 1877 51 27 320)
592 1885 35 13 om
644 1879 185 27 förmynderskap,
845 1880 35 27 lag
895 1888 35 13 om
1125 1872 1 37 |

136 1906 82 20 ändrad
234 1906 81 26 lydelse
332 1913 26 14 av
375 1906 12 20 3
404 1907 13 25 $&
434 1907 7 20 i
457 1907 61 26 lagen
534 1908 41 20 den
594 1908 8 20 1
621 1908 41 27 juli
680 1909 56 20 1898
753 1908 32 28 (nr
801 1909 34 25 68,
852 1910 39 21 sid.
904 1911 26 25 1),
1125 1920 1 6 I

136 1936 149 21 innefattande
304 1936 57 21 vissa
380 1936 161 22 bestämmelser
556 1944 35 14 om
609 1938 116 27 beräkning
741 1946 26 13 av
782 1940 94 21 strafftid
891 1941 39 20 och

136 1966 34 26 lag
186 1973 35 13 om
238 1965 81 21 ändrad
335 1966 81 26 lydelse
433 1973 25 14 av
475 1967 14 20 4
505 1967 13 26 8
534 1968 7 19 i
557 1968 62 26 lagen
631 1968 41 20 den
685 1968 26 21 27
723 1969 47 26 juni
784 1969 55 21 1902
852 1969 32 28 (nr
896 1970 33 24 72,

136 1995 40 21 sid.
197 1995 20 27 3)
237 2002 45 19 ang.
303 1996 160 26 verkställighet
478 2004 26 13 av
520 1997 103 21 domstols
639 1998 142 21 förordnande
797 2006 35 14 om
848 2001 82 25 tvångs-
1125 2010 1 17 I

136 2025 134 27 uppfostran.
1125 2028 2 55 |

148 2060 24 17 Se
185 2060 35 17 ock
234 2060 45 19 Arv
293 2059 66 23 (1928),
373 2061 111 22 Taxering
497 2061 100 23 (1924:12),
610 2062 138 20 Testamente
760 2063 67 23 (1930).

69 2107 27 17 76.
112 2109 90 19 Sakregister
211 2110 13 15 1.
