1823 2353
1621 74 40 20 133

75 254 167 26 Beskickningar
257 254 37 20 och
310 253 103 21 konsulat.

101 291 19 19 8.
138 290 42 20 RD
190 289 87 21 anvisar
287 289 32 20 till
328 289 193 20 skrivmaterialier
530 295 28 14 m.
568 295 29 13 m.
608 289 40 19 310
657 288 41 20 000
707 288 32 20 kr.
750 288 25 26 (f)
785 289 58 19 samt
852 288 33 20 till
895 288 73 26 övriga

73 320 157 20 omkostnader
241 319 41 20 290
290 319 42 20 000
343 319 32 20 kr.
388 319 33 25 (f).

101 380 20 19 9.
133 379 41 20 Till
185 378 107 27 tillfälliga
304 378 304 26 representationskostnader
619 377 88 20 anvisas
720 377 24 21 15
753 377 41 20 000
805 377 32 20 kr.
850 377 34 26 (r).

104 439 31 19 10.
153 438 41 20 RD
211 438 117 26 medgiver,
345 439 35 18 att
395 438 42 19 den
453 437 5 20 i
474 437 189 26 avlöningsstaten
680 437 32 20 för
727 437 113 20 attachéer
856 438 113 25 upptagna

74 468 164 26 anslagsposten
249 467 128 26 avlöningar
386 467 32 20 till
428 467 103 20 icke-ord.
542 467 99 26 personal
651 467 34 19 må
696 467 33 20 för
738 466 131 27 budgetåret
880 466 90 26 1942/43

74 497 138 21 överskridas
227 497 49 20 med
292 498 63 25 högst
372 497 24 20 12
405 497 41 20 000
461 497 32 20 kr.

104 528 32 19 11.
151 523 20 25 Å
181 527 132 26 tilläggsstat
322 527 87 20 anvisas
419 527 32 19 till
462 526 128 27 avlöningar
600 526 32 20 till
642 526 161 20 skrivbiträden
813 526 27 19 60
848 526 42 19 000
900 526 31 20 kr.
942 526 27 26 (r)

74 559 58 18 samt
142 557 32 19 till
185 558 61 18 extra
258 557 100 19 biträden
369 557 39 19 och
420 556 156 25 vaktbetjänte
587 556 25 19 12
621 556 41 19 000
672 556 31 19 kr.
715 556 34 25 (r).

104 587 31 19 12.
151 586 41 20 Till
206 586 143 20 anordnande
363 592 28 13 av
406 586 132 26 skyddsrum
553 585 7 20 i
575 584 285 27 beskickningsfastigheten
875 584 6 20 i
897 584 72 21 Berlin

74 616 87 20 anvisas
172 616 12 20 å
196 616 133 26 tilläggsstat
339 615 41 20 210
389 615 41 20 000
441 615 31 20 kr.
485 615 34 26 (r).

104 676 31 19 13.
152 675 42 20 RD
211 675 101 22 besluter,
328 676 35 18 att
378 674 329 26 generalkonsulsbefattningen
724 674 6 20 i
745 674 107 19 Montreal
868 673 54 20 skall
938 673 32 20 in-

74 705 77 26 dragas
164 705 39 20 och
217 711 26 13 en
256 704 250 26 sändebudsbefattning
518 704 7 20 i
537 704 131 26 lönegraden
680 704 18 19 B
708 704 13 19 2
733 704 116 25 upprättas
862 702 6 21 i
881 703 87 20 Ottawa

74 736 58 18 samt
146 736 35 18 att
195 734 269 26 konsulsbefattningarna
479 733 7 20 i-
501 733 92 26 Chicago
609 733 39 20 och
664 733 43 20 San
722 733 115 20 Francisco
852 733 60 19 skola
927 733 42 20 för-

74 764 79 20 ändras
164 764 32 20 till
207 763 328 27 generalkonsulsbefattningar
546 763 6 19 i
563 763 96 20 nämnda
670 763 103 25 lönegrad
785 763 39 19 och
836 762 66 20 förste
913 762 56 20 vice-

74 793 242 26 konsulsbefattningen
328 793 38 20 vid
378 792 215 27 generalkonsulatet
603 792 7 20 i
622 792 53 20 New
688 792 60 20 York
759 792 33 20 till
805 798 25 14 en
843 792 126 20 konsulsbe-

74 823 97 26 fattning
183 823 6 20 i
202 823 130 26 lönegraden
346 822 18 20 A
373 823 34 23 30,
420 824 35 18 att
467 822 56 26 gälla
536 822 25 20 fr.
572 828 19 13 o.
601 828 29 14 m.
639 822 48 26 dag,
701 828 46 13 som
759 822 64 19 KM:t
830 821 138 23 bestämmer;

74 853 39 19 och
122 852 111 27 medgiver
241 852 49 23 RD,
299 853 35 19 att
342 852 69 20 under
419 852 130 26 budgetåret
559 851 89 26 1943/44
655 851 35 20 må
699 852 79 19 utöver
785 851 27 20 de
820 851 149 26 befattningar

73 888 47 14 som
131 882 113 26 upptagits
254 882 6 20 i
271 882 41 20 den
322 888 28 13 av
361 882 42 19 RD
414 881 116 26 godkända
541 881 164 26 förteckningen
716 882 51 19 över
777 880 141 27 diplomatisk
928 881 40 20 och

74 912 103 20 konsulär
188 911 107 27 personal,
307 911 167 26 tjänstgörande
486 912 62 19 utom
560 911 62 23 riket,
634 911 50 19 med
696 910 109 26 placering
816 910 68 26 enligt
894 910 74 20 KM:ts

74 942 141 26 beprövande
230 941 126 26 disponeras
371 941 38 20 två
426 941 149 25 befattningar
589 940 7 20 i
611 940 131 26 lönegraden
756 940 19 20 A
785 940 26 20 30
826 940 72 20 såsom
912 940 57 26 lega-

75 971 97 21 tionsråd
182 971 50 20 eller
241 971 137 23 handelsråd,
388 971 48 19 åtta
445 970 150 26 befattningar
603 970 7 20 i
618 970 131 26 lönegraden
758 970 18 19 A
786 969 26 21 26
821 970 71 20 såsom
901 969 67 21 förste

75 1001 239 26 legationssekreterare
324 1000 50 20 eller
384 1000 156 23 vicekonsuler,
550 1000 39 20 två
599 999 150 26 befattningar
758 999 6 20 i
774 999 130 26 lönegraden
914 999 19 20 A
942 1000 24 19 21

75 1031 71 20 såsom
160 1031 67 20 andre
241 1030 239 27 legationssekreterare
493 1030 51 20 eller
557 1030 67 19 andre
637 1029 150 20 vicekonsuler
800 1030 58 19 samt
871 1029 48 26 fyra
933 1029 36 20 be-

75 1060 122 26 fattningar
210 1060 6 20 i
231 1060 129 26 lönegraden
375 1060 18 19 A
405 1060 25 19 12
442 1060 72 20 såsom
528 1059 122 23 kanslister;
665 1059 40 20 och
719 1059 127 26 godkänner
860 1059 41 20 RD
916 1059 53 20 änd-

76 1090 71 27 ringar
160 1090 7 20 i
181 1090 42 20 den
237 1096 28 14 av
280 1090 42 19 RD
336 1089 117 27 godkända
467 1091 73 18 staten
554 1089 34 20 för
601 1089 121 26 ortstillägg
736 1089 24 19 åt
774 1088 141 27 diplomatisk
929 1088 39 20 och

75 1120 103 20 konsulär
188 1119 106 27 personal,
304 1119 167 26 tjänstgörande
481 1120 62 19 utom
552 1118 63 24 riket;
627 1119 39 19 och
676 1118 111 27 medgiver
796 1118 50 23 RD,
856 1119 36 19 att
901 1118 68 20 under

75 1150 131 26 budgetåret
216 1149 90 26 1943/44
314 1149 35 20 må
359 1149 32 20 för
399 1149 148 26 förstärkning
555 1154 28 14 av
592 1148 269 26 utrikesdepartementets
869 1148 99 26 personal

76 1179 125 27 disponeras
210 1185 26 14 en
246 1179 124 26 befattning
379 1178 5 20 i
394 1178 130 27 lönegraden
533 1178 19 20 A
561 1178 27 20 26
596 1178 72 20 såsom
677 1178 67 20 förste
752 1178 132 20 sekreterare
894 1178 39 19 och
942 1184 26 14 en

76 1209 124 26 befattning
214 1209 6 19 i
235 1209 129 25 lönegraden
380 1208 18 20 A
408 1208 23 20 21
448 1209 72 19 såsom
534 1208 67 20 andre
615 1208 139 23 sekreterare;
770 1207 40 20 och
824 1207 88 20 anvisar
926 1207 42 20 RD

75 1239 50 20 med
138 1238 161 27 godkännande
312 1244 28 14 av
354 1238 26 20 de
393 1244 28 14 av
435 1237 239 27 departementschefen
688 1237 6 20 i
708 1237 72 26 övrigt
792 1237 121 26 framlagda
927 1237 42 20 för-

75 1269 73 26 slagen
161 1268 6 20 i
180 1269 75 19 ämnet
266 1268 33 20 till
312 1267 147 26 förstärkning
471 1274 28 13 av
512 1267 283 26 utrikesrepresentationen
808 1267 40 19 och
860 1266 109 20 effektivi-

76 1298 70 26 sering
156 1304 29 14 av
196 1297 311 27 upplysningsverksamheten
519 1297 6 19 i
536 1296 102 20 Amerika
649 1302 29 14 m.
687 1302 29 14 m.
728 1296 41 20 920
777 1296 42 20 000
828 1296 32 20 kr.

106 1328 31 19 14.
150 1328 43 19 RD
205 1327 88 20 anvisar
304 1327 33 20 till
348 1327 67 26 inköp
427 1333 28 14 av
466 1326 105 26 fastighet
582 1326 33 20 för
626 1326 169 26 beskickningen
806 1326 8 20 i
824 1325 144 27 Washington

76 1363 29 14 m.
115 1363 29 14 m.
157 1357 12 20 å
183 1357 132 26 tilläggsstat
327 1357 41 20 360
376 1356 42 20 000
429 1356 32 20 kr.
475 1356 28 26 (r)
516 1357 58 19 samt
586 1355 143 27 bemyndigar
741 1355 65 20 KM:t
817 1357 42 22 att,
872 1355 23 20 så
908 1356 61 19 snart

77 1387 164 20 förhållandena
251 1386 108 26 medgiva,
370 1386 88 26 försälja
469 1385 131 27 fastigheten
610 1385 32 20 till
653 1385 79 26 skäligt
741 1385 51 26 pris.

107 1416 31 21 15.
153 1416 42 20 RD
209 1416 88 20 anvisar
310 1415 32 21 till
356 1416 67 26 inköp
436 1422 29 13 av
478 1415 105 26 fastighet
595 1415 34 20 för
641 1415 127 20 konsulatet
780 1415 6 19 i
800 1414 142 26 Minneapolis
956 1414 12 20 å

76 1446 133 26 tilläggsstat
223 1446 27 20 60
258 1446 41 20 000
313 1446 32 20 kr.
360 1445 35 26 (r).

106 1494 17 20 1.
136 1493 41 20 Till
189 1493 57 20 vissa
258 1493 73 26 hyres-
343 1493 40 20 och
395 1492 165 20 resekostnader
571 1492 34 20 för
616 1492 126 26 personalen
754 1491 37 21 vid
803 1491 166 27 beskickningar

77 1524 38 20 och
126 1523 103 20 konsulat
237 1523 87 20 anvisas
333 1523 12 20 å
355 1522 132 26 tilläggsstat
498 1522 8 20 I
515 1522 27 20 35
551 1522 41 20 000
600 1522 32 20 kr.
642 1522 33 26 (f).

104 1554 19 19 2.
133 1553 41 20 Till
183 1553 142 20 anordnande
333 1559 28 13 av
370 1552 132 26 skyddsrum
511 1552 6 20 i
526 1551 284 27 beskickningsfastigheten
819 1551 7 20 i
835 1551 134 26 Helsingfors

76 1583 87 20 anvisas
174 1583 12 20 å
197 1583 133 26 tilläggsstat
342 1582 8 20 I
362 1582 26 20 50
396 1582 42 20 000
448 1582 32 20 kr.
491 1581 32 27 (i).

105 1613 19 19 3.
140 1612 40 20 Till
191 1612 66 26 inköp
268 1618 28 14 av
306 1612 104 26 fastighet
420 1612 33 20 för
463 1611 168 26 beskickningen
642 1611 6 20 i
658 1611 88 20 Ottawa
756 1610 86 21 anvisas
852 1611 12 19 å
874 1610 95 27 tilläggs-

77 1644 46 18 stat
140 1642 8 20 I
164 1642 41 20 330
213 1642 41 20 000
270 1642 31 19 kr.
318 1641 31 26 (i).

107 1684 17 20 1.
141 1684 42 19 RD
199 1683 87 20 anvisar
300 1683 34 20 till
348 1682 129 27 avlöningar
491 1682 32 20 till
539 1684 61 18 extra
616 1682 100 20 biträden
732 1682 39 20 och
787 1682 154 26 vaktbetjänte
956 1682 12 20 å

78 1714 132 25 tilläggsstat
224 1713 20 20 II
257 1713 26 20 50
292 1713 41 19 000
344 1713 32 19 kr.
390 1712 34 26 (r).

106 1744 19 19 2.
136 1743 41 20 RD
186 1742 118 26 medgiver,
313 1744 35 18 att
355 1742 44 20 tills
408 1742 75 20 vidare
491 1742 36 19 må
535 1741 48 20 från
592 1741 113 26 delposten
713 1741 33 20 till
755 1741 120 26 ortstillägg
884 1741 27 26 på
924 1742 45 19 sätt

78 1773 6 20 i
95 1772 241 26 statsrådsprotokollet
346 1771 121 27 föreslagits
477 1771 33 20 till
520 1771 57 20 vissa
588 1771 113 20 sändebud
712 1771 52 26 utgå
775 1770 127 27 ortstillägg,
913 1776 55 21 resp.

78 1802 75 26 tillägg
165 1802 33 20 till
212 1801 127 27 ortstillägg,
353 1801 127 26 godkänner
491 1800 161 27 avlöningsstat
664 1801 33 20 för
710 1800 141 27 diplomatisk
864 1800 40 21 och
916 1800 54 20 kon-

78 1832 58 20 sulär
148 1831 106 27 personal,
266 1831 167 26 tjänstgörande
445 1832 61 19 utom
518 1830 63 24 riket,
594 1832 58 18 samt
663 1830 88 20 anvisar
758 1830 32 20 till
798 1830 128 26 avlöningar
936 1830 34 20 till

79 1861 140 27 diplomatisk
234 1861 39 20 och
288 1861 103 19 konsulär
404 1860 99 26 personal
517 1866 28 14 m.
555 1866 29 14 m.
599 1860 12 20 3
621 1860 39 20 755
670 1860 41 20 000
724 1860 32 19 kr.
771 1859 32 26 (f).

106 1892 19 19 3.
136 1891 41 20 Till
188 1891 128 25 avlöningar
326 1890 32 20 till
369 1890 113 20 attachéer
491 1890 87 20 anvisas
588 1889 41 21 418
638 1889 40 21 000
688 1890 32 19 kr.
732 1889 33 26 (f).

106 1951 19 19 4,
136 1950 41 20 Till
187 1950 128 26 avlöningar
325 1950 32 19 till
368 1949 172 27 pressattachéer
549 1948 87 21 anvisas
648 1948 38 21 145
695 1949 41 20 000
745 1949 32 20 kr.
788 1948 33 26 (f).

107 2010 18 20 5.
137 2009 40 21 Till
188 2009 128 26 avlöningar
327 2009 32 20 till
369 2009 161 20 skrivbiträden
541 2008 86 21 anvisas
637 2008 41 21 843
687 2008 41 21 000
737 2008 33 20 kr.
781 2008 35 26 (r).

107 2069 19 20 6.
138 2069 42 20 Till
192 2069 128 26 avlöningar
332 2068 33 20 till
377 2070 62 18 extra
451 2068 100 20 biträden
564 2068 40 20 och
616 2068 155 26 vaktbetjänte
782 2067 87 21 anvisas
881 2067 41 21 364
930 2067 41 20 000

79 2099 32 20 kr.
127 2098 35 27 (r).

992 184 25 20 år
1020 159 16 58 |
1037 188 54 20 Erop.
1093 159 15 58 |
1117 164 110 37 ANS
1237 163 150 39 RESET
1395 175 58 17 Där
1470 164 152 38 SMR

1118 217 33 16 FK
1155 213 23 29 |
1181 217 35 16 AK
1238 199 85 55 smilAval
1346 218 27 15 Nr
1420 200 9 42 AS
1492 218 33 16 FK
1591 218 35 16 AK

990 288 28 20 43]
1047 288 39 20 1:31]
1130 300 27 2 —I
1194 300 28 2 —I
1256 288 61 20 61—
1369 289 12 19 3
1434 289 12 19 31
1484 289 41 20 8&4
1586 289 55 20 8:17

1039 322 21 19 pt
1071 320 23 17 12
1343 325 14 12 5
1370 320 52 17 1
1434 320 11 17 d

1038 350 56 17 —13

1001 384 8 12 »
1028 373 8 34 |]
1047 377 39 20 1:31]
1130 389 27 2 —I
1195 389 27 2 —I
1256 377 60 20 61—
1369 378 12 19 3
1434 378 12 19 31
1485 378 40 19 8:4
1585 377 19 20 8:
1618 380 22 17 17

1038 411 21 20 pt
1071 409 23 17 15
1343 414 15 11 s.
1370 409 10 17 91]
1408 414 14 12 s.
1435 409 10 17 5

1000 443 9 13 Fä
1130 448 27 2 —I
1194 448 28 2 —)I
1256 437 61 19 61—]
1357 436 24 20 15]
1420 436 25 20 241
1485 437 54 20 5:16
1542 432 26 34 |
1585 437 55 20 5:28

1040 474 15 11 s.
1068 469 24 17 29
1343 469 36 17 (a

1001 532 7 13 »
1059 527 12 19 2
1129 538 28 2 —I
1194 537 28 2 —I
1256 526 61 19 61—]1
1357 526 24 20 151
1419 526 25 20 241
1484 526 55 20 5:16
1543 522 22 33 |
1586 526 54 20 5:28

1040 563 15 11 s.
1067 558 25 17 30
1407 563 15 11 s.
1436 558 7 17 1

1000 591 8 13 »
1025 580 14 34 [1
1047 585 38 20 163]
1129 597 27 2 —I
1194 596 28 2 —]
1256 584 61 20 61—]
1355 585 26 19 601
1408 585 95 20 153114:
1515 587 24 17 25
1548 580 18 34 |
1573 584 67 21 14:19

1040 617 32 17 bil.
1083 617 11 17 8
1342 622 15 11 s.
1369 617 10 17 3

1044 648 21 19 pt
1076 646 8 17 1

1000 680 8 12 »
1023 669 18 34 1
1045 674 40 20 28001
1129 685 27 2 —I
1194 685 27 2 —I
1256 674 62 19 61—1]
1342 674 36 19 1811
1405 673 40 20 3461
1470 674 33 20 24:
1515 676 23 17 24
1544 669 22 34 |
1571 673 33 20 24:
1615 676 11 17 9

999 1331 9 13 »
1044 1325 41 20 1304]
1128 1336 28 3 —I
1193 1336 28 2 —I
1255 1324 61 20 6|—
1322 1320 7 34 1]
1342 1324 38 21 1821
1404 1324 40 20 3471
1469 1324 33 21 24:
1514 1327 24 17 24
1547 1320 18 34 |
1570 1324 33 21 24:
1614 1327 11 17 9

1043 1358 21 20 pt
1075 1357 8 17 1
1335 1361 15 12 s.
1358 1356 24 17 20

999 1420 8 13 »
1022 1409 18 34 1
1043 1413 41 21 304]
1128 1425 28 2 —|
1193 1425 28 3 —]
1255 1413 61 20 6|—]
1320 1409 5 34 |
1341 1413 39 20 1821
1405 1413 39 20 347
1447 1409 18 34 1
1469 1413 34 20 24:
1514 1415 24 18 24
1547 1409 18 34 |
1570 1413 33 21 24:
1615 1416 10 17 9

1042 1447 22 20 pt
1074 1446 10 17 2
1335 1450 15 12 s.
1356 1441 25 31 21

989 1491 27 20 431
1044 1490 40 21 344
1092 1486 31 35 |
1129 1502 27 3 —I|
1194 1502 27 3 —I
1256 1490 60 21 61—1
1340 1490 38 20 2411
1405 1490 40 20 4791
1470 1491 54 20 31:2
1570 1490 55 21 1|31:6

992 1521 68 20 H|s.
1074 1522 11 18 5
1341 1527 16 12 &
1370 1522 74 18 EINER

999 1557 9 13 »
1044 1550 41 20 [344]
1128 1561 29 3 —|
1193 1562 28 2 —J]
1256 1550 60 20 61—1
1340 1550 38 20 2411
1405 1550 40 20 4791
1469 1550 55 20 31:2
1570 1550 55 20 1|31:6

1035 1587 15 12 8.
1061 1582 37 18 117
1342 1587 15 11 s.
1369 1582 75 17 21s.8

999 1616 9 13 »
1022 1605 18 34 |
1044 1609 41 21 344]
1129 1621 27 2 —I
1193 1621 28 3 —I
1256 1609 61 20 6/|—]1
1340 1609 38 20 2411
1405 1609 119 21 479131:2
1570 1610 55 20 131:6

1034 1647 15 11 s.
1062 1641 37 18 118
1341 1646 16 12 s.
1369 1641 52 18 318.
1433 1641 11 17 8

989 1681 28 20 441
1058 1681 12 20 2
1129 1693 27 2 —|
1194 1693 27 2 —I
1256 1681 60 20 61—1]
1356 1681 25 20 181]
1419 1681 26 20 261
1484 1681 40 20 5:5
1584 1681 19 20 5:
1615 1683 24 18 16

1039 1718 15 11 s.
1069 1713 24 17 19
1342 1717 15 12 8.
1370 1713 8 17 1

999 1747 8 13 »
1046 1740 38 20 [1:38]
1129 1752 27 2 —|
1193 1751 28 3 —I
1256 1740 61 20 6)—]
1368 1740 12 20 3
1432 1740 13 20 31]
1484 1740 41 20 6:4
1584 1740 41 20 6::9

1043 1774 22 20 pt
1075 1772 10 17 4
1341 1772 38 17 s.41
1406 1771 38 18 5.3

1000 1895 8 13 »
1017 1883 23 35 I
1047 1888 38 20 1:81]
1129 1900 92 3 —I—I
1256 1888 60 20 6l—1
1368 1888 12 20 31
1432 1888 13 20 31
1483 1887 42 21 6:4
1584 1888 19 20 6:
1614 1890 11 18 9

1044 1921 21 20 pt
1075 1920 10 17 5
1336 1920 85 17 silltljs.
1434 1920 9 16 ?

1000 1954 9 14 »
1022 1943 18 35 |
1047 1948 39 20 1:38]
1129 1959 28 3 —I
1194 1959 27 3 —I
1256 1948 60 19 6)—1
1368 1948 12 20 31
1432 1947 13 20 31
1483 1947 41 20 6:4
1584 1947 19 20 6:
1614 1949 11 18 9

1044 1981 22 20 pt
1075 1979 11 18 6
1336 1979 108 18 8s.18137

1000 2014 9 13 »
1046 2008 40 20 1:31
1129 2019 28 3 —I
1193 2019 29 3 —1I
1256 2007 61 20 61)—|
1368 2007 12 20 3
1433 2007 12 20 31
1484 2007 41 20 6:4
1584 2007 41 20 6:'9

1044 2041 22 20 pt
1076 2039 9 18 7
1336 2038 108 18 s.12187

1001 2073 8 14 »
1047 2067 39 20 11:31]
1129 2078 28 3 —I
1194 2078 28 4 —I
1256 2066 61 21 61—1
1368 2067 13 20 31
1433 2067 12 20 31
1484 2066 41 20 6:4
1584 2066 19 20 6:
1615 2068 10 18 9

1044 2100 22 20 pt
1076 2098 10 18 8
1336 2103 15 12 s.
1359 2098 24 18 13]
1407 2103 15 12 s.
1434 2098 10 18 7
