1849 2359
164 147 43 21 144
898 154 136 15 SAKREGISTER

1492 223 54 17 Riks-

1482 252 73 23 dagens
1613 253 118 17 Kamrarnas

1487 278 56 31 skri-
1598 282 146 23 förhandlingar

1489 312 63 18 velser

1324 240 95 18 Utskotts-

1155 266 107 32 Motioner
1313 270 112 18 utlåtanden

1289 300 47 18 eller
1348 300 100 18 memorial

1587 366 67 17 Första
1661 362 20 32 |
1689 367 65 17 Andra

1583 390 71 18 kamm.
1654 386 24 31 |
1685 391 71 17 kamm.

1052 248 22 144 18S3epsAIY

1110 294 17 104 198[9ALYS
1109 234 17 47 199

1129 363 17 54 ”doid
1129 291 22 65 sy:lej
1128 216 22 70 [Bun

1171 378 87 17 FKIAKR

1283 361 17 57 "tueg

1324 365 17 43 PAV

1378 378 17 27 IN

1438 368 17 45 vpIs

1492 378 17 27 IN

1540 368 17 45 vpig

1115 463 12 20 Do

1130 463 13 20 =

1275 463 10 20 rå

1288 463 12 20 S

184 467 8 15 1
211 462 38 21 RD
265 462 115 26 medgiver,
397 464 32 19 att
444 463 136 20 arrendatorn
597 463 25 20 G.
640 462 97 21 Carlsson
753 463 42 24 må,
807 464 52 19 utan
870 462 76 21 hinder
957 462 64 20 därav
1036 462 56 22 |1929|
1388 463 17 20 4
1494 464 25 19 51
1588 463 68 21 11;131
1690 464 68 20 18:48

227 494 32 19 att
274 492 98 27 gällande
388 492 146 21 arrendeavtal
545 494 39 19 rör.
596 492 200 26 kronoegendomen
807 490 27 29 1/;
847 492 82 21 mantal
939 493 81 25 Hångs-

227 522 50 21 dala
293 529 25 14 nr
335 522 26 20 16
378 522 134 27 Trädgården
528 523 8 20 i
552 523 129 26 Skaraborgs
696 522 36 21 län
748 522 71 21 slutits
838 523 54 20 efter
912 522 55 20 1921
988 523 33 19 års

226 553 87 25 utgång,
330 552 87 21 beredas
436 552 94 26 lindring
547 553 8 20 i
574 552 193 21 arrendevillkoren
786 553 7 20 i
814 552 94 26 enlighet
927 552 49 20 med
995 552 26 20 de

226 582 99 26 grunder,
345 589 46 14 som
410 583 69 20 finnas
499 583 92 26 angivna
606 583 7 20 i
629 583 141 26 kungörelsen
789 582 41 21 den
851 582 26 20 18
896 583 48 26 juni
964 582 56 20 1926

226 612 33 27 (nr
275 611 50 29 261)
341 619 48 20 ang.
412 612 109 21 allmänna
539 613 92 26 grunder
649 613 33 20 för
697 612 94 26 lindring
806 613 7 19 i
829 612 192 21 arrendevillkoren

226 643 34 20 för
274 643 58 21 vissa
347 642 145 21 arrendatorer
508 650 25 13 av
549 643 92 20 kronans
657 642 224 27 jordbruksdomäner.

1381 710 25 20 19
1495 709 26 20 82
1589 709 32 20 11:
1633 714 23 15 63
1659 705 18 34 |
1690 709 68 21 14:43

184 714 9 15 bo

212 709 38 20 RD
266 708 116 27 medgiver,
399 710 31 19 att
446 711 122 24 sergeanten
584 709 37 20 vid
637 709 139 20 Norrbottens
792 711 119 24 regemente
928 709 54 20 P.S.
995 709 24 19 V.!
1060 717 7 10 »
1078 704 27 35 I
1116 709 26 20 39
1289 709 52 20 611

227 739 26 20 N.
270 739 106 26 Bergman
392 740 35 19 må
443 739 78 20 befrias
537 739 48 20 från
601 739 79 20 honom
697 739 87 26 jämlikt
800 739 75 26 högsta
890 738 131 21 domstolens

227 769 71 26 utslag
314 768 41 21 den
376 769 27 20 30
423 775 47 14 nov.
490 768 56 21 1926
566 769 111 26 åliggande
696 768 123 27 skyldighet
838 770 31 19 att
888 768 32 20 till
940 768 81 21 kronan

227 799 75 25 utgiva
317 799 118 26 ersättning
449 799 33 20 för
498 799 52 20 brist
565 799 8 20 i
588 806 27 13 av
630 799 79 20 honom
727 798 166 21 omhänderhaft
907 799 114 25 furageför-

227 828 39 21 råd
282 828 50 21 med
348 829 13 20 8
371 829 41 20 901
429 829 31 19 kr.
478 828 26 20 57
521 831 42 23 öre,
579 830 57 19 samt
652 830 31 19 att
698 829 143 20 omförmälda
862 828 77 27 belopp
951 829 35 19 må
997 835 25 13 ur

227 858 147 26 vederbörliga
389 859 143 26 räkenskaper
547 859 116 20 avskrivas.

183 431 177 27 Avskrivningar
375 431 36 22 och
427 432 128 27 eftergifter.

1352 740 1 20 I

1352 764 1 14 |

184 935 10 16 3
212 930 38 20 RD
270 930 115 26 medgiver,
405 932 31 19 att
453 931 55 20 förre
527 930 153 21 landsfiskalen
698 931 8 19 i
727 930 96 20 Valkebo
846 930 87 21 distrikt
956 930 66 20 Sköld!
1060 939 9 9 »
1079 926 27 35 |
1116 930 26 21 61
1289 929 12 21 Gl
1332 929 75 22 NES
1496 930 26 20 dk
1590 930 170 21 Adra

228 960 79 21 Gustaf
322 960 78 21 Leffler
416 961 36 19 må
467 960 78 21 befrias
560 961 48 19 från
624 960 123 27 skyldighet
763 962 31 19 att
809 960 84 26 erlägga
903 962 30 19 ett
944 960 78 27 belopp

228 997 26 14 av
271 990 12 20 2
294 990 42 20 700
352 990 39 25 kr.,
407 990 67 21 vilket
489 990 43 20 han
548 990 36 21 vid
600 990 48 26 laga
663 997 33 14 av-
713 990 39 20 och
768 990 145 27 tillträdessyn
933 990 41 21 den
995 990 27 20 14

228 1021 44 26 maj
291 1020 56 20 1926
364 1021 12 19 å
392 1020 236 21 landsfiskalsbostället
645 1019 27 28 !/;
688 1020 82 20 mantal
786 1020 55 20 Lilla
857 1020 72 27 Greby
944 1027 26 13 nr
987 1020 10 20 1
1015 1020 6 20 i

228 1050 139 25 Vikingstads
383 1050 78 20 socken
481 1057 26 13 av
526 1046 160 29 Östergötlands
705 1050 35 19 län
759 1050 122 26 förpliktats
899 1052 32 18 att
949 1050 73 26 utgiva
1353 1040 2 29 |

227 1079 35 21 till
277 1079 87 21 kronan.

184 1156 10 15 4
212 1151 38 20 RD
266 1151 115 26 medgiver,
398 1152 32 19 att
445 1151 180 26 hemmanägaren
640 1151 23 20 L.
681 1151 23 20 O.
721 1151 92 21 Jonsson
829 1151 8 20 i
852 1151 76 20 Heden
942 1151 7 20 i
960 1151 62 20 Lima|
1060 1159 8 10 »
1110 1151 41 20 |1:9
1276 1149 26 21 10
1397 1152 7 19 11
1441 1152 55 20 7419
1506 1152 52 20 Al19]
1590 1151 68 21 18:25
1684 1152 33 20 126:
1730 1156 38 16 124

227 1181 78 20 socken
321 1187 27 14 av
361 1181 150 26 Kopparbergs
522 1181 36 20 län
569 1181 78 20 befrias
657 1181 48 20 från
716 1181 126 26 erläggande
853 1188 25 13 av
889 1181 133 20 återstående
1102 1192 17 16 p-
1126 1186 33 17 109

228 1211 41 25 del,
282 1210 12 21 3
305 1211 41 20 152
358 1211 30 20 kr.
400 1211 12 20 6
421 1213 41 22 öre,
472 1217 26 14 av
506 1212 75 19 räntan
590 1211 10 19 å
610 1211 171 26 köpeskillingen
788 1211 33 20 för
832 1217 26 14 av
866 1211 79 20 honom
954 1211 69 20 under

230 1240 57 21 1924
306 1241 89 26 inköpta
413 1240 143 27 virkesposter
573 1241 59 20 inom
649 1240 48 21 Idre
713 1241 40 20 och
769 1240 175 21 Västerdalarnas
960 1241 60 20 revir.

185 1312 9 15 &
212 1306 38 21 RD
269 1306 115 26 medgiver,
404 1307 32 19 att
454 1306 107 27 kaptenen
577 1306 19 21 J.
614 1306 24 20 A.
654 1306 96 27 Rydings
769 1306 56 20 änka
845 1306 67 20 Hilda
931 1306 91 21 Oktavia|
1061 1314 8 10 >»
1112 1306 39 20 1139
1290 1305 12 20 6)
1333 1305 10 20 11
1381 1307 27 20 39
1484 1306 40 20 133
1590 1306 69 21 21:45
1660 1302 23 35 |
1692 1307 33 20 28:
1737 1312 24 15 77

227 1336 92 26 Ryding,
335 1336 51 20 född
404 1336 83 24 Olsson,
504 1336 40 20 och
560 1336 114 20 makarnas
690 1336 69 20 dotter
775 1336 57 20 Sofia
846 1336 100 20 Johanna
956 1336 66 20 Elisa-
1528 1357 1 3 |

228 1366 51 20 beth
295 1365 85 27 Ryding
396 1366 36 20 må
447 1366 78 20 befrias
541 1366 48 20 från
605 1366 49 20 dem
675 1365 111 27 åliggande
805 1366 123 26 skyldighet
943 1368 32 18 att
989 1366 34 20 till
1528 1365 1 40 |
1671 1365 1 7 I

228 1396 82 20 kronan
333 1396 73 26 utgiva
429 1395 36 21 det
488 1402 77 19 genom
589 1395 181 26 krigshovrättens
788 1396 71 26 utslag
877 1395 41 21 den
936 1395 26 21 10
978 1396 44 20 okt.
1528 1409 1 5 |

229 1425 57 21 1919
306 1425 105 21 utdömda
429 1425 207 26 ersättningsbelopp
655 1432 26 14 av
700 1425 42 20 353
762 1426 30 19 kr.
812 1425 27 21 66
859 1427 41 22 öre,
920 1428 56 17 samt
991 1427 32 19 att

228 1455 161 27 ifrågavarande
405 1455 78 27 belopp
499 1456 36 19 må
550 1462 26 13 ur
591 1455 146 26 vederbörliga
752 1455 144 27 räkenskaper
906 1456 115 20 avskrivas.

1582 1527 33 20 21:
1628 1522 44 28 103]
1684 1527 33 21 28:
1730 1533 39 15 110

228 1557 48 19 från
287 1556 125 26 erläggande
424 1563 25 13 av
460 1556 41 20 den
515 1556 26 20 14
553 1563 56 13 mars
622 1556 56 20 1928
688 1557 33 20 till
731 1557 108 26 betalning
847 1557 101 20 förfallna
956 1558 66 19 ränte-

229 1586 85 27 belopp,
334 1586 90 27 tillhopa
443 1586 65 20 4112
528 1586 30 20 kr.
577 1586 27 20 74
620 1588 41 23 öre,
682 1587 12 20 å
712 1586 92 26 ogulden
822 1586 34 21 del
873 1593 26 14 av
918 1586 104 27 köpeskil-
1216 1609 1 4 I
1471 1587 1 17 I

229 1616 73 26 lingen
325 1616 32 20 för
372 1616 7 20 i
395 1616 234 27 statsrådsprotokollet
652 1616 129 21 omförmäld
800 1623 27 14 av
848 1617 79 20 honom
947 1616 76 27 inköpt
1216 1615 1 4 |

228 1646 100 26 lägenhet
344 1646 68 20 under
427 1646 199 26 kronoegendomen
642 1646 119 26 Dagöholm
775 1653 25 13 nr
812 1646 57 20 1—4
880 1647 7 19 i
898 1646 124 21 Söderman-

228 1676 62 20 lands
303 1676 41 20 län.

185 1532 10 15 6
213 1527 38 20 RD
267 1526 115 26 medgiver,
398 1528 32 19 att
440 1527 26 20 K.
479 1527 28 20 H.
519 1527 97 24 Larsson,
633 1527 111 26 Kjesebro,
760 1527 126 26 Dagöholm,
898 1527 36 20 må
944 1527 78 20 befrias
1025 1522 18 35 |
1061 1535 8 9 »
1111 1527 41 19 |144
1216 1534 1 12 I
1276 1526 37 20 10]
1383 1527 23 20 30
1419 1528 1 24 |
1475 1524 53 52 [196]

186 1752 9 16 7
213 1748 38 20 RD
274 1748 114 26 medgiver,
413 1749 31 19 att
462 1748 57 20 vissa
537 1748 7 19 i
560 1747 232 27 statsrådsprotokollet
807 1748 142 20 omförmälda
965 1748 56 20 hem-|
1061 1756 8 10 »
1111 1748 40 19 |146

227 1779 124 24 mansägare
373 1778 60 20 inom
450 1777 130 27 Lappträsks
596 1777 40 20 och
652 1777 127 21 Svanträsks
795 1778 53 26 byar
863 1778 7 20 i
886 1777 136 27 Arvidsjaurs

228 1808 77 20 socken
328 1814 26 14 av
377 1807 140 20 Norrbottens
540 1807 36 20 län
595 1808 36 19 må
647 1807 78 20 befrias
740 1808 48 19 från
804 1808 123 26 skyldighet
942 1810 32 18 att
989 1808 33 20 till

228 1837 82 21 kronan
332 1837 95 20 inbetala
449 1836 121 21 resterande
593 1837 150 26 köpeskilling,
767 1837 117 26 utgörande
908 1837 64 20 3924
990 1837 31 20 kr.

230 1867 26 20 77
273 1869 35 18 öre
323 1867 68 26 jämte
407 1869 68 23 ränta,
491 1867 33 20 för
540 1873 26 14 en
582 1873 26 14 av
624 1866 49 21 dem
690 1867 99 20 behållen
805 1867 35 21 del
856 1874 26 13 av
898 1869 31 18 ett
944 1868 7 19 i
962 1868 60 19 stats-

227 1897 179 26 rådsprotokollet
429 1897 85 26 angivet
529 1896 47 20 från
592 1896 149 27 kronoparken
757 1897 128 20 Näverliden
900 1897 8 20 i
924 1897 98 20 Norrbot-

227 1928 48 19 tens
290 1927 37 20 län
342 1927 76 20 hösten
436 1926 56 20 1920
509 1926 76 26 inköpt
600 1926 133 27 virkesparti.

1276 1744 37 22 10/
1382 1748 26 20 32
1483 1744 46 24 198)
1582 1748 90 20 ]21:103]
1684 1750 32 20 28:
1729 1755 37 15 111

1381 1992 27 20 33
1482 1992 40 20 199
1581 1988 32 34 21:
1626 1988 51 34 103|
1682 1993 34 20 28:
1728 1997 37 16 111

185 1996 9 16 Få

212 1992 38 20 RD
273 1992 115 26 medgiver,
412 1994 32 18 att
467 1993 80 19 statens
570 1991 113 21 domäners
701 1992 53 20 fond
770 1993 42 22 må,
829 1993 7 19 i
852 1992 104 20 samband
972 1992 50 20 med
1017 1987 18 35 |
1060 2000 8 9 >
1116 1992 27 20 37

228 2022 124 20 överlåtelse
375 2022 13 20 å
403 2022 54 20 Falu
480 2022 48 20 stad
544 2028 26 14 av
585 2022 43 20 viss
644 2022 7 19 i
667 2022 13 25 $
697 2022 12 20 2
726 2029 26 13 av
768 2022 90 26 angiven
875 2022 147 21 överenskom-

226 2052 67 20 melse
309 2051 130 21 omförmäld
454 2052 108 26 fastighet,
578 2051 124 21 nedskrivas
718 2052 49 20 med
785 2051 78 21 10500
880 2052 31 20 kr.

1276 1991 10 20 -

1290 1991 12 20 S
