1837 2361
181 82 27 20 38

198 266 149 21 Arbetstvister.

227 303 17 20 1.
261 303 42 20 RD
319 303 72 20 avslår
406 302 83 21 motion
506 308 35 14 om
558 302 147 27 upphävande
720 308 28 14 av
764 302 87 26 lagarna
868 308 35 14 om
919 301 167 21 kollektivavtal

197 333 40 20 och
248 332 175 21 arbetsdomstol.

224 363 20 20 2.
261 362 42 21 RD
319 362 87 21 anvisar
421 362 33 20 till
469 362 180 26 förlikningsmän
664 362 34 20 för
712 361 95 27 medling
823 361 6 20 i
844 361 152 21 arbetstvister
1011 367 28 14 m.
1050 368 36 13 m.:

197 392 32 20 till
242 392 127 27 avlöningar
381 392 27 20 70
416 392 41 20 000
469 392 32 20 kr.
515 391 26 26 (f)
554 393 58 19 samt
624 391 32 21 till
669 391 155 21 omkostnader
836 391 27 21 20
871 391 41 20 000
924 391 32 20 kr.
970 391 33 26 (f).

226 458 41 20 RD
281 458 88 20 anvisar
382 457 33 21 till
429 457 180 27 förlikningsmän
623 457 33 20 för
669 457 95 26 medling
778 457 6 20 i
798 457 153 20 arbetstvister
964 463 28 14 m.
1003 463 36 14 m.:
1055 457 32 20 till

197 488 127 26 avlöningar
335 488 26 20 85
370 487 41 21 000
423 488 32 19 kr.
468 487 26 26 (f)
506 488 59 19 samt
576 487 32 20 till
621 487 155 20 omkostnader
787 487 27 20 25
822 487 42 20 000
875 487 32 19 kr.
920 487 33 25 (f).

225 553 42 20 RD
282 553 87 20 anvisar
383 553 32 20 till
430 553 179 26 förlikningsmän
624 553 33 20 för
670 552 95 27 medling
779 552 6 20 i
799 552 153 20 arbetstvister
965 559 28 13 m.
1004 559 35 13 m.:
1055 552 33 20 till

196 583 128 26 avlöningar
338 583 39 20 100
385 583 41 20 000
438 583 32 20 kr.
485 583 25 26 (f)
523 584 58 19 samt
593 582 34 20 till
640 582 155 20 omkostnader
807 582 27 20 30
842 582 41 20 000
895 582 32 20 kr.
942 582 32 26 (f).

227 655 16 20 1.
261 655 41 20 RD
318 654 88 21 anvisar
420 654 33 21 till
469 654 179 26 förlikningsmän
664 654 33 20 för
712 654 95 26 medling
822 654 6 20 i
843 653 153 21 arbetstvister
1011 660 28 14 m.
1050 660 36 14 m.:

196 684 128 27 avlöningar
339 684 39 20 140
386 684 41 21 000
440 684 33 20 kr.
488 684 33 26 (f).

224 715 19 20 2.
261 714 41 21 RD
318 714 88 20 anvisar
421 714 33 20 till
469 713 180 27 förlikningsmän
664 714 34 20 för
712 713 96 27 medling
823 713 6 20 i
844 713 153 21 arbetstvister
1011 720 29 13 m.
1050 720 36 13 m.:

196 744 156 21 omkostnader
365 744 27 20 30
400 744 41 20 000
455 744 31 20 kr.
502 744 33 26 (f).

224 774 19 20 3.
260 774 42 20 RD
318 774 118 26 medgiver,
452 775 35 19 att
502 773 27 21 de
544 773 34 21 för
593 773 131 27 budgetåret
741 773 89 26 1948/49
846 773 68 20 under
929 773 33 20 5:e
979 773 40 20 HT
1034 779 54 20 upp-

196 805 66 26 tagna
278 804 102 26 anslagen
396 803 33 21 till
444 803 128 27 avlöningar
587 803 40 20 och
643 803 155 20 omkostnader
813 803 33 20 för
860 802 180 27 förlikningsmän
1055 803 34 20 för

196 834 96 26 medling
305 833 7 20 i
326 833 154 21 arbetstvister
493 839 29 14 m.
532 839 28 14 m.
576 833 35 20 må
626 834 62 25 tagas
703 833 6 20 i
723 833 95 26 anspråk
833 832 45 21 dels
892 833 33 20 för
939 834 35 19 att
987 834 101 25 gottgöra

196 864 38 20 det
242 864 69 20 under
321 864 45 19 11:e
374 863 42 20 HT
423 863 109 27 uppförda
541 862 98 27 anslaget
647 862 33 21 till
688 864 63 19 extra
760 862 90 27 utgifter
858 863 34 19 för
900 862 26 21 de
935 862 152 27 ersättningar,

196 899 46 14 som
255 893 69 20 under
336 893 131 27 budgetåret
480 892 90 27 1948/49
583 892 121 21 utbetalats
715 892 34 20 till
761 892 59 20 inom
832 892 256 26 inrikesdepartementet

196 923 120 20 tillkallade
333 922 111 27 opartiska
462 922 131 21 ordförande
610 922 40 20 och
667 921 300 27 förlikningskommissioner,
985 922 40 20 och
1043 922 44 20 dels

196 953 33 20 för
247 952 140 21 bestridande
405 958 29 14 av
452 952 27 20 de
497 952 119 20 kostnader
634 952 33 20 för
684 952 156 20 motsvarande
858 952 109 23 ändamål,
986 958 47 13 som
1051 951 35 21 må

196 982 134 27 uppkomma
344 982 70 20 under
426 982 126 20 återstoden
565 988 28 14 av
606 981 137 27 budgetåret.

225 1024 18 20 1.
260 1024 42 20 RD
323 1023 73 21 avslår
415 1023 84 20 motion
520 1029 35 14 om
580 1023 117 26 utredning
721 1019 41 24 röf!
784 1022 141 27 obligatorisk
945 1022 115 26 skiljedom
1081 1023 6 19 i

196 1053 159 23 arbetstvister,
373 1059 47 14 som
438 1053 140 26 uppkommit
595 1053 79 19 mellan
692 1053 112 22 kommun,
822 1052 112 26 landsting
951 1052 50 20 eller
1018 1054 69 18 annat

196 1082 145 27 samhälleligt
352 1088 73 21 organ,
437 1082 13 21 å
461 1088 47 18 ena,
520 1083 59 19 samt
589 1081 206 27 fackorganisation,
806 1082 13 20 å
830 1082 68 20 andra
910 1081 68 21 sidan.

223 1112 20 20 2.
260 1112 42 20 RD
315 1112 72 20 avslår
398 1112 108 20 motioner
517 1111 50 21 med
580 1111 80 27 förslag
671 1111 33 20 till
716 1111 35 26 lag
763 1117 35 14 om
810 1111 95 26 medling
917 1111 6 20 i
935 1111 153 20 arbetstvister

195 1148 68 14 m.m.

223 1172 20 20 3.
260 1171 42 20 RD
318 1171 88 20 anvisar
420 1171 34 20 till
469 1171 180 26 förlikningsmän
664 1171 34 20 för
712 1170 95 27 medling
823 1170 6 20 i
844 1170 153 20 arbetstvister
1011 1177 29 13 m.
1050 1177 36 13 m.:

196 1201 128 27 avlöningar
340 1201 39 20 140
387 1201 41 20 000
442 1201 32 20 kr.
490 1200 34 27 (f);
539 1201 40 20 och
594 1200 72 21 avslår
681 1200 42 20 RD
738 1200 108 20 motioner
860 1200 6 20 i
880 1200 44 20 vad
939 1200 26 20 de
979 1206 52 14 avse
1045 1200 43 20 för-

196 1231 45 26 slag
256 1237 35 14 om
305 1231 91 20 fortsatt
409 1230 117 27 utredning
539 1230 7 20 i
560 1230 57 26 syfte
631 1231 35 19 att
679 1230 98 20 anordna
791 1236 26 14 en
832 1231 83 19 statens
930 1230 158 26 förhandlings-

196 1261 81 26 våning
291 1260 6 20 i
311 1260 126 26 anslutning
451 1260 33 20 till
497 1259 371 27 förlikningsmannaexpeditionen.

224 1290 19 20 4.
260 1290 42 20 RD
319 1289 88 21 anvisar
420 1289 34 20 till
469 1289 180 27 förlikningsmän
665 1289 33 20 för
712 1289 96 26 medling
822 1289 7 20 i
844 1289 153 20 arbetstvister
1011 1295 29 14 m.
1050 1295 36 14 m.:

196 1319 156 21 omkostnader
363 1319 27 21 30
399 1319 41 20 000
451 1319 32 20 kr.
496 1319 33 26 (f).

225 1349 26 21 Se
274 1349 41 20 ock
340 1349 126 26 Förenings-
489 1349 36 20 och
548 1348 186 27 förhandlingsrätt
757 1348 70 26 (1945:
840 1348 26 26 2),
892 1348 194 26 Förlikningsmän,

197 1378 168 27 Socialstyrelsen
380 1378 70 27 (1942:
463 1380 17 22 3,
497 1378 59 21 1944:
570 1381 16 21 1,
603 1378 59 20 1945:
675 1378 26 26 2),
720 1378 146 26 Tjänsteplikt.

196 1417 195 24 ARBETSVÅRD.

225 1456 42 20 RD
285 1456 111 26 medgiver
413 1455 160 27 upprättandet
590 1455 6 20 i
614 1455 126 26 anslutning
757 1455 32 20 till
807 1455 123 20 karolinska
948 1455 116 26 sjukhuset
1081 1455 6 20 i

197 1486 126 20 Stockholm
338 1491 29 14 av
382 1491 26 14 en
423 1485 143 20 arbetsklinik
581 1485 34 20 för
629 1485 141 20 kvalificerad
785 1484 182 27 arbetsprövning
982 1486 58 18 samt
1054 1485 34 20 för

196 1515 134 20 bedrivande
344 1521 28 14 av
386 1515 44 20 viss
444 1515 270 26 forskningsverksamhet;
730 1514 39 20 och
784 1514 111 27 medgiver
909 1514 49 23 RD,
973 1515 36 19 att
1022 1515 66 19 stats-

196 1545 76 26 bidrag
284 1545 67 26 enligt
362 1545 94 26 angivna
468 1545 94 26 grunder
573 1544 35 20 må
621 1544 52 27 utgå
685 1544 32 20 till
730 1544 120 26 Göteborgs
862 1544 49 20 stad
923 1544 33 20 för
968 1544 79 20 driften
1059 1550 28 14 av

196 1581 26 14 en
236 1574 143 21 arbetsklinik
397 1576 58 18 samt
472 1576 35 18 att
520 1574 134 26 statsbidrag
668 1574 117 20 försöksvis
799 1573 84 21 lämnas
897 1573 33 20 till
944 1574 84 26 företag
1041 1580 46 13 som

196 1604 122 27 organisera
333 1604 106 20 särskilda
454 1604 142 26 avdelningar
610 1603 33 21 för
657 1604 171 26 sysselsättande
843 1609 28 14 av
885 1609 59 14 mera
960 1603 128 27 höggradigt

196 1634 97 26 partiellt
308 1634 121 20 arbetsföra
444 1635 58 19 samt
517 1633 33 20 till
565 1633 117 27 landsting,
698 1633 130 20 kommuner
842 1639 29 14 m.
882 1633 22 20 fl.
920 1639 47 14 som
983 1634 104 25 upprätta

196 1663 227 27 träningsverkstäder
439 1663 40 20 och
495 1663 180 20 arbetscentraler
691 1663 33 20 för
739 1663 97 26 partiellt
851 1663 128 23 arbetsföra;
996 1663 40 20 och
1052 1663 36 20 be-

195 1693 117 27 myndigar
326 1693 42 20 RD
384 1693 64 20 KM:t
463 1694 34 19 att
512 1693 6 20 i
533 1693 72 26 övrigt
619 1693 131 20 föranstalta
765 1699 35 14 om
815 1693 225 20 försöksverksamhet
1055 1693 33 20 för

196 1723 123 20 beredande
334 1729 29 14 av
378 1723 128 20 arbetsvård
522 1723 24 20 åt
562 1722 96 27 partiellt
673 1722 121 21 arbetsföra
809 1722 7 20 i
832 1722 146 27 huvudsaklig
993 1722 95 27 enlighet

195 1753 50 20 med
259 1753 6 20 i
278 1752 242 27 statsrådsprotokollet
532 1752 116 21 förordade
660 1752 100 26 grunder.

224 1782 26 21 Se
263 1782 40 21 ock
319 1782 137 27 Uppskjutna
468 1782 89 20 ärenden
571 1782 69 26 (1950:
655 1782 24 26 1).

195 1824 126 24 ARBOGA;
334 1830 22 14 se
371 1824 129 26 Flygvapnet
513 1824 69 26 (1947:
596 1824 26 26 9).

195 1865 173 25 ARGENTINA;
381 1871 22 14 se
419 1865 108 21 Traktater
540 1865 70 26 (1949:
623 1865 25 26 2).

195 1907 160 21 ARJEPLOGS
370 1906 112 22 SOCKEN.

223 1942 55 27 Ang.
291 1942 154 27 elektrifiering
456 1942 58 20 inom
528 1942 77 24 denna;
618 1948 22 14 se
653 1942 70 20 Enkla
734 1942 69 26 frågor
815 1942 69 26 (1944:
903 1942 38 26 12).

195 1979 255 25 ARKITEKTTÄVLAN
464 1990 35 14 om
514 1984 96 26 Uppsala
624 1984 133 25 domkyrkas
770 1984 151 26 restaurering;
932 1990 22 13 se
968 1983 121 27 Interpella-

223 2013 66 21 tioner
297 2013 69 27 (1942:
379 2013 41 27 45).

195 2055 100 25 ARKIV;
318 2061 22 14 se
362 2055 201 26 Arkivhandlingar,
589 2055 179 26 Interpellationer
790 2055 70 26 (1950:
873 2055 40 26 60),
936 2054 151 27 Krigsarkivet,

222 2084 139 24 Landsarkiv,
379 2085 219 23 Landsmålsarkiven,
614 2084 81 21 Lands-
713 2084 36 21 och
767 2084 140 24 länsarkiven,
929 2084 70 21 Lärda
1015 2085 72 20 verken

224 2115 81 26 (1942),
323 2114 140 24 Riksarkivet,
480 2114 69 27 Stifts-
564 2114 36 21 och
615 2114 155 21 landsarkiven.

1108 191 25 20 Är
1156 195 53 20 Blop:
1224 171 111 38 ARNE
1355 207 21 1 2
1390 166 80 46 Ulskott
1514 182 58 40 Skriv.
1634 166 95 30 Protokoll

1236 225 33 15 FK
1284 211 2 45 |
1299 225 35 15 AK
1356 225 37 16 ISml
1401 207 35 52 Ava
1465 225 26 16 Nr
1611 225 33 15 FK
1711 225 35 16 AK

1107 302 27 20 46|
1176 314 22 2 —I
1248 314 26 2 —I|
1313 302 25 19 731
1374 302 12 20 91
1421 302 13 19 21
1486 301 12 20 4l
1537 313 27 3 —I
1603 302 56 20 9:59
1663 297 18 35 1
1707 302 19 20 9:
1737 303 39 19 65d

1117 368 9 12 »
1134 357 22 34 |
1165 362 38 19 1:5]
1248 373 26 2 —I|
1312 373 27 2 —]I
1374 361 60 20 61—]
1486 361 12 20 5
1551 361 108 21 5115:18
1662 357 23 35 |
1695 362 30 20 15:
1737 364 25 17 48

1162 395 21 20 pt
1193 393 10 18 9
1460 398 15 12 s.
1487 393 10 17 71
1525 398 15 11 s.
1552 393 10 17 4

1163 423 55 17 -—10

1108 456 27 21 471
1165 457 38 20 1:71]
1248 468 27 3 —I
1313 468 26 2 —I
1374 457 60 19 61—
1486 456 12 21 5
1552 456 93 20 5116:9
1694 457 32 20 16:
1739 459 23 18 14

1162 490 22 20 pt
1194 488 10 18 8
1460 494 15 11 s.
1487 489 51 16 21s.
1547 488 25 18 39]

1162 519 42 17 —9

1108 552 27 20 48]
1166 552 37 20 1:7]
1248 565 27 2 —I
1312 563 28 3 —I
1375 552 60 20 6/—]
1486 552 13 20 5
1552 552 12 20 51
1592 552 66 20 13:17
1663 548 23 35 |
1699 553 62 20 13:64

1156 586 21 20 pt
1189 585 22 17 12
1460 584 37 17 s:0

1156 614 55 17 —13

1108 654 27 20 491]
1164 654 40 20 1:71
1248 666 27 3 —I
1313 665 27 2 —]
1374 654 60 19 61—
1486 654 12 19 5
1551 653 71 20 5110:
1633 656 25 17 99
1661 649 22 34 |
1694 654 31 20 10:
1740 656 36 17 145

1156 688 22 20 pt
1189 686 22 17 12
1460 685 37 17 57

1118 720 9 12 »
1165 714 38 20 1:21]
1247 725 28 3 —I
1312 725 28 2 —I
1374 713 60 20 61l—1)
1486 713 12 20 5
1551 713 70 20 5110:
1633 715 24 18 99
1661 709 22 34 |
1694 713 31 21 10:
1739 715 37 18 145

1157 747 20 20 pt
1189 746 22 17 13
1460 750 15 12 s.
1487 745 10 17 8

1118 779 9 14 »
1135 768 23 35 |
1177 773 26 20 441
1248 786 27 2 —I
1326 785 13 2 —I
1374 773 60 20 61—]
1472 773 26 20 521
1524 772 39 21 120]
1590 772 67 21 12:97
1660 768 23 35 |
1693 773 32 20 13:
1739 775 37 18 107

1108 1023 26 19 50]
1177 1035 27 3 —1I
1248 1023 91 20 —J3821
1375 1023 12 20 91
1422 1023 13 20 2)
1475 1022 24 21 15l
1537 1034 27 2 —I|
1603 1022 55 20 8:42
1664 1018 23 36 |
1706 1022 55 21 8:60

1118 1117 8 13 »
1176 1124 27 2 —
1234 1112 40 19 1283
1278 1107 18 34 |
1299 1111 40 20 2681
1374 1111 12 20 91
1422 1112 12 19 21
1473 1111 23 20 211
1537 1122 27 3 —I|
1592 1111 66 19 10:23
1662 1107 23 34 |
1695 1111 31 20 10:
1737 1113 24 17 34

1118 1177 9 13 »
1141 1166 14 34 [1
1165 1171 38 20 1:7
1218 1166 13 34 1
1234 1171 40 20 2821
1299 1170 39 20 2671]
1374 1171 61 19 61|—
1487 1170 12 20 5
1551 1170 12 20 51
1592 1170 66 20 11:62
1663 1166 23 34 |
1695 1170 31 20 11:
1737 1172 25 17 94

1156 1205 21 19 pt
1188 1203 22 17 11
1460 1207 15 12 s.
1488 1202 9 17 7

1117 1295 9 13 »
1138 1285 18 34 [
1164 1290 17 20 1:
1189 1285 9 34 7
1212 1292 1 17 1
1234 1289 41 20 2821
1299 1289 40 20 2671
1375 1289 60 19 61—
1487 1289 13 20 5
1552 1289 12 20 51
1592 1288 66 20 11:62
1660 1284 27 34 |
1695 1289 31 19 11:
1738 1290 24 18 94

1155 1323 21 20 pt
1188 1322 23 17 12
1461 1320 38 17 8.9

1108 1455 26 20 501
1165 1456 38 20 167
1213 1451 27 35 |
1248 1468 27 2 —!I
1313 1467 28 3 —I]
1376 1455 60 20 61—]|
1460 1455 41 20 2121
1525 1455 40 20 396
1565 1451 14 35 1
1590 1455 33 20 31:
1635 1457 24 17 37
1664 1451 22 35 |
1693 1455 33 20 31:
1737 1457 25 17 64

1112 1485 21 20 H
