1821 2354
171 66 30 21 80

1234 152 91 30 Motioner
1373 152 89 30 Utskott
1507 153 57 36 Sjatv!
1626 157 94 17 Protokoll

1100 176 26 20 År
1124 172 16 32 |
1148 180 54 20 Prop.

1229 210 33 16 FK
1264 206 23 30 |
1292 210 35 16 AK
1349 210 85 16 |SmllAvdl
1458 210 26 16 Nr
1525 197 22 11 -
1603 211 34 16 FK
1703 211 35 16 AK

189 246 126 26 Avlönings-
331 246 36 20 och
383 245 233 27 omkostnadsanslagen
632 252 28 14 m.
677 252 27 14 m.

190 281 26 20 de
224 281 124 26 befattning
356 282 5 19 i
369 283 84 19 statens
461 281 76 26 tjänst,
546 282 94 25 uppförd
649 282 27 26 på
684 281 162 27 vederbörligen
854 282 109 20 fastställd
972 281 108 27 personal-

189 311 143 26 förteckning,
347 311 113 20 förordnas
474 313 35 18 att
522 312 108 19 innehava
645 311 107 20 ordinarie
766 311 124 26 befattning
903 312 7 19 i
924 312 156 26 statsdeparte-

189 343 90 22 mentet,
296 341 80 20 tillsatt
392 341 92 20 medelst
500 341 146 20 förordnande
662 341 44 20 tills
722 341 81 24 vidare,
820 341 51 20 eller
887 341 68 20 under
970 341 61 20 tiden
1047 342 34 19 för

189 371 72 26 dylikt
281 371 146 20 förordnande
449 371 112 20 befordras
582 371 32 20 till
636 377 73 14 annan
731 371 254 26 pensionsberättigande
1006 371 74 26 statlig

189 401 76 26 tjänst,
279 401 46 20 föra
339 401 41 20 den
393 401 255 26 pensionsberättigande
661 401 96 25 tjänsten
771 403 52 18 över
835 402 45 19 stat
893 401 39 20 och
945 401 135 25 återbesätta

189 431 41 19 den
238 431 28 26 på
275 432 46 19 stat
327 431 113 26 befintliga
445 431 105 25 tjänsten;
558 431 40 19 och
606 431 110 26 medgiver
724 431 49 23 RD,
782 432 34 19 att
824 431 161 26 dyrtidstillägg
992 431 24 20 åt
1023 431 57 19 vissa

189 460 217 26 befattningshavare
420 460 7 20 i
440 462 84 18 statens
537 460 71 26 tjänst
619 467 28 13 m.
658 461 22 19 fl.
695 460 69 20 under
777 461 130 26 budgetåret
922 460 89 27 1946/47
1024 461 37 19 må
1075 460 5 20 i

189 490 146 26 huvudsaklig
352 490 215 20 överensstämmelse
584 491 49 19 med
651 490 6 20 i
674 490 241 26 statsrådsprotokollet
932 492 52 18 över
1000 490 81 20 finans-

188 520 95 20 ärenden
297 520 34 20 för
345 520 41 20 den
400 520 13 20 4
427 520 45 26 jan.
489 520 52 20 1946
556 520 115 20 förordade
685 520 94 26 grunder
793 521 52 25 utgå
860 520 67 26 enligt
941 520 26 20 de
982 522 98 18 närmare

188 550 141 23 föreskrifter,
342 556 46 13 som
400 550 111 20 meddelas
523 556 28 14 av
564 550 70 23 KM:t;
647 550 40 20 och
700 550 95 20 besluter
807 550 49 23 RD,
869 551 35 19 att
917 550 118 26 utgifterna
1048 550 33 19 för

189 579 162 27 dyrtidstillägg
367 580 60 20 skola
444 579 138 20 beträffande
599 580 217 25 befattningshavare
832 580 40 19 och
889 580 139 25 pensionärer
1043 579 37 20 vid

189 610 26 19 de
229 609 174 20 affärsdrivande
419 610 80 19 verken
514 609 51 20 eller
579 610 37 19 vid
631 615 28 14 av
675 610 61 19 dessa
752 611 119 24 övertagna
886 610 84 25 företag
985 609 50 20 eller
1049 609 31 20 in-

189 639 122 26 rättningar
322 639 53 26 utgå
386 645 28 14 av
427 639 26 20 de
464 639 77 23 medel,
553 645 28 14 av
594 639 58 20 vilka
664 640 87 19 verkets
763 639 90 26 utgifter
864 639 6 20 i
882 639 71 26 övrigt
965 639 114 23 bestridas,

188 671 58 18 samt
256 671 35 18 att
302 669 6 20 i
320 669 102 20 skrivelse
433 669 33 20 till
477 669 64 20 KM:t
552 669 49 26 giva
615 669 104 20 tillkänna
732 669 43 20 vad
787 669 110 20 utskottet
908 669 6 20 i
925 669 72 26 övrigt
1008 669 6 20 i
1025 669 55 20 före-

188 699 96 20 varande
297 699 114 20 utlåtande
424 699 79 20 anfört.

217 740 41 20 RD
273 740 60 26 giver
347 740 107 20 tillkänna
468 741 6 19 i
489 740 102 20 skrivelse
606 740 32 20 till
653 741 63 19 KM:t
730 741 44 19 vad
788 740 110 20 utskottet
912 740 73 20 anfört
999 740 6 20 i
1019 740 60 26 fråga
1081 735 10 35 |
1100 739 28 20 471]
1158 739 17 20 1:
1242 739 26 20 331
1307 739 26 20 571
1368 739 60 19 61—]
1468 740 25 19 121
1531 739 27 20 561
1596 739 56 20 9:4d
1656 735 22 34 |
1697 739 19 21 9:
1728 740 39 20 13d

189 776 34 14 om
232 770 105 26 reglering
344 776 28 14 av
380 770 308 26 anställningsförhållandena
698 770 33 20 för
739 770 42 20 viss
790 770 106 20 biträdes-
904 770 39 20 och
951 776 129 14 amanuens-
1242 769 26 19 75
1267 765 18 34 |
1295 769 35 19 141

188 800 106 26 personal,
307 800 7 20 i
325 800 60 26 fråga
399 806 34 14 om
446 800 180 26 löneställningen
638 800 34 20 för
683 800 43 20 viss
739 800 151 20 statsanställd
902 800 127 26 sjukvårds-
1041 800 38 19 och
1242 798 26 20 76
1266 794 23 35 |
1294 798 38 20 144

188 830 202 26 ekonomipersonal
400 836 29 14 m.
439 836 28 14 m.
479 832 58 18 samt
546 830 7 19 i
563 830 60 26 fråga
634 836 35 13 om
679 830 89 20 lönerna
778 830 33 20 för
821 830 130 20 statsrådets
961 830 120 19 ledamöter
1230 828 38 20 176
1265 824 23 35 |
1292 828 41 20 296

189 860 39 20 och
243 860 58 20 vissa
315 860 192 23 verkschefslöner;
523 860 40 20 och
578 860 143 26 bemyndigar
736 860 42 19 RD
794 859 64 21 KM:t
872 861 41 22 att,
929 860 39 19 där
982 859 18 26 ej
1017 859 42 20 RD
1075 859 6 20 i

188 889 88 21 särskilt
286 889 37 20 fall
334 890 75 19 därom
420 889 111 20 meddelar
542 889 78 24 beslut,
632 890 102 19 förordna
746 895 34 14 om
792 889 26 20 de
829 889 117 26 ändringar
956 889 6 20 i
973 889 109 26 personal-

188 919 197 26 förteckningarna,
403 925 46 14 som
465 919 123 20 föranledas
605 925 28 14 av
649 919 41 20 den
707 919 110 20 allmänna
834 919 188 26 löneregleringen,
1039 920 41 22 att,

189 949 39 20 där
241 949 23 20 så
279 949 108 20 erfordras
401 949 6 20 i
422 949 107 20 samband
543 949 50 20 med
608 949 104 26 reglering
726 955 28 14 av
769 949 220 26 befordringsgången
1003 949 34 20 för
1051 948 31 20 bi-

188 979 181 26 trädespersonal,
383 979 102 20 förordna
499 985 35 13 om
548 979 142 20 överförande
703 978 33 20 till
750 979 166 26 övergångsstat
928 985 29 14 av
969 978 94 27 tjänster
1076 978 6 20 i

188 1009 130 26 lönegraden
330 1009 19 20 A
358 1009 19 23 2;
390 1009 40 20 och
442 1009 96 20 besluter
549 1009 50 23 RD,
612 1010 34 19 att
657 1010 63 18 extra
732 1009 45 20 ord.
790 1009 135 26 tjänstemän
937 1008 6 20 i
955 1008 127 20 nuvarande

188 1039 25 19 21
234 1039 131 25 lönegraden
385 1038 47 20 icke:
451 1038 75 20 vidare
546 1038 60 20 skola
626 1038 110 20 redovisas
756 1038 7 19 i
783 1038 298 25 personalförteckningarna,

188 1069 103 18 ävensom
302 1067 143 26 bemyndigar
454 1067 63 20 KM:t
526 1069 34 18 att
569 1067 89 26 vidtaga
668 1067 68 20 härav
745 1067 116 26 betingade
870 1067 117 26 ändringar
995 1067 7 20 i
1011 1073 72 20 perso-

189 1097 235 26 nalförteckningarna;
438 1097 40 20 och
491 1097 143 26 bemyndigar
647 1097 41 19 RD
701 1097 64 20 KM:t
777 1098 42 22 att,
832 1097 6 19 i
851 1097 95 25 enlighet
957 1097 51 20 med
1020 1097 44 20 vad
1076 1096 6 20 i

188 1126 242 27 statsrådsprotokollet
448 1127 116 23 förordats,
583 1127 69 19 under
669 1127 131 25 budgetåret
819 1127 89 25 1947/48
926 1126 101 26 medgiva
1045 1126 37 20 det

189 1156 169 20 överskridande
374 1162 28 14 av
418 1161 78 21 genom
513 1156 61 20 RD:s
590 1156 72 20 beslut
677 1156 148 20 maximerade
840 1156 76 26 anslag
931 1156 40 20 och
987 1156 95 25 anslags-

189 1188 79 24 poster,
282 1192 46 13 som
342 1186 98 26 påkallas
453 1186 49 20 med
515 1186 85 26 hänsyn
613 1186 34 19 till
660 1186 41 19 den
714 1186 110 19 allmänna
837 1185 182 26 löneregleringen
1032 1185 51 20 eller

189 1216 132 26 regleringen
339 1221 28 14 av
385 1216 220 25 befordringsgången
623 1215 33 20 för
673 1215 106 20 biträdes-
797 1216 39 19 och
854 1215 227 26 amanuenspersonal;

189 1246 40 19 och
243 1245 96 20 besluter
354 1245 50 23 RD,
419 1247 35 18 att
468 1245 37 20 det
519 1245 64 20 KM:t
597 1246 73 19 senast
684 1245 33 20 för
731 1245 131 26 budgetåret
877 1245 90 26 1946/47
981 1244 101 21 lämnade

189 1275 187 26 bemyndigandet
387 1276 35 19 att
433 1275 101 26 medgiva
547 1275 169 20 överskridande
728 1280 29 14 av
767 1280 78 20 genom
858 1275 61 19 RD:s
931 1274 72 20 beslut
1014 1274 69 20 maxi-

188 1305 87 20 merade
285 1305 161 26 anslagsposter
454 1304 33 20 till
496 1305 96 19 arvoden
603 1305 39 19 och
652 1304 106 20 särskilda
767 1304 153 26 ersättningar,
931 1304 114 20 bestämda
1055 1310 27 14 av

189 1334 70 24 KM:t,
273 1334 51 20 eller
336 1334 33 20 till
381 1334 129 26 avlöningar
521 1334 34 20 till
567 1334 104 20 icke-ord.
685 1334 99 26 personal
797 1333 55 21 skall
864 1334 56 20 efter
932 1334 110 26 utgången
1055 1339 28 14 av

189 1364 130 26 budgetåret
334 1364 89 26 1946/47
437 1365 40 25 äga
489 1363 91 20 fortsatt
592 1363 102 27 giltighet
706 1364 69 19 under
787 1363 131 27 budgetåret
932 1363 97 26 1947/48;
1043 1363 39 20 och

188 1394 112 26 medgiver
314 1394 50 23 RD,
379 1395 35 18 att
429 1393 168 27 dyrtidstillägg,
612 1393 120 26 kristillägg
747 1394 39 19 och
801 1393 144 26 provisoriskt
958 1393 125 25 lönetillägg

188 1424 24 20 åt
221 1424 57 20 vissa
288 1423 218 26 befattningshavare
515 1423 6 20 i
530 1425 84 18 statens
624 1423 69 26 tjänst
703 1429 28 14 m.
742 1423 22 20 fl.
774 1423 69 20 under
852 1423 130 26 budgetåret
993 1422 89 26 1947/48

188 1454 36 19 må
235 1453 7 20 i
253 1453 147 26 huvudsaklig
411 1453 215 20 överensstämmelse
637 1453 50 20 med
698 1453 6 19 i
715 1452 242 27 statsrådsprotokollet
967 1452 115 20 förordade

188 1483 95 26 grunder
294 1483 52 25 utgå
358 1483 68 26 enligt
434 1483 29 19 de
475 1484 99 19 närmare
586 1482 140 23 föreskrifter,
739 1488 46 14 som
797 1482 111 20 meddelas
919 1488 29 14 av
959 1482 70 23 KM:t;
1042 1482 39 19 och

189 1513 96 20 besluter
296 1512 49 24 RD,
357 1514 35 18 att
403 1512 119 26 utgifterna
533 1512 34 20 för
578 1512 167 26 dyrtidstillägg,
757 1512 120 26 kristillägg
888 1512 40 20 och
940 1512 143 26 provisoriskt

188 1542 126 26 lönetillägg
330 1542 68 23 skola,
416 1542 39 20 där
471 1542 18 26 ej
508 1542 87 20 särskilt
612 1542 75 25 anslag
703 1542 33 19 för
752 1542 127 20 ändamålet
895 1543 24 18 är
935 1541 94 24 anvisat,
1047 1541 35 20 be-

189 1572 79 20 stridas
281 1572 48 19 från
342 1572 26 19 de
381 1572 75 25 anslag
468 1572 51 19 eller
530 1572 69 19 andra
612 1571 76 24 medel,
702 1577 28 14 av
742 1571 59 20 vilka
815 1571 118 27 utgifterna
946 1571 6 20 i
965 1571 72 26 övrigt
1049 1571 33 19 för

189 1601 174 20 vederbörandes
375 1601 103 26 avlöning
490 1601 51 20 eller
553 1601 89 26 pension
655 1601 113 20 bestridas.

217 1643 42 20 RD
269 1643 144 26 bemyndigar
421 1643 64 19 KM:t
492 1644 35 18 att
535 1642 6 20 i
550 1642 44 24 fall,
604 1642 39 20 där
651 1642 131 20 innehavare
791 1648 28 14 av
828 1642 253 26 pensionsberättigande
1087 1636 14 37 |
1102 1640 27 20 48]
1159 1641 39 19 1:21]
1243 1652 27 2 —!|
1308 1652 27 2 —I
1370 1640 60 19 61—]
1470 1640 24 20 131
1532 1640 27 20 321
1598 1640 41 19 6:9
1699 1640 54 20 6:13

189 1673 125 25 befattning
326 1673 6 19 i
344 1674 84 18 statens
440 1672 76 26 tjänst,
530 1672 94 26 uppförd
637 1672 27 26 på
676 1672 163 26 vederbörligen
851 1672 110 20 fastställd
974 1671 108 26 personal-

188 1702 144 26 förteckning,
346 1702 113 20 förordnas
471 1704 34 18 att
517 1702 108 20 innehava
637 1701 92 20 medelst
740 1701 146 20 förordnande
898 1701 44 20 tills
953 1701 75 20 vidare
1040 1701 42 20 till-

189 1733 46 19 satt
249 1732 242 26 byråchefsbefattning
506 1731 39 20 hos
560 1731 275 26 justitieombudsmannen
843 1731 51 20 eller
901 1731 38 20 hos
960 1731 123 20 militieom-

189 1762 152 20 budsmannen
352 1761 50 20 eller
413 1761 69 20 under
491 1761 61 20 tiden
563 1761 33 20 för
606 1761 71 26 dylikt
688 1761 145 20 förordnande
844 1761 112 20 befordras
966 1760 33 20 till
1009 1766 73 15 annan

189 1791 255 27 pensionsberättigande
452 1791 75 26 statlig
534 1791 77 26 tjänst,
620 1791 46 20 föra
674 1791 42 20 den
723 1790 254 27 pensionsberättigande
985 1790 97 26 tjänsten

189 1823 52 18 över
254 1823 46 18 stat
314 1821 39 20 och
368 1821 135 20 återbesätta
517 1821 41 19 den
572 1821 28 26 på
613 1822 46 18 stat
673 1820 112 27 befintliga
799 1820 105 26 tjänsten;
919 1820 40 20 och
972 1820 111 26 medgiver

189 1851 50 23 RD,
254 1852 35 19 att
303 1850 162 27 dyrtidstillägg
478 1851 25 19 åt
516 1850 57 20 vissa
588 1850 217 26 befattningshavare
819 1850 6 20 i
839 1852 84 18 statens
936 1850 71 26 tjänst
1020 1856 28 13 m.
1059 1849 22 20 fl.

189 1881 69 19 under
275 1880 131 26 budgetåret
426 1880 90 26 1948/49
533 1880 36 20 må
587 1880 6 19 i
612 1880 146 26 huvudsaklig
775 1879 216 21 överensstämmelse
1008 1879 50 20 med
1076 1879 6 19 i

189 1910 241 26 statsrådsprotokollet
447 1912 52 18 över
514 1910 168 20 finansärenden
699 1910 33 19 för
748 1910 42 19 den
806 1910 12 19 3
834 1909 45 26 jan.
898 1909 53 20 1948
968 1909 114 20 förordade

188 1940 95 26 grunder
294 1940 53 26 utgå
358 1940 68 26 enligt
437 1940 26 20 de
475 1941 99 18 närmare
586 1939 140 24 föreskrifter,
739 1945 46 14 som
797 1939 110 20 meddelas
919 1945 28 14 av
959 1939 70 23 KM:t;
1042 1939 39 19 och

189 1970 95 20 besluter
295 1970 50 22 RD,
357 1971 35 18 att
403 1969 118 26 utgifterna
533 1969 34 20 för
577 1969 162 26 dyrtidstillägg
749 1969 67 23 skola,
829 1969 39 20 där
878 1969 18 25 ej
909 1968 88 20 särskilt
1007 1968 75 26 anslag

189 2000 33 19 för
234 1999 126 20 ändamålet
372 2001 25 18 är
408 1999 94 23 anvisat,
516 1999 107 20 bestridas
635 1999 48 20 från
696 1999 26 20 de
734 1998 75 26 anslag
821 1998 50 20 eller
883 1998 68 20 andra
963 1998 77 23 medel,
1053 2004 28 14 av

189 2029 59 20 vilka
260 2029 119 26 utgifterna
391 2029 7 19 i
409 2029 71 26 övrigt
492 2029 33 19 för
536 2028 173 20 vederbörandes
721 2028 103 26 avlöning
835 2028 113 20 bestridas.

218 2065 18 19 1.
253 2065 42 19 RD
309 2064 101 23 besluter,
425 2066 34 18 att
473 2064 37 20 det
523 2064 64 20 KM:t
600 2066 73 18 senast
686 2064 33 19 för
732 2064 131 25 budgetåret
877 2063 90 26 1948/49
980 2063 148 20 lämnadel49|
1158 2063 39 19 1:21
1242 2074 27 2 —I|
1307 2073 27 2 —I|
1369 2062 61 19 61/—]
1470 2062 24 19 131
1534 2062 25 19 161
1597 2062 55 20 5:59
1658 2057 23 36 |
1698 2061 19 20 5:
1729 2063 24 18 79

189 2094 186 26 bemyndigandet
387 2096 34 18 att
433 2094 100 26 medgiva
546 2093 169 21 överskridande
726 2099 29 14 av
766 2098 78 21 genom
856 2093 62 20 RD:s
930 2093 71 20 beslut
1013 2093 68 19 maxi-

1187 741 10 17 Do
