1815 2349
1605 72 40 21 125

1109 158 91 30 Motioner
1247 158 90 30 Utskott
1381 174 37 16 Skri
1499 162 95 17 Protokoll

974 182 27 20 År
998 178 12 32 |
1023 186 54 20 Prop.
1403 179 35 35 SÅ

1104 216 33 16 FK
1139 212 23 29 |
1167 216 35 16 AK
1224 216 84 16 |SmllAvd]
1332 216 26 16 Nr
1477 216 33 16 FK
1575 217 36 15 AR

64 278 339 24 BEFORDRINGSÄRENDEN.

93 318 42 20 RD
154 318 88 20 anvisar
261 318 31 20 till
311 317 121 26 ersättning
450 318 23 19 åt
492 318 135 26 sakkunniga
646 318 6 19 i
671 317 229 27 befordringsärenden
919 316 84 21 vidl47|
1026 317 54 20 1:10]
1115 328 28 3 —I
1180 329 28 2 —I|
1242 317 61 19 61—1!
1355 317 13 20 81
1420 317 106 20 -8113:20
1560 318 31 20 |13:
1602 320 24 17 64

64 347 156 20 universiteten
233 354 28 13 m.
272 354 28 13 m.
313 348 27 20 28
349 348 41 19 000
402 348 31 19 kr.
447 348 33 25 (f).
1020 350 20 19 pt
1048 348 36 18 126
1323 354 14 11 s.
1345 349 89 17 381s.23

93 378 26 19 Se
132 378 40 19 ock
189 377 104 20 Tekniska
306 377 111 26 högskolan
431 377 7 20 i
452 377 115 20 Stockholm
580 377 70 26 (1945:
663 377 25 26 4),
705 377 105 20 Tekniska
822 377 134 26 högskolorna

64 407 71 26 (1946:
148 409 16 21 2,
182 407 59 20 1947:
254 409 16 21 6,
287 407 59 20 1948:
359 409 17 21 3,
393 407 59 20 1950:
465 407 26 25 5),
510 407 149 20 Universiteten
675 407 70 26 (1946:
757 409 17 21 9,
792 407 58 20 1948:
863 409 16 21 8,
897 407 58 19 1949:

67 439 30 21 12,
119 439 30 21 14,
169 437 59 20 1950:
242 437 39 25 11),
302 436 236 21 Universitetsändamål
554 437 70 26 (1945:
636 436 27 26 8).

64 480 225 29 BEFÄSTNINGAR;
301 491 21 13 se
333 484 78 20 Armén
424 484 69 27 (1942:
519 487 16 21 4,
551 485 38 25 15),
603 484 184 26 Fortifikatoriska
799 484 157 26 anläggningar.

65 532 151 20 BEGAGNAT
230 532 82 24 GODS;
327 538 21 14 se
363 532 157 23 Skrothandeln,
538 532 137 26 Uppskjutna
689 532 88 20 ärenden
792 532 70 26 (1949:
874 533 26 24 5).

66 579 188 25 BEGRAVNING;
271 586 21 13 se
307 579 153 26 Jordfästning.

65 627 255 20 BEGRAVNINGSAKT
334 627 9 19 I
359 627 108 20 KYRKA.

93 663 55 25 Ang.
159 662 57 20 vissa
227 664 94 24 prästers
331 662 78 20 förbud
420 664 47 18 mot
476 662 113 20 införande
599 669 28 13 av
637 663 56 19 vissa
704 662 132 26 föreningars
846 662 111 26 samlings-

64 692 78 20 tecken
158 698 21 13 se
198 692 179 26 Interpellationer
389 692 70 27 (1944:
472 692 40 26 43).

65 729 297 29 BEGRAVNINGSHJÄLP;
378 740 22 13 se
416 733 250 26 Avlöningsreglementen
683 734 79 26 (1949),
780 733 176 26 Avlöningsregle-

92 764 88 22 menten,
197 763 57 20 allm.
270 763 80 27 (1946),
367 763 153 26 Kroppsskada
536 763 69 27 (1948:
618 764 26 25 3).

65 804 316 25 BEGRAVNINGSKASSOR;
395 811 21 13 se
432 805 179 26 Interpellationer
624 805 69 26 (1941:
706 805 40 25 40).

64 846 374 20 BEGRAVNINGSKOSTNADER.

93 881 42 20 RD
149 881 97 20 anhåller
258 888 35 13 om
307 888 26 13 en
346 881 84 27 allsidig
443 882 121 26 utredning,
579 882 107 20 huruvida
699 882 40 20 och
752 882 27 26 på
792 882 43 20 vad
848 883 45 19 sätt
905 880 99 21 man|44]
1045 892 27 2 —
1074 876 24 37 |
1116 881 140 19 —|422112]
1291 881 12 20 2/1
1343 881 89 20 1014381
1457 881 33 20 23:
1502 881 37 20 43d|
1560 882 31 20 15:
1602 884 24 17 82

64 911 44 20 kan
123 911 154 20 åstadkomma
292 913 33 18 ett
340 911 150 26 förbilligande
504 917 28 14 av
547 911 298 26 begravningskostnaderna.
1231 911 24 19 131
1293 911 7 19 1
1356 911 12 19 9

66 948 195 25 BEGRÄNSNING
284 953 36 19 AV
344 948 251 30 DYRTIDSTILLÄGG;
618 959 22 14 se
647 940 175 44 Dyrtidstillägg
823 940 90 44 .(1943:
927 955 29 21 18,

96 982 58 20 1944:
167 984 17 22 8,
203 982 58 21 1945:
274 983 26 25 2).

66 1019 195 25 BEGRÄNSNING
272 1024 36 20 AV
318 1024 100 25 SKATT;
429 1030 21 14 se
461 1024 132 20 Skatteväsen
604 1024 70 27 (1943:
687 1026 30 22 31,
730 1024 59 20 1944:
802 1026 30 22 25,
845 1024 59 20 1945:
917 1024 39 26 30).

66 1061 195 25 BEGRÄNSNING
278 1066 35 20 AV
328 1066 250 25 VINSTUTDELNING;
594 1072 21 14 se
630 1066 122 26 Aktiebolag
767 1066 161 26 (1944—1946).

67 1102 192 30 BEHÖRIGHET;
273 1114 21 13 se
305 1107 71 21 Enkla
388 1107 69 26 frågor
469 1108 70 24 (1943:
552 1108 40 25 22),
604 1098 157 40 Grundlagarna
771 1108 70 26 (1948:
854 1108 25 25 2),
894 1108 64 19 Kom-

94 1137 223 26 munalförfattningar
331 1137 70 27 (1948:
414 1138 26 24 3),
457 1137 95 23 Kvinna,
568 1138 96 20 Rösträtt.

66 1173 301 30 BEHÖRIGHETSLAGEN;
379 1185 22 13 se
412 1179 70 20 Enkla
492 1178 70 27 frågor
573 1179 69 26 (1943:
655 1179 40 26 22).

67 1216 300 24 BEKLÄDNADSBIDRAG
358 1212 50 40 till
415 1220 57 21 vissa
484 1221 180 19 underofficerare
679 1227 22 13 se
716 1221 101 19 Marinen
834 1220 70 27 (1945:
918 1221 38 25 13).

66 1257 94 24 BEKLÄ
165 1253 277 37 DNADSINDUSTRIEN;
451 1268 21 14 se
483 1262 76 20 Teaxtil-
575 1262 36 20 och
619 1262 250 20 beklädnadsindustrien.

66 1298 353 30 BEKLÄDNADSVERKSTAD,
435 1304 133 19 CENTRAL.

95 1339 42 19 RD
147 1339 87 19 anvisar
243 1339 32 19 till
285 1339 135 26 uppförande
429 1345 28 14 av
466 1339 82 20 central
557 1339 239 20 beklädnadsverkstad
807 1339 8 20 1
828 1339 39 20 150
875 1339 41 20 000
925 1339 31 20 kr.
958 1333 15 37 |
977 1337 68 20 4711:
1057 1339 24 17 251
1117 1337 27 20 361
1182 1338 26 19 581
1244 1338 60 19 61—]
1330 1337 38 21 1671
1393 1338 40 20 337
1432 1333 15 37 |
1458 1338 33 20 26:
1502 1338 38 20 71d|
1558 1339 33 20 26:
1603 1339 38 20 65d

66 1368 24 26 (i)
106 1370 58 18 samt
178 1368 33 20 till
226 1368 140 26 anskaffning
380 1375 28 13 av
423 1369 108 20 maskiner
546 1369 40 20 och
601 1375 72 14 annan
689 1369 125 25 utrustning
828 1369 33 19 för
876 1369 81 19 central
1026 1371 20 19 pt
1056 1369 22 17 31
1182 1367 26 21 59

67 1398 239 20 beklädnadsverkstad
320 1398 39 20 160
367 1398 41 20 000
420 1398 31 20 kr.
465 1398 31 26 (i);
509 1398 40 20 och
562 1398 110 26 medgiver
684 1398 50 23 RD,
747 1400 34 18 att
793 1398 121 26 ersättning
925 1398 32 20 till
1168 1397 40 20 205

67 1427 105 26 personal,
187 1434 46 13 som
247 1428 40 19 blir
300 1428 106 26 övertalig
419 1428 37 19 vid
469 1428 161 26 centralisering
643 1434 28 14 av
684 1428 117 20 försvarets
815 1428 143 20 beklädnads-

66 1457 100 23 industri,
183 1458 34 19 må
235 1458 51 25 utgå
302 1457 67 26 enligt
384 1458 26 19 de
425 1458 100 25 grunder,
542 1463 46 14 som
603 1463 28 14 av
646 1458 156 25 föredragande
818 1458 119 19 statsrådet
952 1458 5 19 i

66 1487 241 26 statsrådsprotokollet
324 1488 52 19 över
391 1487 190 20 försvarsärenden
597 1487 33 20 för
647 1488 40 19 den
704 1488 12 19 3
732 1487 44 26 jan.
795 1487 52 20 1947
864 1487 94 26 angivits

66 1518 58 18 samt
141 1518 35 18 att
193 1517 41 19 den
251 1523 29 13 av
297 1517 85 19 arméns
400 1517 95 20 centrala
514 1517 238 20 beklädnadsverkstad
769 1523 29 14 nu
816 1517 141 26 disponerade

65 1546 132 26 fastigheten
208 1546 6 20 i
226 1546 126 20 Stockholm
363 1547 35 19 må
409 1546 106 26 försäljas,
527 1547 73 20 därest
610 1547 41 19 den
662 1547 18 25 ej
692 1547 98 19 kommer
800 1548 34 18 att
844 1547 113 20 användas

65 1575 33 20 för
108 1577 69 19 annat
186 1576 86 26 statligt
281 1576 109 23 ändamål,
401 1578 58 18 samt
469 1578 34 18 att
513 1576 76 20 därvid
599 1576 94 20 influtna
703 1576 208 26 försäljningsmedel
921 1577 34 19 må

65 1617 28 3 —
104 1605 6 19 i
123 1605 40 20 den
176 1606 51 19 mån
240 1606 84 19 medlen
337 1606 46 19 icke
395 1606 107 20 erfordras
514 1606 33 20 för
559 1606 103 26 täckning
674 1612 27 14 av
714 1606 41 20 den
768 1606 105 20 bokförda
886 1608 70 18 netto-

65 1635 237 26 kapitalbehållningen
313 1636 11 19 å
335 1636 163 20 fabriksfonden
509 1636 6 19 i
525 1636 43 19 vad
578 1636 67 26 angår
654 1636 130 26 fastigheten
794 1648 28 2 —
831 1636 125 26 disponeras

65 1664 33 20 för
110 1665 127 26 avsättning
250 1665 31 20 till
294 1665 118 20 försvarets
424 1665 147 20 fabriksfonds
583 1665 277 26 värdeminskningskonto.

65 1702 184 24 BEKÄMPNING
262 1707 34 19 AV
310 1707 179 20 SKADEDJUR.

94 1742 42 19 RD
152 1742 102 23 anhåller,
270 1744 34 18 att
319 1742 75 26 frågan
410 1748 35 14 om
460 1742 199 20 kvalitetskontroll
673 1748 28 14 av
716 1743 109 19 saluförda
840 1742 69 20 medel
924 1743 33 19 förl
987 1748 8 13 »
1005 1738 23 34 |
1046 1753 26 2 —
1076 1738 17 34 |
1119 1742 25 19 12/1
1182 1742 26 19 231
1243 1742 13 19 91
1291 1742 13 20 21
1343 1742 25 20 121
1406 1742 84 20 86113:
1501 1742 38 20 50d]
1560 1743 30 19 13:
1602 1745 24 17 75

66 1771 148 26 bekämpning
227 1778 28 13 av
268 1772 124 25 skadedjur,
407 1772 105 26 parasiter
525 1772 40 20 och
578 1774 62 24 ogräs
653 1774 58 18 samt
724 1778 35 14 om
773 1772 131 26 upplysning
917 1772 39 20 och

66 1800 112 27 forskning
193 1803 41 18 rör.
250 1801 74 26 dylika
339 1801 70 20 medel
424 1803 61 24 göres
500 1802 32 19 till
547 1802 90 20 föremål
652 1802 34 19 för
700 1802 119 26 skyndsam
835 1802 121 25 utredning.

94 1830 26 20 Se
136 1831 40 19 ock
192 1830 120 26 Oljeväxter.

66 1868 599 24 BELGISK-NEDERLÄNDSK-LUXEMBURGISKA
682 1873 184 19 EKONOMISKA
882 1873 75 19 UNIO-

94 1901 65 25 NEN;
175 1907 22 14 se
217 1902 107 20 Traktater
338 1902 71 26 (1947:
420 1904 17 21 2,
456 1902 59 20 1948:
526 1903 26 26 7).

67 1940 284 23 BELLEVUEOMRÅDET
366 1943 9 20 I
392 1943 166 20 STOCKHOLM
573 1944 30 20 M.
618 1944 30 19 M.

94 1978 43 20 RD
152 1978 128 26 godkänner
294 1979 61 20 avtal
370 1979 79 20 mellan
465 1979 284 26 djurgårdskommissionen
765 1979 40 20 och
821 1979 137 20 Stockholms
951 1974 14 35 |
978 1979 24 19 41

66 2008 60 20 stads
136 2008 283 26 förhandlingsdelegerade;
431 2009 40 19 och
482 2009 94 20 besluter
586 2009 50 23 RD,
647 2010 34 19 att
691 2009 37 20 det
738 2009 151 20 markområde
899 2009 58 20 inom

66 2037 124 20 stadsdelen
205 2033 65 25 Årsta
286 2038 6 20 i
307 2038 133 24 Stockholm,
457 2044 46 14 som
518 2038 67 26 enligt
599 2039 84 19 avtalet
698 2039 54 19 skall
767 2038 84 21 tillfalla
867 2039 89 23 kronan,

66 2067 55 20 skall
136 2072 78 21 genom
231 2067 296 27 djurgårdskommissionens
542 2068 82 26 försorg
640 2068 136 26 exploateras
791 2068 6 20 i
813 2068 145 26 huvudsaklig

66 2097 216 20 överensstämmelse
295 2097 50 20 med
358 2098 43 20 vad
415 2097 6 20 i
434 2098 240 26 statsrådsprotokollet
686 2098 84 20 anförts
782 2100 58 18 samt
852 2100 35 18 att
899 2098 59 20 kost-

1117 1990 27 2 |

1182 1990 26 2 |

1277 1990 27 3 I

1330 1979 38 19 136
1366 1975 18 34 |
1392 1979 38 20 271
1432 1975 48 34 133:
1485 1975 65 34 121d]
1557 1979 35 21 33:
1601 1980 38 19 25d
