1821 2347
1613 70 42 20 425

1510 159 93 17 Protokoll

1161 160 3 3 i
1279 160 4 7 1

1121 160 89 16 Motioner
1268 160 7 16 I
1291 160 24 16 ER
1391 172 57 16 Skriv.]

986 180 25 19 AT
1034 184 54 20 PO
1337 196 44 2 —P
1410 200 21 12 är
1512 175 36 32 RE
1556 175 34 32 RAG

1115 214 32 15 FK
1151 210 22 28 |
1178 214 34 16 AK
1234 214 85 16 ISmllAvd]
1343 214 26 16 Nr
1488 214 32 16 FK
1587 214 34 16 AK

71 247 85 20 Gruvor.

98 282 19 20 5.
136 283 41 19 RD
191 282 60 27 giver
263 282 6 20 i
282 283 102 20 skrivelse
399 283 30 20 till
444 283 62 20 KM:t
520 283 105 20 tillkänna
639 283 42 20 vad
694 284 169 20 statsutskottet
874 284 92 20 anfört
985 285 28 19 i]50|
1055 297 26 1 —
1083 278 24 37 |
1126 285 25 20 541
1191 285 26 20 531)
1253 285 60 20 6|—]
1340 285 37 20 1781
1402 285 41 20 320]
1467 285 33 20 21:
1512 287 9 17 7
1537 278 28 37 |
1568 285 69 20 21:86

70 312 42 20 anl.
129 319 28 13 av
174 312 107 20 motioner
297 319 33 13 om
347 312 44 20 viss
406 313 92 26 ändring
509 319 28 13 av
549 313 191 20 bestämmelserna
753 313 33 20 för
797 313 128 26 disposition
938 320 28 14 av

71 342 81 20 fonden
176 342 33 20 för
230 342 57 20 vissa
310 342 153 26 stödåtgärder
485 342 58 20 inom
566 343 226 20 malmkommunerna
815 343 151 26 (3-miljoners-

70 372 98 25 fonden).

99 402 25 19 Se
146 402 39 19 ock
206 401 122 26 Aktiebolag
351 401 70 25 (1944:
435 402 26 25 4),
486 401 154 27 Arbetarskydd
664 402 63 26 (1948
737 402 37 26 H),
799 403 167 26 Avskrivningar

70 431 64 25 (1943
150 431 36 26 H),
213 430 159 27 Avsöndringar
389 431 70 25 (1944:
478 432 39 25 13),
537 432 189 26 Decentralisering
743 432 79 25 (1948),
846 432 120 26 Geologiska

71 460 163 26 undersökning,
253 461 99 25 Sveriges,
370 461 179 26 Interpellationer
562 461 64 26 (1943
636 462 28 19 H:
683 464 29 20 10,
725 462 58 20 1947:
796 464 31 21 64,
839 462 59 20 1949:
912 462 53 26 151),

70 490 108 20 Jordbruk
194 491 70 25 (1948:
281 491 26 25 3),
327 491 179 26 Nationalparker
524 491 70 25 (1945:
612 491 25 26 2),
658 492 99 20 Semester
775 492 70 25 (1944,
867 492 58 20 1948:
938 492 26 26 8),

72 520 90 24 Stenkol,
178 520 172 26 Vattenfallsverk
363 520 70 26 (1945:
448 520 39 27 12).

71 568 197 19 GRUVSKOGAR.

100 603 41 19 RD
154 603 144 26 bemyndigar
310 603 63 20 KM:t
383 604 35 19 att
429 603 49 20 med
490 603 163 20 vederbörande
665 603 257 26 nyttjanderättshavare
933 604 32 20 till
968 599 11 39 |
986 605 27 20 431
1043 605 39 20 139
1088 599 20 39 |
1113 605 37 20 221
1153 599 21 39 |
1178 606 88 20 322110
1276 599 56 39 |—]
1352 605 91 21 511306
1446 599 8 39 |]
1467 607 33 19 23:
1512 606 39 20 30d/
1568 606 33 19 23:
1613 606 39 19 24d]

71 632 5 20 i
89 638 61 21 prop.
164 633 151 23 omförmälda,
329 633 23 19 åt
363 633 131 26 järngruvor
505 633 104 26 anslagna
622 633 193 26 skogsfastigheter
826 634 67 20 träffa
905 634 60 20 avtal
1177 636 41 19 323
1276 636 2 10 |

70 667 49 21 ang.
138 662 185 20 utmålsområden
341 663 26 25 på
384 662 157 26 fastigheterna
558 662 5 20 i
580 663 143 26 Nisshyttans
739 663 169 26 överloppsskog
926 664 18 19 11
960 664 5 19 i

71 692 73 20 Säters
161 692 79 20 socken
259 692 39 20 och
317 692 129 26 Kronoberg
465 692 18 20 1!
501 692 5 20 i
520 692 106 20 Kvistbro
637 693 79 19 socken
728 693 49 20 med
789 693 138 26 tillämpning
938 699 28 14 av

71 722 25 19 de
111 722 89 22 värden,
216 728 45 13 som
276 721 36 20 vid
328 722 40 20 den
383 721 100 26 slutligen
498 723 96 25 antagna
609 722 186 26 uppskattningen
810 723 69 19 åsatts
892 723 74 26 fastig-

72 751 96 23 heterna;
179 752 41 22 att,
231 751 5 20 i
247 751 40 20 den
298 752 50 19 mån
359 751 210 20 överenskommelse
579 752 75 20 därom
664 758 74 14 senare
748 752 42 20 kan
801 752 77 20 träffas
888 752 78 20 mellan

71 781 83 19 kronan
168 781 40 19 och
222 781 163 20 vederbörande
398 781 132 20 innehavare
542 787 28 14 av
584 781 40 20 den
638 781 32 20 till
683 781 117 27 nyttjande
813 782 33 19 för
858 782 109 26 Burängs-

71 810 62 26 bergs
143 816 91 20 gruvors
245 810 71 20 behov
327 810 104 26 anslagna
439 810 132 27 fastigheten
580 811 162 26 Burängsbergs
749 811 190 27 gruvallmänning
949 812 17 19 1!

71 840 5 20 i
87 840 126 26 Grangärde
223 840 86 22 socken,
320 840 66 20 träffa
397 840 60 20 avtal
467 842 41 18 rör.
519 841 91 19 berörda
621 840 175 26 nyttjanderätts
805 841 120 20 avstående
935 841 31 20 till

70 870 84 19 kronan
167 875 78 21 genom
259 869 204 26 nyttjanderättens
473 870 77 26 utbyte
560 871 47 19 mot
615 876 72 14 annan
697 870 83 20 kronan
790 870 94 27 tillhörig
892 871 75 26 fastig-

71 899 37 20 het
121 900 58 19 samt
191 900 41 23 att,
246 899 33 20 för
291 899 41 20 den
346 899 102 20 händelse
461 899 83 20 kronan
557 899 37 20 vid
608 900 101 20 blivande
722 900 117 26 utredning
850 900 69 20 skulle
931 901 36 19 be-

71 929 72 20 finnas
154 930 40 24 äga
206 929 71 26 någon
289 930 45 19 rätt
346 929 31 19 till
390 929 43 20 viss
445 929 33 20 del
490 935 28 14 av
530 929 37 20 det
578 929 6 20 i
596 929 131 26 fastigheten
739 930 135 20 Nordmarks
885 930 82 20 Gruve-

71 958 134 26 allmänning
220 958 18 20 1!
251 959 6 19 i
271 958 135 20 Nordmarks
419 959 79 20 socken
512 958 105 27 ingående
630 965 16 13 s.
657 959 20 20 k.
692 959 85 20 blecket
789 959 51 20 eller
852 960 114 20 odalfältet

71 988 36 20 vid
118 988 135 20 Nordmarks
262 993 86 21 gruvor,
359 988 49 20 med
418 990 136 24 gruvägarna
566 988 65 20 träffa
641 989 127 26 uppgörelse
778 990 40 19 rör.
829 989 138 26 avveckling-

71 1024 26 13 en
107 1024 28 13 av
146 1018 70 20 denna
227 1019 51 22 rätt;
290 1018 39 19 och
341 1018 124 20 hemställer
475 1018 49 23 RD,
535 1019 35 19 att
580 1018 63 20 KM:t
652 1018 70 20 måtte
732 1018 44 20 låta
787 1019 96 26 företaga
895 1019 72 20 utred-

72 1047 51 26 ning
136 1049 41 18 rör.
192 1047 166 26 möjligheterna
372 1049 35 18 att
421 1047 5 20 i
440 1048 95 19 kronans
549 1048 59 20 hand
622 1048 94 20 återföra
730 1049 163 19 vederbörande
907 1050 60 25 nytt-

70 1077 218 26 janderättshavares
302 1078 46 19 rätt
362 1077 31 20 till
409 1077 166 26 ifrågavarande
589 1077 85 27 skogar.

99 1107 26 20 Se
136 1107 40 20 ock
191 1107 179 26 Interpellationer
381 1107 70 25 (1946:
464 1109 31 21 44,
509 1107 59 20 1948:
581 1107 40 26 71).

71 1149 102 30 GRUBB,
187 1155 24 19 0.
225 1154 31 24 F.,
269 1154 149 20 verkmästare
432 1154 38 20 hos
484 1154 227 27 byggnadsstyrelsen;
726 1161 21 14 se
759 1155 115 20 Pensioner
886 1155 79 26 (1949).

71 1197 161 29 GRÖUNBERG,
245 1202 25 20 A.

100 1237 42 20 RD
159 1237 118 26 medgiver,
295 1238 34 19 att
346 1238 70 19 såsom
435 1237 76 26 bidrag
529 1237 31 20 till
577 1238 195 20 marindirektören
789 1245 28 13 av
836 1239 7 19 1
862 1239 81 26 graden
960 1239 54 20 il47|
1057 1251 26 2 —]
1127 1251 27 2 —J
1181 1240 38 20 112]
1254 1241 61 19 6|—]1
1339 1239 40 20 2181
1403 1241 41 19 4121
1468 1241 55 19 30:5
1555 1243 2 10 |
1569 1240 69 20 30:28

71 1273 99 14 reserven
185 1267 25 20 A.
226 1267 113 25 Grinberg
353 1267 33 20 för
400 1267 72 20 havda
486 1267 119 20 kostnader
619 1267 33 20 för
664 1268 112 20 anlitande
790 1274 28 14 av
832 1269 135 26 rättegångs-

71 1296 86 21 biträde
169 1296 6 20 i
188 1297 43 20 mål
243 1302 49 20 ang.
306 1303 80 14 ansvar
398 1297 33 20 för
443 1297 148 20 försummelse
604 1297 5 20 i
623 1297 97 26 tjänsten
732 1298 35 19 må
781 1298 47 20 från
841 1298 37 20 det
890 1298 11 20 å
914 1298 53 20 riks-

71 1327 73 19 staten
158 1326 107 26 uppförda
279 1326 191 26 förslagsanslaget
482 1326 32 20 till
527 1327 140 20 oförutsedda
681 1327 90 26 utgifter
784 1327 90 26 beviljas
887 1329 33 18 ett
932 1328 35 19 be-

71 1356 51 26 lopp
135 1362 28 13 av
176 1356 12 20 3
197 1356 41 20 000
251 1356 31 20 kr.

72 1399 186 24 GRYTBÄCKEN
270 1403 36 20 NR
320 1403 20 24 1;
351 1409 22 14 se
384 1403 159 26 Avsöndringar
554 1403 69 26 (1946:
637 1404 26 25 6).

72 1446 130 29 GRÄDDE;
214 1457 21 13 se
248 1450 106 21 Jordbruk
365 1450 70 26 (1944:
449 1453 31 21 20,
494 1451 59 20 1947:
568 1451 38 25 16).

72 1493 412 30 GRÄNGESBERG—OXELÖSUND,
500 1498 334 25 TRAFIKAKTIEBOLAGET;
850 1506 22 13 se
889 1500 78 20 Gruvor

100 1528 70 25 (1945:
184 1530 16 21 4,
219 1528 59 20 1948:
293 1530 15 21 1,
327 1528 59 20 1950:
399 1528 26 25 4).

72 1571 202 29 GRÄSTORKAR;
287 1582 21 14 se
321 1575 106 21 Jordbruk
439 1576 70 25 (1941:
524 1578 29 21 16,
569 1576 58 21 1945:
642 1579 29 20 14,
686 1576 59 21 1946:
760 1579 28 21 19,
804 1577 58 20 1947:
877 1580 15 20 1,
907 1577 59 20 1948:

103 1608 30 21 10,
152 1606 59 20 1949:
226 1606 38 25 11).

72 1643 151 28 GRÄVLING;
238 1654 21 13 se
275 1647 138 20 Köttkontroll
427 1647 79 26 (1942).

72 1684 139 29 GRÄVSTA;
223 1695 22 13 se
257 1688 159 27 Avsöndringar
427 1689 70 26 (1944:
510 1689 27 26 3).

72 1726 158 29 GRÖNBERG,
242 1731 26 20 A.
280 1731 31 24 F.,
324 1731 14 19 f.
349 1731 20 20 d.
382 1730 99 23 rådman;
494 1737 22 13 se
529 1731 124 26 Ersättning
664 1730 63 26 (1946
738 1731 36 26 H).

73 1768 121 28 GRÖNBO;
207 1778 22 14 se
242 1771 159 27 Avsöndringar
413 1772 70 26 (1941:
497 1772 39 26 29).

73 1809 162 28 GRÖNLAND;
249 1820 22 13 se
288 1813 210 21 Väderleksstationer
512 1813 79 26 (1950).

73 1851 178 28 GRÖNSAKER,
269 1855 257 20 NORMALPRISERNA
543 1852 46 24 PÅ;
606 1861 21 13 se
648 1855 180 26 Interpellationer
844 1856 70 25 (1945:
927 1856 40 26 38).

73 1892 190 29 GUDSTJÄNST;
275 1903 22 13 se
310 1896 184 26 Barngudstjänst,
507 1896 240 27 Högmässogudstjänst.

73 1938 350 24 GULDSMEDSBRANSCHEN;
436 1944 21 13 se
473 1938 180 26 Interpellationer
665 1938 70 25 (1948:
750 1939 52 25 162).

73 1980 156 23 GULLBERG,
241 1980 35 23 B.;
287 1986 21 13 se
322 1979 123 26 Ersättning
455 1979 64 26 (1948
529 1980 37 25 H).

73 2021 209 24 GULLBERGSON,
303 2021 78 24 Märta,
401 2021 85 20 biträde
507 2021 11 20 å
540 2021 251 24 häradsskrivarkontor;
812 2028 22 13 se
853 2022 115 20 Pensioner
1556 2023 2 37 |

101 2051 80 26 (1947).

73 2088 124 29 GUMÉUS,
208 2092 63 25 Aina,
282 2093 14 19 f.
308 2093 20 20 d.
340 2092 244 27 reservpostexpeditör;
596 2099 21 14 se
627 2092 115 21 Pensioner
753 2093 79 26 (1947).
