1841 2357
170 154 43 21 674
905 160 136 16 SAKREGISTER

187 438 162 28 Helsingfors;
365 446 22 14 se
404 439 175 27 Beskickningar
594 440 37 21 och
642 439 100 22 konsulat
752 439 72 26 (1922:
837 445 17 19 1,
866 445 35 19 23;
916 440 61 20 1923:
991 444 34 20 19;

234 470 96 24 1924:1;
357 470 96 24 1925:2;
480 470 115 27 1927:11),
619 469 168 28 Religionsvård
806 470 72 26 (1926:
893 475 20 19 3;
932 469 63 21 1927:
997 465 28 36 2;

234 500 63 20 1928:
308 505 22 19 2;
349 499 97 25 1929:1;
465 499 62 21 1930:
539 500 26 26 4),
582 499 72 22 Social
669 499 130 28 utställning
816 499 80 27 (1928).

187 558 58 21 Hem
257 557 39 23 för
307 558 116 22 kroniskt
432 558 82 28 sjuka;
525 567 22 14 se
558 559 76 22 Hälso-
647 559 36 22 och
694 559 105 28 sjukvård
809 559 73 27 (1921:
894 565 20 19 3;
931 559 62 21 1925:
1005 564 21 19 3;

234 589 63 21 1926:
312 595 20 19 1;
352 589 95 25 1927:9;
466 590 62 21 1928:
541 596 18 19 2,
578 596 20 19 8;
618 590 93 25 1929::2,
730 595 21 20 3;
769 589 93 26 1930:1,
881 590 25 26 2).

187 647 193 29 Hembränhing;
396 657 22 14 se
435 649 138 28 Rusdrycker
588 650 72 27 (1921:
672 651 25 25 8).

187 708 261 28 Hembygdsförening,
465 709 140 22 Norrbottens
621 709 59 24 läns;
694 717 21 14 se
726 709 85 28 Lapskt
816 708 82 29 folkliv
909 708 36 22 och
957 708 70 28 lapskt

231 740 73 27 språk.

187 797 285 29 Hembygdsföreningen
489 798 82 29 Linné;
588 807 21 14 se
625 799 178 28 Hembygdsvård
818 799 73 27 (1927:
902 799 26 26 2).

187 862 210 29 Hembygdsvård.

190 901 7 15 1
217 896 105 20 Motioner
337 902 35 14 om
389 895 74 27 anslag
478 895 34 21 till
528 895 161 21 Västerbottens
705 895 46 20 läns
768 895 216 27 hembygdsförening
994 895 33 19 för

232 926 146 26 arkeologiska
400 926 40 20 och
464 926 141 26 etnografiska
623 925 135 26 forskningar
773 927 56 19 samt
845 925 182 26 undersökningar

231 958 39 18 rör.
288 955 177 21 västerbottniskt
480 955 107 21 landsmål
604 955 75 21 avslås.

190 1020 9 15 2
217 1015 82 21 Motion
322 1022 35 14 om
380 1015 74 26 anslag
475 1015 33 20 till
528 1015 264 27 »Hembygdsföreningen
808 1015 80 20 Linné»
906 1015 7 20 i
930 1015 97 20 Stenbro-

232 1045 48 20 hult
296 1045 32 20 för
344 1045 74 26 tillsyn
434 1045 40 20 och
490 1045 52 21 vård
558 1052 26 14 av
600 1045 99 26 byggnad
715 1045 39 20 och
771 1044 66 21 andra
853 1044 173 21 minnesmärken

231 1075 13 20 å
260 1075 78 20 Linnés
354 1074 139 27 födelseplats
508 1074 91 21 Råshult
613 1076 56 19 samt
679 1075 32 20 för
722 1074 205 26 iordningställande
938 1080 26 15 av
975 1080 51 20 upp-

232 1105 120 26 fartsvägen
368 1105 48 20 från
432 1104 130 27 landsvägen
578 1104 34 21 till
628 1104 91 21 Råshult
735 1104 74 21 avslås.

189 1168 9 16 3
217 1164 82 20 Motion
321 1170 36 14 om
381 1164 74 26 anslag
478 1164 33 20 till
527 1164 143 27 Heimbygda,
688 1164 227 27 hembygdsvårdande
931 1163 97 26 förening

232 1194 33 20 för
280 1194 112 20 Jämtland
408 1194 40 20 och
464 1194 138 27 Härjedalen,
617 1194 33 20 för
665 1194 122 27 främjande
802 1200 26 15 av
844 1193 183 21 kultur-historisk

232 1224 112 26 forskning
359 1225 39 19 rör.
415 1224 112 21 Jämtland
543 1224 39 21 och
599 1224 138 26 Härjedalen,
754 1224 75 21 avslås.

244 1258 23 18 Se
280 1259 35 17 ock
328 1258 73 23 Lapskt
409 1258 71 23 folkliv
492 1258 31 18 och
537 1258 60 23 lapskt
610 1258 61 23 språk.

187 1311 126 27 Hemdjur;
329 1320 22 14 se
366 1312 227 29 Stängselskyldighet.

188 1370 113 29 Hemfrid,
319 1373 194 26 bostadsförening;
530 1379 22 15 se
569 1372 168 28 Stämpelavgift
753 1372 71 27 (1927:
836 1373 25 26 3).

187 1429 227 29 Hemförskaffning
429 1440 26 14 av
472 1434 94 26 sjömän;
584 1439 22 14 se
622 1431 84 28 Sjöfolk
722 1432 73 27 (1927:
806 1432 26 26 2).

187 1490 110 28 Hemliga
312 1491 114 28 utgifter;
442 1499 22 15 se
486 1492 252 28 Utrikesdepartementet
753 1492 72 27 (1922:
837 1492 25 26 8).

187 1550 107 28 Hemligt
309 1551 105 22 utskott.

218 1582 40 21 Val
274 1589 26 14 av
316 1582 106 22 särskilda
437 1582 130 27 deputerade
583 1582 87 27 jämlikt
686 1582 35 20 RF
738 1582 13 26 $
768 1582 28 20 54
811 1582 40 20 och
867 1582 36 20 RO
920 1581 13 26 $
949 1580 34 21 50.

217 1642 31 20 De
264 1642 73 21 valdes
353 1642 108 26 avsägelse
472 1649 26 15 av
513 1642 120 27 uppdraget
648 1643 28 25 på
691 1642 69 26 grund
776 1648 26 14 av
818 1641 80 21 ändrad
910 1641 81 27 lydelse
1002 1647 26 14 av

232 1679 55 13 ovan
303 1672 95 21 nämnda
413 1672 35 26 88.

187 1729 124 22 Hemman.

217 1762 53 25 Ang.
290 1761 128 27 indragning
433 1761 34 21 till
483 1762 128 21 statsverket
626 1761 51 21 eller
693 1761 141 26 övertagande
850 1761 33 20 till
898 1760 131 26 förvaltning

232 1798 26 14 av
282 1791 127 21 statsverket
431 1798 26 14 av
481 1792 26 20 de
531 1798 26 14 av
580 1792 81 20 kronan
685 1791 34 20 till
738 1791 26 20 de
780 1791 109 20 allmänna
904 1790 124 21 läroverken

232 1821 74 26 gjorda
327 1821 132 26 förläningar
475 1828 26 15 av
517 1822 102 20 hemman
635 1821 39 20 och
691 1821 66 20 andra
773 1821 133 24 donationer;
924 1827 22 13 se
961 1819 66 21 Läro-

232 1850 56 25 verk,
305 1851 110 20 allmänna
431 1850 72 28 (1930:
516 1851 39 27 17).

187 1908 260 28 Hemmansklyvning;
467 1917 22 15 se
504 1910 146 28 Jordfrågan,
666 1909 225 28 Jordförhållandena
907 1909 9 21 i
930 1908 98 28 Koppar-

233 1940 60 27 bergs
321 1939 44 26 län,
394 1940 205 22 Lantmäteriväsen
629 1940 119 27 (1922:11;
778 1940 110 23 1923:15;
917 1939 110 24 1924:14;

234 1970 62 20 1925:
310 1975 35 20 12;
364 1970 63 21 1926:
440 1976 34 19 10;
493 1970 64 21 1927:
569 1975 20 20 8;
603 1970 63 20 1928:
677 1970 25 26 9),
714 1969 167 28 Agostyckning.

187 2027 139 28 Hemmesjö
342 2027 139 29 ödekyrka;
498 2037 22 14 se
542 2029 130 26 Vitterhets-,
689 2028 97 22 historie-
802 2028 36 22 och
851 2027 177 23 antikvitetsaka-

232 2058 84 22 demien
332 2058 73 29 (1921:
417 2060 39 26 11).

1117 224 40 34 om
1317 220 31 49 ER
1498 230 53 17 Riks-

1063 254 17 26 3
1116 257 41 32 2
1216 278 3 4 <
1350 245 76 41 tkotte-
1475 252 86 34 dagens
1618 260 116 17 Kamrarnas

1063 285 16 25 &
1116 290 41 28 [ajg
1158 274 18 48 |
1174 278 94 17 Cotoner]
1319 278 114 34 utlåtanden
1440 274 54 48 —I-
1503 290 46 18 ek
1554 274 30 48 |
1602 290 145 22 torbandlingar

1062 315 18 27 e
1116 312 36 32 Ze
1296 308 46 17 eller
1355 308 98 18 memorial
1495 320 62 18 velser

1058 346 16 24 s
1116 342 39 24 138

1063 375 17 11 &
1116 367 36 16 Jeg
1289 368 16 23 Rel
1444 376 17 18 2
1462 367 26 33 |
1497 386 11 8 »
1522 367 17 33 |
1545 376 17 18 21
1591 374 68 17 Första
1664 367 22 33 |
1692 373 66 18 Andra

1063 390 11 9 =
1116 385 36 40 28
1192 386 18 17 SS
1261 386 41 45 RE
1330 392 18 30 å
1388 382 9 44 Zz
1422 411 2 17 I
1444 396 17 25 :
1498 386 16 27 é
1545 396 17 25 &
1560 391 18 34 |
1588 398 70 17 kamm.
1657 391 27 34 |
1690 399 69 16 kamm.

1423 440 2 23 I

1423 465 1 16 |

1422 539 2 10 I

1042 893 55 22 1927
1186 895 27 19 531
1239 894 27 20 89)
1293 894 11 20 6]
1336 894 9 20 1]
1398 894 68 21 8li84
1585 889 33 35 16:
1629 889 51 35 37d|
1687 894 32 20 17:
1730 894 41 20 69d

1384 924 26 19 521
1457 930 10 15 6
1586 923 67 21 18:14]
1687 924 52 20 19:4

1585 953 33 20 22:
1630 959 9 15 6
1685 954 54 20 23:85

1065 1021 8 11 >
1186 1014 26 20 97
1294 1014 51 20 HET
1399 1013 12 20 8
1430 1019 38 15 135
1587 1009 31 34 16:
1630 1009 53 34 38d]
1695 1013 66 21 17:71

1066 1170 8 11 >
1187 1156 35 27 98/
1294 1163 12 20 6)
1338 1162 8 20 1]
1400 1162 68 21 8135
1586 1152 32 42 16:
1629 1152 53 42 38d]
1695 1162 65 21 17:71

1385 1192 27 20 521
1459 1198 9 15 6
1586 1192 67 20 18:14
1656 1188 26 34 |
1694 1192 52 20 19:4

1585 1222 33 20 22:
1629 1227 9 15 6
1693 1222 33 20 23:
1738 1228 9 14 5

1043 1579 53 22 1921
1500 1578 26 21 12
1607 1579 155 20 2:12

1673 1625 2 10 I

1066 1648 8 10 >
1500 1639 26 20 35
1607 1638 155 21 5:611-—-8:.36

1674 1906 1 15 |
