1853 2354
815 155 136 16 SAKREGISTER

100 437 91 21 Gruvor.

100 473 8 15 1

98 598 9 15 vw

127 468 37 20 RD
181 467 114 26 medgiver,
319 468 32 18 att
373 466 62 20 KM:t
457 465 57 21 intill
538 465 41 20 den
605 464 10 21 1
632 465 41 26 juli
691 464 57 21 1925
765 465 36 20 må
813 466 40 24 äga
868 466 31 18 att
914 465 22 20 åt

142 497 91 21 svenska
252 498 50 19 män
321 496 89 27 upplåta
425 497 43 19 rätt
483 495 33 21 till
533 494 141 21 bearbetande
690 501 26 14 av
732 494 47 21 icke
795 494 140 26 inmutnings-

143 528 49 20 bara
209 526 226 27 mineralfyndigheter
450 526 13 20 å
478 525 122 27 kronojord.

126 593 37 20 RD
180 594 87 24 antager
281 591 79 26 förslag
376 591 45 20 dels
437 590 34 20 till
487 590 35 26 lag
537 597 35 13 om
586 589 82 21 ändrad
680 589 81 27 lydelse
770 596 26 13 av
808 588 12 21 9
833 589 13 25 8
857 589 7 20 i
875 589 61 26 lagen

140 622 42 20 den
199 622 26 20 31
243 622 43 26 maj
305 621 56 20 1918
377 621 33 25 (nr
426 619 51 28 288)
493 619 147 21 innefattande
656 619 104 21 särskilda
777 619 159 21 bestämmelser

141 659 47 19 ang.
200 653 68 19 rätten
279 651 33 20 till
320 651 124 25 inmutning
455 651 59 19 inom
525 650 56 20 vissa
592 649 41 25 län,
644 649 46 20 dels
701 649 39 20 ock
751 648 34 21 till
796 648 34 26 lag
840 655 35 14 om
887 649 48 20 fort-

141 684 42 18 satt
199 682 137 25 tillämpning
352 688 26 13 av
389 680 62 26 lagen
467 680 41 20 den
521 680 24 20 31
560 680 44 26 maj
618 679 56 21 1918
686 678 33 28 (nr
728 678 51 26 288)
789 678 147 21 innefattande

141 711 104 21 särskilda
261 710 162 22 bestämmelser
438 717 47 19 ang.
499 711 70 19 rätten
579 709 34 21 till
624 709 124 25 inmutning
758 709 59 20 inom
826 709 57 20 vissa
893 708 42 21 län.

125 778 38 20 RD
179 777 115 26 medgiver,
318 778 31 19 att
373 776 61 20 KM:t
456 775 57 21 intill
537 775 41 20 den
599 774 11 21 1
627 775 44 26 jan.
690 773 56 21 1926
763 774 36 20 må
814 775 39 25 äga
868 776 31 18 att
915 775 22 20 åt

140 807 91 21 svenska
246 806 138 26 medborgare
401 805 68 21 under
484 812 26 14 en
526 805 32 20 tid
574 805 33 20 för
622 805 59 26 varje
697 804 54 26 gång
765 811 26 13 av
801 804 63 26 högst
874 804 61 26 tjugu

139 838 23 20 år
185 837 90 26 upplåta
298 835 147 27 begagnandet
467 842 25 14 av
508 835 83 20 kronan
607 834 129 21 tillhörande
751 833 186 28 jordägarandelar

140 868 7 19 i
162 873 83 20 gruvor.

125 934 40 19 För
187 931 159 22 verkställande
370 938 26 13 av
416 930 177 26 undersöknings-
609 929 40 21 och
665 929 180 21 försvarsarbeten
861 929 12 20 å
893 936 42 13 om-

138 962 73 25 råden,
227 960 47 22 som
289 968 77 20 genom
383 961 96 25 Sveriges
494 959 121 27 geologiska
626 959 169 26 undersöknings
809 959 81 26 försorg
900 961 36 18 äro

141 992 52 21 eller
216 992 74 20 kunna
311 991 66 20 varda
399 991 33 20 för
455 990 92 21 kronans
563 989 91 26 räkning
669 988 118 25 inmutade,
804 989 84 20 anvisas
904 989 32 20 för

140 1021 126 27 budgetåret
282 1019 126 29 1924/1925
424 1021 32 19 ett
471 1022 60 18 extra
546 1018 214 27 reservationsanslag
776 1025 26 14 av
814 1018 26 21 55
850 1018 42 21 000
904 1019 30 20 kr.

140 1054 56 18 samt
220 1052 32 20 för
275 1050 175 26 tillvaratagande
474 1050 7 20 i
499 1049 68 26 övrigt
583 1056 26 13 av
624 1049 93 20 kronans
733 1048 156 26 gruvegendom
906 1048 40 24 ett
932 1044 10 36 |

140 1084 61 18 extra
216 1080 215 26 reservationsanslag
446 1087 26 13 av
490 1079 26 21 15
526 1079 43 20 000
585 1079 31 20 kr.
944 1077 2 17 I

125 1154 38 20 RD
179 1154 87 25 antager
280 1152 80 26 förslag
376 1152 33 21 till
425 1152 34 26 lag
474 1158 36 14 om
525 1151 86 20 fortsatt
626 1150 139 26 tillämpning
780 1157 26 14 av
822 1150 62 26 lagen
895 1150 40 20 den

140 1184 27 20 31
185 1183 43 27 maj
255 1182 56 21 1918
335 1181 148 22 innefattande
506 1180 106 22 särskilda
626 1180 162 21 bestämmelser
803 1186 47 20 ang.
867 1181 69 20 rätten

141 1213 33 21 till
190 1213 125 26 inmutning
331 1212 58 21 inom
407 1212 56 20 vissa
478 1211 42 20 län.

125 1280 38 20 RD
186 1279 116 26 medgiver,
322 1280 31 18 att
376 1277 58 21 KM:t
457 1276 57 21 intill
538 1276 42 21 den
604 1275 10 21 1
631 1275 41 27 juli
690 1275 56 21 1926
763 1276 36 20 må
815 1277 39 24 äga
869 1277 32 19 att
915 1276 22 20 åt

141 1309 91 21 svenska
252 1310 51 19 män
322 1308 90 26 upplåta
427 1309 42 18 rätt
485 1306 33 21 till
534 1305 141 22 bearbetande
692 1312 26 14 av
733 1305 47 21 icke
795 1306 140 25 inmutnings-

142 1340 50 20 bara
208 1338 228 26 mineralfyndigheter
451 1338 13 19 å
480 1336 121 27 kronojord.

126 1405 41 20 För
190 1403 157 22 verkställande
371 1410 25 13 av
420 1402 177 25 undersöknings-
613 1401 40 20 och
672 1400 179 21 försvarsarbeten
867 1401 12 20 å
894 1407 42 14 om-

141 1434 72 25 råden,
230 1440 46 14 som
292 1440 76 19 genom
386 1433 95 25 Sveriges
497 1431 121 27 geologiska
628 1430 170 26 undersöknings
811 1430 80 26 försorg
901 1432 36 19 äro

141 1464 52 21 eller
216 1464 74 20 kunna
312 1462 66 22 varda
401 1463 33 19 för
457 1462 92 20 kronans
565 1461 90 25 räkning
671 1460 116 25 inmutade,
804 1460 85 20 anvisas
904 1461 33 19 för

141 1494 126 26 budgetåret
292 1491 125 29 1925/1926
441 1493 31 19 ett
493 1493 60 19 extra
575 1490 214 26 reservationsanslag
812 1497 26 14 av
857 1490 27 20 50
894 1490 42 21 000

141 1524 32 20 kr.

127 1590 37 20 RD
181 1589 114 26 medgiver,
319 1590 31 19 att
373 1587 61 21 KM:t
456 1586 56 21 intill
536 1586 42 21 den
598 1585 11 21 1
628 1586 45 27 jan.
691 1585 55 20 1927
763 1586 36 19 må
814 1587 39 25 äga
869 1587 31 19 att
915 1586 22 20 åt

143 1619 91 21 svenska
250 1618 137 26 medborgare
402 1617 69 21 under
486 1623 27 14 en
528 1616 32 21 tid
576 1616 32 21 för
624 1616 59 26 varje
699 1616 55 25 gång
769 1622 26 14 av
805 1615 62 26 högst
875 1616 62 25 tjugu

142 1650 23 20 år
180 1649 91 26 upplåta
289 1647 147 27 begagnandet
451 1654 26 14 av
493 1647 81 20 kronan
590 1645 129 22 tillhörande
734 1645 202 27 jordägarandelar
917 1641 19 38 i

143 1686 84 19 gruvor.

127 1745 38 20 RD
181 1744 115 26 medgiver,
321 1745 31 19 att
375 1743 61 20 KM:t
459 1742 57 21 intill
538 1742 41 20 den
605 1741 10 20 1
631 1741 42 27 juli
691 1740 54 21 1927
763 1741 36 20 må
814 1742 39 25 äga
868 1742 31 19 att
914 1741 22 20 åt

143 1774 93 22 svenska
250 1775 52 19 män
321 1773 89 27 upplåta
426 1774 42 19 rätt
483 1772 34 20 till
533 1771 141 21 bearbetande
690 1778 26 14 av
732 1771 47 20 icke
795 1771 140 26 inmutnings-

143 1805 52 20 bara
210 1803 227 27 mineralfyndigheter
453 1803 12 19 å
480 1801 122 27 kronojord.

128 1870 41 20 För
192 1868 157 23 verkställande
373 1875 25 13 av
421 1867 176 26 undersöknings-
614 1866 40 21 och
669 1866 180 21 försvarsarbeten
865 1866 12 20 å
892 1872 53 15 om-
934 1862 14 36 |

143 1899 72 26 råden,
232 1905 46 14 som
293 1905 76 20 genom
386 1898 96 25 Sveriges
498 1897 121 26 geologiska
629 1896 169 26 undersöknings
808 1896 82 24 försorg
890 1887 43 42 äro
944 1891 1 34 |

143 1929 52 21 eller
218 1930 73 20 kunna
314 1928 65 20 varda
402 1928 33 20 för
454 1927 92 20 kronans
561 1926 91 26 räkning
667 1925 117 25 inmutade,
801 1925 84 21 anvisas
903 1926 33 20 för

144 1959 126 27 budgetåret
282 1957 124 28 1926/1927
424 1959 30 19 ett
462 1959 60 18 extra
537 1956 215 25 reservationsanslag
763 1962 26 14 av
801 1955 41 20 100
851 1955 41 20 000
904 1955 30 20 kr.

128 2025 38 20 RD
182 2026 87 25 antager
284 2024 79 26 förslag
378 2024 34 20 till
428 2023 34 26 lag
478 2029 35 14 om
529 2022 155 26 inskränkning
699 2022 7 20 i
722 2023 69 19 rätten
807 2021 33 21 till
857 2021 78 20 inmut-

144 2055 51 26 ning
210 2055 59 20 inom
285 2054 58 21 vissa
358 2054 42 20 län.

1025 219 40 34 3
1406 223 53 17 Riks-

971 248 18 26 .
1048 251 7 25 MR
1124 272 4 3 =
1233 238 102 41 Utskotts-
1397 249 72 30 dagens
1525 248 118 29 Kamrarnas

972 278 16 26 7
1025 274 40 14 =
1067 267 16 31 |
1082 272 95 17 Motioner
1216 267 124 31 utlåtanden
1411 282 45 18 akt
1511 281 145 23 förhandlingar

972 308 17 12 &
1025 293 41 33 73
1205 302 47 17 eller
1265 301 98 18 memorial

972 325 11 11 p>
1004 313 17 31 |
1025 319 41 19 34
1402 313 63 18 velser

967 340 16 24 SI

972 365 89 28 SR
1240 367 16 18 BEI
1321 363 27 35 IE
1453 367 17 19 2|
1498 367 68 17 Första
1571 360 23 35 |
1600 366 65 17 Andra

1025 378 36 42 23
1087 380 33 17 FE
1138 375 77 49 SE
1239 386 18 30 å
1293 379 17 28 5
1352 388 17 24 ;
1406 379 17 27 5
1453 387 17 25 &|
1496 391 70 17 kamm.
1566 383 26 33 |
1596 390 71 17 kamm.

1183 434 1 27 |

951 463 57 23 19241
1031 464 26 20 18
1183 464 32 29 10
1309 464 11 20 7
1408 464 26 20 52
1500 463 134 21 10:01-1-18;
1645 467 24 17 67

1182 497 2 17 |

1182 521 2 17 |

974 597 9 11 >»
1030 589 27 20 133
1183 539 31 76 -
1245 587 88 29 11-131
1408 577 32 44 59)
1500 576 68 61 20:26
1568 576 9 61 |
1601 587 68 21 20:32

1182 617 2 25 |
1267 622 1 38 |
1332 634 1 6 I
1581 641 1 5 |

1182 654 2 11 I
1266 662 2 11 I
1332 657 1 20 I
1580 648 2 9 I

1182 702 2 10 |
1266 687 2 21 Es
1580 679 1 32 |

1183 714 1 23 |
1331 704 2 36 |
1580 719 1 13 I

1183 745 1 17 I
1224 752 1 3 I

974 781 9 11 >»
998 759 24 46 |
1030 773 26 21 41
1182 763 33 31 10
1294 774 26 20 19!
1394 767 45 26 138)
1460 758 30 47 |
1499 773 69 20 26:52)
1600 772 68 21 26:14

1030 928 27 21 Er
1129 928 191 38 SE
1394 928 131 21 AE
1544 916 37 32 21/|
1600 928 68 20 28:19

953 1148 54 23 1925]
1038 1150 12 20 6
1203 1149 52 20 IEI
1408 1149 26 20 16
1515 1148 51 21 TEN
1615 1148 12 20 O

1331 1203 2 14 I

975 1283 8 11 >
999 1256 20 51 |
1031 1275 27 20 20
1189 1275 26 20 10
1309 1275 24 54 s
1408 1275 27 20 59)
1464 1255 27 51 |
1502 1259 80 36 14:13]
1603 1273 81 25 16:28]

1183 1362 2 35 |
1683 1332 2 34 |

975 1408 8 11 >»
1002 1391 21 39 |
1031 1401 27 20 62
1203 1400 12 21 6)
1247 1400 74 20 11-38
1395 1390 37 39 101
1501 1400 33 19 21:
1545 1405 24 15 65
1572 1388 20 40 |
1602 1392 83 31 24:49
1667 1388 20 40 |

975 1593 8 10 >
1000 1569 20 52 |
1031 1585 27 21 52
1190 1584 25 21 10]
1248 1566 35 53 |
1295 1584 38 31 17]
1364 1566 34 53 |
1409 1584 26 20 76)
1467 1566 21 53 |
1502 1583 65 21 18:21]
1602 1570 83 36 20:21]

952 1738 55 23 1926]
1031 1740 26 21 18
1189 1739 25 21 10
1307 1740 12 19 5
1408 1739 27 21 68
1515 1739 54 20 6:12)
1617 1738 53 20 7:22

1223 1835 2 31 |
1682 1848 2 16 |

974 1873 8 10 »
1018 1865 53 21 [1:10
1202 1864 22 20 6|
1244 1864 7 20 11
1293 1864 26 21 101
1351 1864 119 20 41l10Ai18]
1500 1864 83 20 21:33/|
1601 1863 69 20 21:28

1021 1900 45 23 p-56
1682 1918 1 3 I

974 2028 8 10 >
1023 2020 40 20 [207
1202 2019 12 21 Hl
1245 2018 74 21 kds2K
1395 2018 39 21 164
1492 2019 33 20 27:
1537 2018 40 21 38dl
1593 2019 33 20 27:
1639 2018 45 21 16d|

1682 2047 1 27 |
