1833 2359
160 158 11 19 sa

173 157 18 20 Nod

188 158 13 19 Nn

856 158 223 17 SAKREGISTER

177 449 113 21 Jordbruk.

219 479 94 24 banken;
331 479 40 20 och
386 479 127 26 godkänner
529 479 42 20 RD
588 479 5 20 i
610 480 10 25 $
638 479 25 20 10
678 486 28 14 av
722 480 61 20 avtal
799 480 41 20 den
857 480 26 20 26
899 486 49 21 aug.
966 480 53 21 1938

219 508 80 21 mellan
316 510 84 19 statens
416 509 231 26 potatismjölsnämnd
664 510 40 19 och
722 509 96 27 Sveriges
835 510 184 26 stärkelseprodu-

220 540 84 19 centers
320 538 100 27 förening
437 545 20 13 u.
468 545 49 20 p.a.
536 545 29 14 av
581 539 110 21 nämnden
708 539 63 27 gjord
788 539 120 25 utfästelse;
926 540 40 20 och
984 540 35 20 be-

220 568 67 20 sluter
300 568 42 20 RD
357 570 35 19 att
404 575 28 13 av
446 569 26 20 de
485 569 94 26 avgifter
592 569 33 20 för
637 569 109 20 täckande
759 575 28 14 av
800 570 102 20 förluster
914 570 13 20 å
940 576 79 20 spann-

219 598 195 27 målsregleringen,
427 598 60 21 vilka
499 599 54 20 efter
565 599 82 26 avdrag
659 605 28 14 av
699 599 150 21 restitutioner
860 599 79 27 inflyta
951 600 69 20 under

220 628 131 27 budgetåret
368 628 125 26 1939/1940,
510 629 54 19 skall
579 629 34 19 till
628 629 80 20 fonden
725 629 33 20 för
773 629 105 20 mötande
893 635 29 14 av
937 630 82 20 sådana

219 658 102 20 förluster
334 658 111 20 överföras
458 659 38 19 det
509 658 85 27 belopp,
609 664 46 15 som
669 659 119 26 överstiger
800 660 13 19 2
821 659 41 20 000
871 659 41 20 000
925 660 40 23 kr.;
979 660 40 20 och

219 688 89 20 anvisar
327 688 42 20 RD
389 688 33 20 till
442 688 216 27 beredskapslagring
677 695 28 14 av
725 689 100 20 fodersäd
845 690 33 19 ett
897 689 75 27 anslag
991 696 28 13 av

219 718 41 20 300
268 718 42 20 000
323 718 32 20 kr.
370 718 33 26 (f),
418 718 33 20 till
464 718 128 27 avsättning
605 718 33 20 till
651 719 141 26 jordbrukets
806 719 213 27 prisregleringsfond

219 749 33 19 ett
267 748 75 26 anslag
357 753 28 15 av
400 748 26 20 55
435 748 41 20 000
484 748 41 20 000
540 748 31 20 kr.
588 748 26 26 (f)
629 750 57 18 samt
701 749 33 19 till
749 749 128 26 avsättning
890 749 34 20 till
939 749 80 20 fonden

219 778 34 20 för
267 777 106 21 mötande
388 784 29 14 av
432 777 102 21 förluster
549 778 12 20 å
578 778 258 27 spannmålsregleringen
853 780 33 19 ett
901 779 75 27 anslag
991 785 28 14 av

219 808 13 19 6
241 807 41 20 000
290 807 42 20 000
349 808 32 19 kr.
400 808 33 26 (f);
452 808 41 20 och
510 809 91 25 antager
618 808 42 20 RD
678 808 81 27 förslag
775 809 33 19 till
826 809 126 26 förordning
970 815 48 21 ang.

219 837 126 27 ytterligare
362 838 153 26 utsträckning
530 844 28 14 av
575 838 74 20 KM:ts
665 838 131 27 befogenhet
812 840 34 18 att
862 839 99 20 meddela
977 839 43 20 för-

220 867 112 21 ordnande
344 867 89 27 jämlikt
448 868 8 19 1
472 868 10 25 $
496 867 153 27 förordningen
663 868 41 20 den
719 868 11 20 7
744 868 47 26 juni
806 868 53 21 1935
873 869 35 26 (nr
921 868 49 27 259)
984 875 35 14 om

219 897 57 21 accis
297 897 12 20 å
331 897 108 27 margarin
457 897 40 20 och
514 898 57 20 vissa
589 898 68 20 andra
674 898 114 24 fettvaror;
807 898 40 20 och
864 898 96 21 besluter
976 899 43 20 RD

219 928 42 23 att,
274 927 6 20 i
293 927 41 20 den
347 927 51 20 mån
410 927 147 21 förordnande
569 934 35 14 om
617 928 121 26 uttagande
750 934 28 14 av
790 928 56 20 accis
858 928 67 27 enligt
937 928 83 21 förord-

219 957 79 26 ningen
313 963 36 14 om
363 957 57 20 accis
434 957 12 20 å
460 957 109 27 margarin
584 957 40 21 och
637 957 58 21 vissa
710 958 68 20 andra
792 958 108 20 fettvaror
913 964 28 14 av
956 958 64 21 KM:t

219 987 118 23 meddelas,
349 987 64 20 KM:t
424 987 54 20 skall
489 989 40 24 äga
541 988 35 19 att
586 987 34 20 för
629 987 40 24 tid,
682 988 109 20 varunder
802 988 67 20 sådan
881 988 56 20 accis
948 988 70 27 utgår,

219 1016 110 24 förordna,
344 1018 35 19 att
393 1017 50 20 med
457 1017 215 20 accisförordnandet
686 1018 82 20 avsedd
782 1023 53 15 vara
850 1018 54 20 skall
919 1018 101 27 beläggas

219 1047 50 19 med
285 1046 47 24 tull,
349 1052 46 14 som
411 1048 124 18 motsvarar
550 1047 41 20 den
607 1047 33 20 för
655 1047 127 20 densamma
798 1047 114 20 bestämda
928 1048 90 23 accisen,

219 1076 57 23 eller,
291 1076 73 20 därest
377 1076 40 20 tull
431 1076 12 20 å
456 1082 68 14 varan
538 1076 66 20 redan
618 1077 70 26 utgår,
702 1083 26 14 en
741 1077 50 20 med
805 1077 160 26 accisbeloppet
977 1077 42 20 för-

219 1105 53 27 höjd
282 1105 48 25 tull;
341 1105 55 21 dock
406 1107 35 19 att
450 1105 48 21 från
509 1106 67 20 sådan
586 1106 41 20 tull
637 1106 50 20 eller
696 1106 166 27 tullförhöjning
872 1107 54 20 skall
936 1107 84 20 undan-

219 1137 63 25 tagas
293 1141 60 18 vara,
366 1141 46 14 som
424 1135 80 21 införes
516 1136 139 20 uteslutande
667 1136 33 20 för
711 1136 140 27 tillverkning
863 1137 6 19 i
881 1137 40 20 och
933 1136 33 21 för
977 1137 43 20 för-

219 1165 94 27 säljning
326 1171 28 14 av
367 1171 73 14 annan
453 1165 134 27 accisbelagd
600 1172 60 14 vara.

166 1227 22 18 21
205 1225 43 20 RD
262 1225 118 26 medgiver,
396 1226 34 19 att
444 1225 225 20 försöksverksamhet
683 1226 28 26 på
724 1225 141 27 jordbrukets
879 1226 89 20 område
982 1232 37 14 an-

219 1255 80 19 ordnas
315 1260 78 21 genom
411 1261 26 14 en
454 1254 7 21 i
478 1255 161 20 Kristianstads
656 1255 35 20 län
709 1255 90 27 belägen
816 1255 145 27 försöksgård;
979 1256 40 20 och

218 1284 128 27 godkänner
356 1284 43 20 RD
410 1284 80 27 förslag
500 1286 41 18 rör.
553 1285 146 20 förvärvande
710 1291 28 14 av
749 1285 134 26 egendomen
893 1285 126 20 Mosslunda

219 1344 99 26 förening
330 1350 20 14 u.
361 1350 20 20 p.
392 1350 27 17 a.;
433 1344 39 20 och
486 1344 88 20 anvisar
585 1344 43 20 RD
641 1344 33 20 till
687 1344 66 27 inköp
766 1351 28 14 av
807 1345 133 26 egendomen
952 1344 68 21 Moss-

219 1374 67 20 lunda
300 1374 6 20 i
320 1373 162 21 Kristianstads
496 1374 35 20 län
546 1376 33 18 ett
592 1374 75 27 anslag
681 1380 28 14 av
724 1374 39 20 136
772 1374 41 20 000
826 1375 32 20 kr.
874 1374 27 27 (r)
915 1376 58 19 samt
986 1374 34 21 till

219 1403 243 27 lantbrukshögskolan:
475 1403 133 21 inventarier
618 1410 29 14 m.
657 1410 29 14 m.
699 1404 33 20 för
743 1404 138 27 försöksgård
893 1404 7 21 i
911 1404 109 21 Kristian-

219 1434 61 20 stads
294 1433 36 21 län
345 1434 33 19 ett
393 1434 75 25 anslag
482 1439 29 15 av
526 1433 39 21 133
574 1433 41 20 600
629 1434 32 20 kr.
677 1434 35 26 (r).

166 1495 24 17 22
204 1492 42 21 Till
257 1492 77 27 bidrag
345 1492 34 20 till
390 1493 297 26 gödselvårdsanläggningar
699 1495 107 25 upptages
817 1494 12 19 å
842 1494 178 26 beredskapsstat

219 1523 33 20 ett
266 1522 183 27 förskottsanslag
463 1528 29 15 av
506 1522 41 21 500
555 1522 41 21 000
611 1523 31 20 kr.

165 1584 24 17 23
204 1582 42 20 Till
261 1582 77 26 bidrag
352 1581 34 20 till
401 1582 276 27 ladugårdsförbättringar
692 1584 106 25 upptages
814 1583 12 20 å
841 1583 179 26 beredskapsstat

219 1613 34 19 ett
267 1611 184 27 förskottsanslag
466 1617 28 15 av
510 1611 12 21 5
531 1611 41 21 000
581 1612 40 20 000
637 1612 32 20 kr.

165 1685 25 18 24
205 1683 43 20 RD
261 1683 73 20 avslår
346 1683 108 20 motioner
466 1689 36 14 om
515 1683 125 20 inrättande
653 1689 28 14 av
694 1690 26 13 en
733 1684 102 20 lånefond
848 1684 34 20 för
893 1685 35 19 att
941 1684 78 26 främja

219 1713 158 26 tillskapandet
391 1719 29 14 av
434 1713 240 26 gemensamhetsbeten
690 1713 33 20 för
737 1713 84 21 mindre
836 1714 113 26 jordbruk.

165 1768 24 18 25
204 1766 56 27 Ang.
274 1766 189 27 exportgarantier
475 1766 33 21 för
520 1767 67 20 alster
599 1773 28 14 av
639 1767 113 26 jordbruk;
766 1773 22 14 se
800 1767 85 20 Handel
897 1767 36 20 och
946 1767 74 27 sjöfart

219 1796 71 26 (1939:
303 1796 25 26 9).

204 1849 43 21 RD
259 1850 113 26 medgiver
383 1849 64 21 KM:t
459 1851 35 19 att
505 1850 89 27 vidtaga
607 1850 138 27 erforderliga
757 1851 103 25 åtgärder
870 1850 34 21 för
915 1850 105 27 reglering

218 1879 34 20 för
265 1879 62 20 tiden
341 1880 85 19 t.o.m.
442 1880 41 20 den
499 1879 26 21 30
539 1880 48 26 juni
602 1879 53 21 1940
670 1886 28 14 av
713 1880 154 26 produktions-
881 1880 39 20 och
935 1882 85 18 avsätt-

218 1909 229 26 ningsförhållandena
458 1909 28 26 på
496 1909 141 26 jordbrukets
647 1910 89 20 område
746 1910 7 20 i
764 1910 146 26 huvudsaklig
920 1911 100 19 överens-

219 1939 124 20 stämmelse
356 1939 50 20 med
420 1945 28 14 av
462 1939 110 20 utskottet
584 1939 95 27 angivna
693 1939 114 27 riktlinjer;
822 1940 40 20 och
875 1940 88 20 anvisar
976 1939 42 21 RD

218 1969 13 20 å
242 1968 134 27 tilläggsstat
389 1969 9 20 I
410 1968 33 20 till
454 1969 118 20 riksstaten
584 1969 34 20 för
628 1969 132 27 budgetåret
772 1969 118 26 1939/1940
902 1970 12 19 å
926 1969 94 27 kapital-

219 1998 109 26 budgeten
342 1999 69 19 under
423 1998 81 21 fonden
517 1998 33 21 för
562 1999 69 26 förlag
643 1999 33 20 till
689 1999 134 20 statsverket
835 1999 33 20 till
880 1999 45 20 viss
937 1999 83 26 lagring

218 2034 29 14 av
264 2028 240 26 jordbruksprodukter
521 2034 28 14 m.
560 2035 28 13 m.
607 2030 33 18 ett
658 2029 75 26 anslag
750 2035 29 14 av
797 2029 26 20 25
832 2029 41 20 000
881 2028 42 21 000
940 2029 32 20 kr.
992 2029 27 26 (r)

218 2059 59 19 samt
292 2058 11 20 å
320 2058 164 27 driftbudgeten
500 2058 68 21 under
583 2059 33 20 9:e
631 2058 40 21 HT
686 2059 33 20 till
734 2059 170 27 prisreglerande
919 2059 101 27 åtgärder

219 1314 6 20 i
243 1314 162 20 Kristianstads
422 1314 36 20 län
474 1314 70 26 jämte
561 1315 58 20 vissa
636 1315 89 20 andelar
742 1315 7 20 i
765 1315 126 20 Mosslunda
909 1315 110 20 bränneri-|-:

1303 231 107 30 Utskotts-
1482 235 55 17 Riks-

1098 257 55 34 Kungl.
1204 257 7 33 Ze
1302 257 117 33 utlåtanden,
1462 257 83 33 dagens
1607 253 115 17 Kamrarnas

1101 291 53 18 Maj:ts]
1166 284 92 16 Motioner]
1284 295 96 16 memorial
1393 295 43 16 eller
1485 279 45 36 sti
1593 283 141 21 förhandlingar

1046 315 26 20 År
1100 324 51 15 Ipropir
1295 325 132 17 betänkanden
1471 321 67 30 velser
1620 313 87 21 förökar)

1108 351 36 14 eller

1100 381 54 14 skrival
1168 391 34 16 RR
1219 391 36 16 JAK
1275 379 17 51 7
1318 378 16 50 É
1358 391 90 17 Nummer
1445 383 14 35 |
1465 391 91 17 Nummer
1609 379 38 41 ag
1678 380 71 40 RE

1034 476 54 34 1939
1307 444 2 146 |

1307 596 2 10 I

1307 895 2 21 I
1663 908 2 11 I

1307 1040 2 35 |

1038 1226 53 20 1939]
1110 1226 37 19 163]
1176 1238 28 3 —|
1230 1239 28 2 —]
1280 1225 25 21 10]
1319 1239 26 2 —I|
1368 1228 27 20 72
1492 1226 40 21 346
1568 1226 33 21 135:
1612 1229 24 18 25
1647 1226 54 21 d|34:
1713 1228 24 18 66

1349 1294 2 16 |
1663 1283 1 26 |

1039 1495 52 20 1939]
1107 1494 41 20 242
1153 1490 18 35 |
1176 1507 28 2 —
1203 1490 18 35 |
1230 1506 28 2 —1]
1280 1494 26 20 101
1320 1507 28 3 —]
1369 1495 26 20 73
1409 1497 32 18 s.4
1492 1494 41 21 373
1568 1495 69 20 135:26
1670 1494 33 21 134:
1714 1496 24 18 66

1098 1524 31 16 bil.
1145 1524 10 15 8

1104 1549 22 19 pt
1138 1548 11 16 4

1038 1584 53 20 1939]
1108 1584 40 20 242]
1176 1596 28 2 —|
1231 1596 27 2 —|
1281 1583 25 20 10!
1320 1596 27 2 —]
1369 1585 26 20 73
1410 1586 31 19 s.4
1493 1584 40 20 373
1569 1584 33 21 135:
1613 1586 25 18 26
1670 1584 33 20 134:
1714 1585 24 18 66

1098 1614 31 16 bil.
1145 1614 10 16 8

1104 1639 22 19 pt
1139 1638 10 16 5

1037 1685 54 20 1939)
1114 1697 29 3 —
1171 1685 36 20 11011
1225 1685 39 20 170)
1281 1685 25 20 10]
1320 1697 28 3 —|
1369 1685 26 21 84
1503 1698 28 2 —
1569 1686 33 20 138:
1615 1688 37 17 154
1670 1685 33 20 139:
1714 1687 25 17 55

1350 1817 2 27 |

1038 1851 53 21 1939]
1129 1852 26 20 66)
1185 1852 25 20 18|
1231 1852 72 20 24-111]
1329 1852 8 20 11
1369 1852 27 20 74
1495 1852 39 20 109
1570 1852 33 20 127:
1614 1854 24 18 26
1649 1848 55 34 dl27:
1715 1854 25 19 29
1749 1848 19 34 dj

1057 1878 15 33 VU.
1177 1882 33 19 21-|
1237 1881 27 20 26

1183 1911 26 20 26)
1237 1911 24 20 31
1350 1930 1 7 I

1237 1941 27 20 32
