1816 2349
164 71 28 20 78

180 281 385 30 AVLÖNINGSBESTÄMMELSER,
579 286 211 20 PROVISORISKA.

208 321 42 21 RD
264 322 102 23 besluter,
380 324 35 18 att
428 322 26 20 de
468 322 33 20 för
514 322 130 26 budgetåret
659 322 89 26 1946/47
762 322 99 26 gällande
875 322 145 26 provisoriska
1033 328 38 14 av-

179 351 278 27 löningsbestämmelserna
483 352 33 20 för
540 352 162 26 övningslärare
726 352 37 20 vid
789 352 26 20 de
841 352 64 26 högre
930 352 141 20 kommunala

179 381 101 21 skolorna
291 381 61 21 skola
363 383 40 25 äga
414 382 139 26 tillämpning
563 382 83 26 jämväl
657 382 33 20 för
701 382 130 26 budgetåret
843 382 90 26 1947/48
944 383 58 19 samt
1012 382 60 20 med-

178 411 67 26 giver,
262 413 34 18 att
312 411 33 20 för
361 411 130 27 budgetåret
508 412 90 26 1946/47
613 412 100 26 gällande
729 412 94 26 grunder
838 412 33 20 för
887 411 131 27 provisorisk
1034 417 37 14 av-

179 440 234 28 löningsförstärkning
424 442 40 20 och
476 442 143 26 provisoriskt
631 442 163 26 dyrortstillägg
805 442 24 20 åt
840 442 58 20 vissa
910 441 160 27 övningslärare

179 471 37 28 vid
228 471 96 20 nämnda
336 471 72 20 skolor
419 471 60 21 skola
491 473 40 25 äga
543 471 138 27 tillämpning
691 471 83 27 jämväl
786 472 33 20 för
831 471 129 27 budgetåret
973 471 96 26 1947/48.

208 501 25 20 Se
247 501 40 20 ock
298 501 109 24 Läroverk,
421 501 143 21 Kommunala
578 501 69 27 (1948:
660 502 26 26 2).

179 538 375 30 AVLÖNINGSFÖRSTÄRKNING,
568 543 191 20 PROVISORISK.

208 578 42 20 RD
265 579 118 26 medgiver,
398 580 35 19 att
445 579 131 26 provisorisk
588 579 262 27 avlöningsförstärkning
859 579 35 20 må
904 579 52 26 utgå
968 579 32 20 till
1012 579 59 20 inne-

179 608 81 20 havare
269 614 28 14 av
306 609 67 20 sådan
384 609 45 20 ord.
439 609 124 26 befattning
572 609 37 20 vid
619 609 155 20 universiteten
784 609 6 20 i
798 609 97 26 Uppsala
903 609 40 20 och
950 609 64 20 Lund
1021 609 50 19 eller

179 638 37 20 vid
233 638 125 20 karolinska
376 639 218 25 mediko-kirurgiska
612 639 119 23 institutet,
747 639 27 26 på
789 639 73 20 vilken
874 638 63 21 civila
948 639 123 26 avlönings-

178 668 142 26 reglementet
331 668 47 20 icke
387 670 50 24 äger
446 668 145 27 tillämpning,
601 670 58 18 samt
670 669 88 20 anvisar
766 669 33 19 till
808 669 132 26 provisorisk
948 668 123 26 avlönings-

179 697 148 28 förstärkning
340 698 24 20 åt
377 698 58 20 vissa
449 698 217 27 befattningshavare
680 699 6 19 i
700 700 84 19 statens
797 699 71 26 tjänst
881 698 24 20 21
917 698 41 20 000
972 698 32 20 kr.
1021 698 33 26 (f).

208 739 42 20 RD
263 739 118 27 medgiver,
395 741 35 19 att
443 740 132 26 provisorisk
588 740 263 26 avlöningsförstärkning
864 740 35 20 må
913 740 67 26 enligt
993 739 78 21 hittills

179 768 128 27 tillämpade
323 770 94 25 grunder
434 770 52 26 utgå
504 770 69 20 under
589 770 131 26 budgetåret
737 769 90 27 1942/43
845 769 32 21 till
894 770 132 20 innehavare
1043 775 28 15 av

179 799 68 20 sådan
264 799 45 20 ord.
327 799 124 27 befattning
467 800 37 20 vid
521 799 157 21 universiteten
694 800 7 19 i
717 799 97 27 Uppsala
831 800 40 20 och
888 799 63 20 Lund
967 799 51 20 eller
1033 799 37 20 vid

178 828 125 21 karolinska
320 829 218 27 mediko-kirurgiska
552 829 119 24 institutet,
686 830 27 26 på
729 829 73 20 vilken
817 829 63 20 civila
891 829 180 26 avlöningsregle-

178 860 85 18 mentet
277 859 47 20 icke
339 861 51 24 äger
401 859 144 27 tillämpning;
558 859 40 20 och
609 859 87 20 anvisar
708 859 42 20 RD
762 859 33 20 till
806 859 131 26 provisorisk
949 859 122 26 avlönings-

178 888 148 27 förstärkning
343 889 24 20 åt
384 889 57 20 vissa
460 889 216 26 befattningshavare
694 889 6 20 i
718 891 83 18 statens
819 889 70 26 tjänst
900 889 24 20 21
936 888 40 21 000
992 889 32 20 kr.
1036 888 33 26 (f).

208 930 42 20 RD
263 930 118 26 medgiver,
395 932 35 19 att
443 931 132 26 provisorisk
588 931 263 26 avlöningsförstärkning
864 930 36 21 må
913 930 68 26 enligt
993 930 78 20 hittills

179 959 128 27 tillämpade
323 961 95 25 grunder
435 961 52 25 utgå
504 961 69 19 under
590 961 130 26 budgetåret
738 960 90 26 1943/44
844 960 34 20 till
894 960 132 20 innehavare
1043 966 28 14 av

178 989 69 21 sådan
264 990 45 20 ord.
327 990 125 26 befattning
467 990 38 20 vid
522 990 156 20 universiteten
695 990 6 20 i
718 990 97 26 Uppsala
832 990 40 20 och
888 990 63 20 Lund
968 990 50 20 eller
1033 990 38 20 vid

178 1019 125 21 karolinska
317 1020 219 26 mediko-kirurgiska
551 1020 118 24 institutet,
685 1020 27 26 på
726 1020 73 20 vilken
814 1020 63 20 civila
891 1020 181 26 avlöningsregle-

178 1051 85 17 mentet
275 1049 46 20 icke
334 1051 50 24 äger
395 1050 145 25 tillämpning;
554 1050 40 19 och
606 1050 87 19 anvisar
706 1050 41 19 RD
760 1050 33 19 till
805 1050 131 25 provisorisk
948 1049 123 26 avlönings-

178 1078 149 26 förstärkning
344 1079 24 20 åt
385 1079 58 20 vissa
461 1079 326 26 befattningshavare
674 1074 19 35 i
692 1079 95 26 statens
804 1079 71 26 tjänst
892 1079 77 20 21000
986 1079 32 20 kr.
1037 1078 32 26 (f).

207 1119 42 21 RD
263 1120 118 26 medgiver,
395 1122 35 18 att
443 1120 132 27 provisorisk
589 1120 262 27 avlöningsförstärkning
864 1121 36 19 må
913 1120 67 26 enligt
993 1120 78 20 hittills

178 1149 129 27 tillämpade
323 1150 95 26 grunder
434 1151 52 25 utgå
504 1150 69 20 under
589 1150 131 26 budgetåret
738 1150 90 26 1944/45
845 1150 33 20 till
894 1150 132 20 innehavare
1043 1156 28 14 av

178 1179 69 20 sådan
264 1179 45 20 ord.
327 1179 125 26 befattning
468 1180 37 19 vid
522 1180 156 20 universiteten
695 1180 6 20 i
718 1180 97 26 Uppsala
832 1180 40 20 och
888 1179 64 21 Lund
968 1179 50 20 eller
1034 1179 37 20 vid

178 1208 125 21 karolinska
326 1209 220 26 mediko-kirurgiska
570 1210 118 23 institutet,
713 1210 28 25 på
765 1209 73 20 vilken
862 1209 63 20 civila
949 1209 123 26 avlönings-

178 1238 142 26 reglementet
335 1238 47 20 icke
397 1240 51 25 äger
462 1239 145 26 tillämpning;
624 1239 40 20 och
679 1239 88 20 anvisar
782 1239 42 20 RD
839 1238 33 20 till
888 1238 131 27 provisorisk
1034 1244 38 15 av-

178 1267 233 27 löningsförstärkning
419 1268 24 20 åt
450 1268 57 20 vissa
515 1268 217 27 befattningshavare
740 1269 6 19 i
754 1270 83 18 statens
845 1268 70 26 tjänst
923 1268 26 20 23
958 1268 113 26 000kr.(f).

207 1309 42 20 RD
263 1309 118 26 medgiver,
396 1311 34 19 att
444 1310 132 26 provisorisk
589 1310 263 26 avlöningsförstärkning
864 1310 37 20 må
914 1310 67 26 enligt
994 1309 78 21 hittills

180 1338 128 27 tillämpade
324 1339 94 26 grunder
435 1340 52 25 utgå
505 1340 68 19 under
590 1340 130 25 budgetåret
738 1339 91 26 1945/46
845 1340 34 19 till
895 1339 132 21 innehavare
1044 1345 28 14 av

178 1368 69 21 sådan
264 1369 45 20 ord.
327 1369 125 26 befattning
467 1369 38 20 vid
521 1369 157 20 universiteten
695 1370 6 19 i
718 1369 97 27 Uppsala
832 1370 40 19 och
888 1369 64 20 Lund
968 1369 51 20 eller
1034 1369 37 20 vid

177 1398 125 21 karolinska
326 1399 220 26 mediko-kirurgiska
570 1399 119 23 institutet,
714 1399 27 26 på
765 1399 73 20 vilken
862 1399 63 20 civila
949 1399 123 26 avlönings-

178 1428 142 26 reglementet
335 1428 47 20 icke
397 1430 50 25 äger
462 1429 145 26 tillämpning;
623 1429 40 20 och
679 1429 87 20 anvisar
781 1429 42 20 RD
839 1429 33 20 till
888 1428 131 27 provisorisk
1034 1435 38 14 av-

178 1457 234 27 löningsförstärkning
420 1459 24 20 åt
451 1459 57 20 vissa
516 1459 218 26 befattningshavare
741 1459 7 19 i
756 1460 84 19 statens
847 1459 71 26 tjänst
925 1459 26 20 23
960 1458 110 26 000kr.(f).

207 1499 42 20 RD
263 1500 117 26 medgiver,
395 1501 34 19 att
443 1500 132 26 provisorisk
588 1500 263 27 avlöningsförstärkning
864 1501 36 19 må
913 1500 68 26 enligt
994 1500 77 20 hittills

178 1529 127 27 tillämpade
322 1529 95 27 grunder
434 1530 52 26 utgå
503 1530 69 20 under
589 1530 130 26 budgetåret
737 1530 90 26 1946/47
844 1530 33 20 till
894 1530 132 20 innehavare
1043 1536 28 14 av

178 1559 68 20 sådan
263 1559 46 20 ord.
327 1560 124 25 befattning
467 1560 37 20 vid
522 1560 156 20 universiteten
694 1560 7 20 i
718 1560 97 26 Uppsala
832 1560 40 20 och
888 1560 63 20 Lund
968 1560 50 19 eller
1034 1560 36 19 vid

178 1588 124 21 karolinska
326 1589 220 26 mediko-kirurgiska
570 1589 119 23 institutet,
714 1590 27 26 på
765 1589 73 20 vilken
862 1589 63 20 civila
949 1589 122 26 avlönings-

178 1618 142 26 reglementet
330 1619 47 19 icke
388 1620 50 25 äger
448 1619 139 26 tillämpning
598 1621 57 18 samt
665 1619 88 20 anvisar
763 1619 33 20 till
807 1619 131 26 provisorisk
949 1619 122 26 avlönings-

179 1648 148 26 förstärkning
342 1649 24 19 åt
382 1649 57 19 vissa
455 1649 218 26 befattningshavare
689 1649 6 19 i
711 1650 84 19 statens
811 1649 70 26 tjänst
896 1649 27 20 23
924 1644 48 36 000
988 1649 32 19 kr.
1037 1649 33 25 (f).

207 1689 42 20 RD
263 1690 117 26 medgiver,
395 1691 34 19 att
443 1690 132 26 provisorisk
588 1690 263 26 avlöningsförstärkning
864 1690 35 20 må
913 1690 67 26 enligt
993 1689 78 21 hittills

179 1718 128 27 tillämpade
323 1719 95 26 grunder
435 1720 52 26 utgå
504 1720 69 20 under
589 1720 131 26 budgetåret
738 1720 90 26 1947/48
844 1720 33 19 till
894 1720 132 19 innehavare
1043 1725 28 14 av

178 1748 69 20 sådan
264 1749 45 19 ord.
327 1749 124 26 befattning
467 1749 37 20 vid
522 1749 156 20 universiteten
694 1749 7 20 i
717 1749 97 27 Uppsala
831 1749 40 20 och
888 1749 63 20 Lund
968 1749 50 20 eller
1033 1749 37 20 vid

178 1778 125 20 karolinska
316 1778 220 27 mediko-kirurgiska
550 1779 119 24 institutet,
684 1779 28 26 på
726 1779 73 20 vilken
813 1779 64 20 civila
891 1778 180 27 avlöningsregle-

178 1809 84 18 mentet
275 1808 47 20 icke
336 1810 50 24 äger
399 1808 145 27 tillämpning,
559 1810 58 19 samt
630 1809 87 20 anvisar
728 1809 33 19 till
774 1809 131 26 provisorisk
914 1808 157 26 avlöningsför-

178 1837 114 26 stärkning
308 1838 24 19 åt
348 1838 57 20 vissa
423 1838 217 26 befattningshavare
657 1838 6 20 i
679 1840 84 18 statens
780 1838 70 26 tjänst
866 1838 27 20 25
902 1838 41 20 000
959 1838 32 20 kr.
1009 1838 32 26 (f).

207 1878 42 20 RD
262 1879 117 26 medgiver,
394 1881 35 18 att
442 1880 132 25 provisorisk
587 1880 263 26 avlöningsförstärkning
863 1880 35 19 må
912 1879 68 26 enligt
992 1879 78 20 hittills

179 1908 126 26 tillämpade
322 1909 94 26 grunder
433 1910 52 25 utgå
503 1909 68 20 under
588 1909 130 26 budgetåret
737 1909 89 26 1948/49
843 1909 33 20 till
893 1909 132 20 innehavare
1042 1915 28 14 av

178 1938 68 20 sådan
263 1938 45 20 ord.
326 1938 125 27 befattning
466 1939 38 20 vid
521 1939 156 20 universiteten
694 1939 6 20 i
717 1939 97 26 Uppsala
831 1939 40 20 och
887 1939 64 20 Lund
967 1939 51 19 eller
1033 1938 37 20 vid

178 1967 124 21 karolinska
316 1968 219 27 mediko-kirurgiska
549 1969 119 23 institutet,
683 1969 28 26 på
725 1969 73 20 vilken
812 1970 84 19 statens
910 1968 109 21 allmänna
1033 1974 38 14 av-

178 1997 215 27 löningsreglemente
406 1998 46 20 icke
464 2000 51 24 äger
526 1998 146 27 tillämpning,
686 2000 58 18 samt
752 1998 88 20 anvisar
851 1998 33 20 till
893 1998 131 26 provisorisk
1033 2004 38 14 av-

178 2027 233 30 jöningsförstärkning
419 2028 23 20 åt
450 2028 57 20 vissa
516 2028 216 26 befattningshavare
740 2028 7 20 i
754 2030 84 18 statens
846 2028 70 26 tjänst
923 2028 73 20 27000
1003 2028 67 26 kr.(f).

206 2068 42 20 RD
263 2069 102 23 besluter,
380 2071 34 18 att
428 2069 132 26 provisorisk
574 2070 264 26 avlöningsförstärkning
851 2070 56 20 efter
920 2070 109 25 utgången
1044 2075 28 14 av

178 2098 130 26 budgetåret
326 2099 89 26 1948/49
427 2099 46 20 icke
485 2099 54 20 skall
553 2100 52 25 utgå
616 2100 33 20 till
657 2100 26 19 de
695 2100 45 20 ord.
753 2100 216 25 befattningshavare
977 2099 37 20 vid
1026 2099 46 20 uni-

1226 161 90 15 Motioner
1365 156 88 30 Utskott
1499 172 38 17 Skri
1618 161 95 16 Protokoll

1091 181 25 19 År
1113 177 18 33 |
1139 185 54 20 Prop.
1517 177 39 35 =S
1628 189 5 5 å

1220 214 33 16 FK
1252 210 26 29 |
1283 215 35 15 AK
1340 214 85 16 ISmllAvd]|
1449 215 26 15 Nr
1595 215 33 15 FK
1695 215 35 15 AK

1092 321 28 20 471
1147 321 41 20 294]
1232 333 27 2 —I
1297 333 27 2 —1
1359 321 60 20 61—
1418 317 14 35 11
1445 321 39 20 1951
1508 321 41 20 383
1574 321 33 21 129:
1619 323 24 18 33
1675 321 34 21 130:
1720 323 25 18 24

1091 578 25 19 411
1149 578 39 19 1:81
1232 589 27 2 —I
1297 589 27 2 —I
1359 577 60 20 61—|)
1471 577 12 20 8
1536 577 107 21 8119:50
1650 573 18 35 |
1677 577 31 20 19:
1720 579 24 18 88

1134 611 21 20 pt
1163 605 37 32 218
1435 609 116 18 s.1391s.53

1091 738 27 20 421
1149 739 39 19 1:88]
1232 750 27 2 —I|
1296 750 28 2 —I
1359 738 59 19 6|—1
1470 738 13 20 8
1536 738 70 20 8112:
1620 740 36 17 1211
1675 738 32 20 12:
1718 740 25 17 79

1134 772 21 20 pt
1163 765 39 31 229]
1435 769 83 18 s.150|s.
1522 765 28 31 56

1091 929 27 20 431
1148 929 39 20 1:81
1232 941 27 2 —I
1296 940 28 3 —I
1359 928 59 20 6)—|
1470 928 13 20 8
1536 928 70 20 8110:
1617 930 25 18 99
1644 924 22 34 |
1675 928 32 20 10:
1718 929 25 18 38

1133 963 22 20 pt
1163 961 38 17 235
1435 960 114 17 s.117|s.47

1091 1119 28 19 44l
1149 1119 39 20 1:8]
1232 1130 27 3 —I|
1296 1130 28 2 —I
1359 1118 60 20 61—
1471 1118 12 20 8
1535 1118 71 20 8112:
1620 1120 37 17 123)
1675 1118 32 19 12:
1721 1119 37 18 132

1135 1152 20 20 pt
1163 1151 38 17 263
1435 1150 83 17 s.1901s.
1526 1150 24 17 79

1092 1309 27 19 45!
1149 1309 39 19 1:81]
1232 1320 28 2 —I
1297 1320 27 2 —I
1359 1307 61 20 6/—
1471 1307 13 20 8
1536 1307 70 20 8116:
1621 1309 37 18 126)
1676 1307 31 20 17:
1719 1309 24 17 85

1136 1342 20 19 pt
1164 1335 38 32 270]
1436 1339 83 17 s.215ls.
1527 1339 23 17 77

1091 1499 28 20 461
1149 1499 39 19 1:8]
1232 1510 27 2 —I|
1297 1510 27 2 —I
1359 1498 61 19 61—]
1471 1498 13 20 81
1536 1498 106 20 8114:44
1651 1493 18 35 |
1676 1497 67 20 14:55

1134 1532 22 20 pt
1164 1530 37 18 296
1436 1529 83 18 s.1431s.
1526 1529 25 17 64

1090 1689 105 20 4711:10]
1232 1700 27 2 —|
1297 1700 27 2 —I
1359 1688 60 19 61—
1471 1688 12 19 8
1536 1687 13 20 81
1575 1688 66 20 13:41
1651 1683 17 34 |
1677 1687 31 20 13:
1719 1688 25 18 74

1133 1720 67 22 pt331
1436 1719 114 17 s.115ls.57

1090 1878 29 20 48|
1142 1879 54 19 1:10]
1232 1890 27 1 —I
1297 1890 27 2 —I
1359 1877 60 20 61—1
1471 1877 13 20 81
1536 1877 14 20 8)
1576 1877 67 20 11:42
1676 1877 68 20 |11:53

1134 1912 21 20 pt
1163 1910 39 17 334
1436 1909 56 17 s.140|

1092 2069 27 20 491
1149 2069 38 19 168]
1233 2080 27 2 —|
1297 2080 28 2 —I
1360 2068 60 19 61—1]1
1446 2068 39 20 1321
1509 2068 41 20 2561
1576 2068 31 20 17:
1618 2069 10 17 7
1676 2068 32 19 17:
1722 2069 37 17 124

1151 2106 15 11 s.
1177 2101 10 16 4
1446 2105 15 11 s.
1474 2100 10 17 2
