1830 2353
754 154 179 16 SAKREGIST

942 154 35 16 ER

951 315 25 15 År

1003 257 55 18 Kungl.

1005 287 53 18 Maj:ts

1004 320 51 14 prop:r

1013 346 35 15 eller

1004 376 55 15 skriv:r

1071 279 91 16 Motioner

1218 232 96 16 Utskotts-

1207 261 116 19 utlåtanden,

1189 291 96 16 memorial
1298 291 43 16 eller

1199 320 132 17 betänkanden

1386 232 55 16 Riks-

1379 262 68 20 dagens

1390 291 45 16 skri-

1383 321 59 16 velser

1510 250 114 17 Kamrarnas

1497 280 140 20 förhandlingar

1523 309 88 21 (prot.nr)

1072 386 86 17 FK|IAK

1180 368 16 57 Saml.

1222 374 15 49 Avd.

1262 387 90 16 Nummer

1369 388 90 15 Nummer

1482 376 65 16 Första

1481 399 69 16 kamm.

1566 370 1 9 |
1585 376 64 15 Andra

1582 399 70 16 kamm.

84 441 224 27 Arbetarlagstiftning.

125 472 80 20 former
220 478 28 14 av
264 472 60 26 hjälp
340 473 24 20 åt
379 473 126 23 arbetslösa,
523 473 5 20 i
545 474 41 19 den
602 474 51 20 mån
669 474 110 20 desamma
795 475 46 19 icke
857 475 66 21 redan

126 502 79 19 vunnit
213 502 99 26 giltighet
322 502 6 20 i
337 503 51 19 vårt
396 502 52 20 land
458 503 39 20 och
507 503 6 20 i
523 503 26 20 de
558 503 37 20 fall
605 504 21 20 så
637 503 115 27 lämpligen
762 504 54 20 låter
825 504 31 26 sig
865 506 58 25 göra,

126 531 52 20 böra
199 532 97 23 beaktas,
317 532 28 20 då
366 538 25 14 en
412 532 140 27 reformering
572 539 28 14 av
620 533 303 28 arbetslöshetsförsäkringen

127 561 57 20 visar
198 561 32 26 sig
245 561 108 26 påkallad.

113 620 42 19 RD
171 620 117 24 meddelar,
305 622 35 18 att
355 621 43 19 RD
414 621 34 20 för
463 621 32 20 sin
512 621 34 20 del
561 622 97 20 ansluter
673 622 32 27 sig
720 623 33 19 till
768 623 156 26 föredragande

127 649 250 27 departementschefens
395 650 7 20 i
421 650 37 21 det
476 651 37 20 vid
532 651 162 26 propositionen
712 652 78 26 fogade
808 653 116 21 statsråds-

127 679 132 26 protokollet
278 680 98 20 uttalade
396 680 149 27 uppfattning,
564 683 35 18 att
617 681 103 27 förslaget
738 682 33 20 till
790 682 134 21 konvention

127 709 34 24 (nr
179 709 35 26 45)
233 714 49 21 ang.
301 709 145 21 användande
464 716 29 14 av
511 710 94 21 kvinnor
622 711 33 20 till
673 712 74 20 arbete
766 712 68 20 under
851 712 48 27 jord
918 713 6 20 i

126 744 80 20 gruvor
216 744 28 15 av
254 739 42 20 alla
307 739 45 26 slag
363 739 39 20 bör
412 740 126 24 ratificeras,
549 742 34 18 att
594 740 50 24 RD,
655 741 43 20 lika
709 741 49 20 med
768 741 156 27 föredragande

127 768 238 26 departementschefen
376 769 6 20 i
392 769 83 26 princip
485 771 24 18 är
518 776 29 14 av
556 770 41 20 den
608 771 176 26 uppfattningen,
794 773 35 18 att
838 772 86 26 Sverige

127 798 38 19 bör
178 797 86 21 biträda
277 798 103 26 förslaget
392 798 32 21 till
437 799 134 21 konvention
584 800 35 25 (nr
630 800 36 26 46)
679 806 48 21 ang.
741 801 144 27 begränsning
896 808 29 14 av

126 827 135 21 arbetstiden
280 828 7 20 i
306 828 117 26 kolgruvor
441 829 122 26 (reviderad
584 829 69 27 1935),
672 832 35 18 att
726 830 42 20 RD
788 831 33 20 för
839 831 32 21 sin
891 832 33 20 del

126 862 69 18 anser,
212 859 34 18 att
262 857 136 21 ratifikation
414 864 28 14 av
458 858 103 27 förslaget
575 859 34 20 till
624 860 134 20 konvention
774 860 35 27 (nr
823 860 36 27 47)
875 867 48 21 ang.

126 887 145 20 arbetstidens
285 887 137 27 förkortning
435 888 32 20 till
481 888 67 26 fyrtio
562 888 89 21 timmar
664 890 6 19 i
684 890 83 20 veckan
778 891 46 20 icke
835 891 39 20 bör
884 893 39 24 äga

127 922 54 17 rum,
197 918 34 18 att
247 916 42 20 RD
305 917 33 20 för
353 918 32 19 sin
401 917 34 21 del
450 918 96 20 ansluter
560 919 32 26 sig
606 919 33 20 till
655 919 155 27 föredragande
826 920 99 27 departe-

127 946 159 20 mentschefens
303 947 148 27 uppfattning,
469 949 35 19 att
520 948 103 27 förslaget
639 949 32 20 till
688 949 133 21 konvention
839 951 34 26 (nr
888 951 36 26 48)

127 981 48 21 ang.
195 976 148 26 upprättande
362 983 28 14 av
408 978 34 19 ett
459 977 172 21 internationellt
650 981 82 24 system
750 980 33 20 för
801 980 123 21 bevarande

127 1012 28 13 av
170 1006 135 26 rättigheter,
321 1007 112 25 grundade
448 1008 28 25 på
492 1007 150 25 invaliditets-,
659 1009 132 20 ålderdoms-
806 1010 39 20 och
862 1010 63 20 döds-

127 1035 171 27 fallsförsäkring
313 1036 46 20 icke
376 1036 39 20 bör
430 1037 126 23 ratificeras,
573 1039 35 18 att
623 1038 42 20 RD
682 1039 33 19 för
730 1039 32 20 sin
779 1039 34 20 del
829 1040 96 20 ansluter

127 1065 31 26 sig
173 1065 33 20 till
221 1065 157 27 föredragande
394 1066 249 26 departementschefens
659 1069 149 26 uppfattning,
824 1071 35 18 att
873 1070 52 20 rati-

128 1095 91 20 fikation
233 1101 28 14 av
276 1095 102 26 förslaget
393 1096 32 20 till
438 1096 134 21 konvention
587 1097 34 26 (nr
636 1098 33 25 49)
683 1104 49 20 ang.
746 1099 137 27 förkortning
897 1106 27 14 av

127 1124 133 20 arbetstiden
274 1125 6 19 i
293 1125 173 26 buteljglasbruk
479 1132 29 14 nu
521 1126 18 26 ej
554 1127 40 19 bör
606 1129 39 24 äga
659 1134 47 13 rum
720 1130 57 18 samt
789 1130 35 19 att
837 1129 42 20 RD
892 1129 33 20 för

127 1154 32 19 sin
176 1154 33 20 del
226 1154 96 20 ansluter
337 1155 32 26 sig
384 1155 33 20 till
432 1155 157 27 föredragande
605 1156 250 27 departementschefens
871 1165 54 20 upp-

127 1184 102 25 fattning,
245 1185 34 19 att
294 1184 37 20 det
344 1184 47 20 icke
406 1186 24 19 är
443 1185 136 27 erforderligt
593 1188 35 18 att
641 1186 34 21 för
689 1188 135 20 närvarande
838 1189 86 25 påkalla

128 1214 64 25 några
209 1214 105 20 särskilda
331 1214 101 26 åtgärder
447 1215 48 20 från
511 1216 183 21 statsmakternas
710 1217 45 20 sida
772 1218 49 19 med
837 1218 43 20 anl.
897 1225 27 13 av

128 1243 228 20 rekommendationen
373 1244 34 25 (nr
422 1244 36 26 45)
474 1250 49 21 ang.
540 1246 286 26 ungdomsarbetslösheten.

114 1302 41 20 RD
169 1302 110 20 meddelar
291 1303 6 19 i
310 1303 102 20 skrivelse
425 1303 33 20 till
472 1304 70 24 KM:t,
555 1306 35 18 att
603 1305 42 20 RD
658 1306 46 20 icke
717 1306 40 20 har
769 1308 66 25 något
847 1309 35 18 att
894 1314 31 13 er-

127 1332 46 20 inra
188 1334 47 18 mot
250 1332 43 20 vad
308 1333 158 26 föredragande
482 1333 238 27 departementschefen
736 1336 7 20 i
758 1336 37 20 det
810 1337 37 20 vid
863 1343 60 20 prop.

127 1361 76 26 fogade
218 1362 241 26 statsrådsprotokollet
474 1363 82 21 uttalat
569 1370 49 20 ang.
634 1365 26 20 de
674 1366 107 25 åtgärder,
796 1372 46 14 som
857 1367 67 20 skulle

128 1392 72 20 kunna
211 1391 123 21 föranledas
344 1398 28 14 av
383 1393 255 21 rekommendationerna
649 1395 34 26 (nr
693 1395 35 26 50)
739 1401 48 21 ang.
798 1396 127 20 internatio-

128 1421 40 20 nell
182 1422 130 19 samverkan
327 1422 6 19 i
347 1422 107 20 avseende
468 1423 12 20 å
495 1423 112 26 offentliga
621 1425 89 20 arbeten
725 1425 40 20 och
779 1426 34 26 (nr
827 1426 35 26 51)
876 1432 48 20 ang.

128 1450 102 21 nationell
244 1451 111 26 planering
368 1458 28 13 av
410 1452 113 26 offentliga
536 1453 96 24 arbeten,
647 1456 34 18 att
694 1455 42 19 RD
750 1455 33 20 för
796 1456 32 20 sin
842 1456 34 20 del
888 1462 38 14 an-

127 1480 67 20 sluter
207 1481 31 26 sig
250 1480 33 21 till
297 1481 156 26 föredragande
466 1482 251 26 departementschefens
730 1485 148 27 uppfattning,
892 1488 33 18 att

128 1510 102 26 förslaget
245 1510 32 20 till
294 1511 133 20 konvention
445 1511 34 26 (nr
495 1512 35 25 59)
546 1518 49 21 ang.
611 1513 145 21 minimiålder
766 1515 33 20 för
811 1516 65 20 barns
888 1522 38 13 an-

128 1539 115 21 vändande
257 1540 31 20 till
302 1541 131 20 industriellt
445 1541 74 20 arbete
532 1542 47 20 icke
592 1543 33 19 för
637 1544 135 20 närvarande
784 1545 39 20 bör
834 1545 92 20 ratifice-

128 1575 41 18 ras,
189 1571 35 18 att
243 1570 102 26 förslaget
362 1570 31 20 till
410 1571 134 20 konvention
561 1572 35 25 (nr
611 1572 35 27 60)
665 1579 49 21 ang.
733 1574 144 21 minimiålder
894 1575 32 20 för

128 1599 65 20 barns
207 1600 145 19 användande
367 1600 32 20 till
414 1600 190 21 icke-industriellt
615 1603 74 20 arbete
700 1603 47 21 icke
758 1604 39 20 bör
808 1605 118 20 ratificeras

128 1630 103 18 ävensom
251 1630 35 19 att
307 1630 230 20 rekommendationen
560 1631 35 26 (nr
608 1632 36 25 52)
665 1638 49 21 ang.
736 1633 144 21 minimiålder
893 1635 33 19 för

129 1658 63 20 barns
206 1659 145 19 användande
366 1659 32 20 till
413 1659 131 21 industriellt
555 1661 74 20 arbete
639 1662 7 19 i
656 1662 167 28 familjeföretag
834 1664 46 20 icke
894 1664 33 20 för

129 1688 135 20 närvarande
279 1688 38 20 bör
330 1689 50 25 giva
394 1689 43 20 anl.
451 1689 34 20 till
499 1690 101 26 åtgärder
613 1691 47 20 från
675 1693 79 20 svensk
767 1693 54 23 sida,
838 1696 34 17 att
884 1694 42 19 RD

129 1718 31 19 för
175 1718 31 19 sin
222 1718 34 19 del
270 1718 6 19 i
292 1718 68 19 likhet
375 1719 48 19 med
438 1719 156 26 föredragande
609 1721 237 26 departementschefen
858 1729 68 17 anser,

127 1749 34 18 att
180 1747 136 20 ratifikation
336 1753 28 14 av
384 1748 103 26 förslaget
506 1749 32 20 till
558 1750 134 21 konvention
712 1751 35 27 (nr
762 1752 35 26 61)
816 1759 49 20 ang.
885 1754 42 19 för-

128 1777 102 26 kortning
251 1783 28 14 av
301 1777 133 20 arbetstiden
454 1778 58 20 inom
533 1780 183 21 textilindustrien
734 1782 46 20 icke
799 1783 33 19 för
850 1785 77 18 närva-

128 1807 66 19 rande
213 1807 39 19 bör
269 1809 41 23 äga
329 1813 47 14 rum
395 1809 57 18 samt
470 1809 35 19 att
525 1809 42 20 RD
586 1810 33 20 för
637 1811 32 19 sin
688 1811 34 20 del
737 1812 96 20 ansluter
848 1813 31 25 sig
895 1813 31 20 till

129 1836 155 27 föredragande
299 1837 251 26 departementschefens
565 1840 148 27 uppfattning,
729 1843 35 19 att
777 1842 103 26 förslaget
895 1843 31 20 till

129 1866 133 20 konvention
283 1866 34 26 (nr
336 1867 35 26 62)
391 1873 49 20 ang.
460 1868 247 22 säkerhetsföreskrifter
726 1871 5 20 i
752 1872 175 26 byggnadsindu-

129 1896 65 20 strien
207 1896 45 20 icke
265 1896 33 20 för
309 1897 136 19 närvarande
456 1897 40 20 bör
506 1898 119 21 ratificeras
637 1902 103 19 ävensom
751 1903 35 18 att
797 1902 42 20 RD
851 1902 33 20 för
894 1902 31 20 sin

129 1925 33 20 del
179 1925 47 20 icke
244 1925 38 20 har
300 1926 65 26 något
382 1928 35 18 att
433 1927 70 20 erinra
520 1930 48 18 mot
583 1929 157 27 föredragande
757 1931 170 26 departements-

129 1955 86 20 chefens
235 1955 128 20 uttalanden
384 1958 40 18 rör.
442 1956 26 20 de
484 1957 108 26 åtgärder,
609 1965 46 14 som
672 1960 73 21 kunna
761 1961 122 21 föranledas
900 1968 27 14 av

129 1985 255 20 rekommendationerna
401 1986 35 25 (nr
452 1986 91 27 53—56)
560 1993 48 21 ang.
626 1989 253 26 säkerhetsföreskrifter,
896 1992 32 20 in-

128 2014 108 27 spektion,
248 2015 130 20 samverkan
391 2015 32 20 till
434 2016 178 22 förekommande
624 2025 27 13 av
664 2019 110 26 olycksfall
787 2023 57 18 samt
855 2022 73 25 yrkes-

129 2044 124 25 utbildning
267 2044 58 20 inom
341 2045 241 25 byggnadsindustrien.

939 475 54 21 1935

943 624 52 20 1936

944 1308 52 20 1938

1305 625 24 19 19

1409 625 27 20 64

1411 1310 26 18 28

1474 625 30 20 13:
1517 627 23 17 19
1551 625 54 32 dl13:
1618 628 22 16 16
1651 626 12 19 d
