1855 2360
177 149 42 20 348

912 155 136 16 SAKREGISTER

194 432 97 27 Delning
307 440 27 14 av
345 433 53 27 jord
414 434 12 20 å
441 433 78 21 landet.

239 471 26 13 av
282 464 12 20 6
311 464 13 25 $
340 464 7 19 i
363 464 151 25 förordningen
530 463 40 21 den
589 463 26 20 16
631 464 48 26 juni
697 463 55 20 1875
769 470 47 19 ang.
829 463 76 26 lagfart
915 464 13 19 å
938 464 51 25 fång
1000 464 33 19 till

239 494 43 20 fast
305 493 110 26 egendom,
439 494 34 25 lag
495 500 35 13 om
549 493 81 20 ändrad
646 493 81 27 lydelse
743 500 26 13 av
786 493 26 20 37
830 494 12 25 8
860 494 11 19 5
889 500 65 13 mom.
971 494 7 19 i
994 494 39 19 för-

239 524 118 25 ordningen
380 523 41 20 den
447 524 25 19 16
496 524 48 26 juni
565 523 55 20 1875
637 530 46 19 ang.
701 523 124 26 inteckning
841 524 7 19 i
863 523 43 21 fast
922 523 110 26 egendom,

239 554 34 25 lag
289 560 34 14 om
341 553 81 21 ändrad
438 553 81 27 lydelse
535 560 25 14 av
577 553 40 20 121
631 553 12 26 8
655 553 194 26 utsökningslagen,
862 553 34 26 lag
906 560 35 13 om
952 553 82 21 ändrad

238 584 82 26 lydelse
344 591 26 13 av
390 583 11 20 6
418 584 13 25 $
448 584 7 19 i
471 583 60 26 lagen
548 583 40 21 den
606 583 26 20 18
649 583 43 20 okt.
711 583 54 20 1907
783 590 47 19 ang.
847 585 93 25 ryttare-,
957 583 76 21 soldat-

239 615 40 19 och
296 614 168 25 båtsmanstorps
481 613 109 20 befriande
606 614 7 19 i
628 614 57 20 vissa
701 613 38 20 fall
755 613 47 20 från
819 620 76 14 ansvar
910 613 34 21 för
954 614 78 20 inteck-

239 644 75 25 ningar
329 644 7 19 i
353 644 191 25 stamfastigheten,
561 644 35 25 lag
608 650 34 14 om
659 643 80 20 ändrad
756 643 81 27 lydelse
853 650 26 14 av
896 643 11 20 7
925 644 31 25 $i
972 643 61 26 lagen

239 674 41 20 den
305 673 27 21 30
349 676 52 24 sept.
428 673 56 20 1904
508 680 35 14 om
560 673 176 26 samäganderätt,
754 673 34 26 lag
804 680 34 13 om
855 673 81 20 ändrad
952 673 81 27 lydelse

239 711 26 13 av
283 704 26 20 16
326 704 13 25 8
356 704 7 19 i
378 704 62 24 lagen
456 703 41 20 den
515 704 12 19 5
543 703 41 27 juli
601 703 56 21 1907
675 710 35 13 om
726 703 98 20 enskilda
840 705 64 24 vägar
915 704 26 26 på
952 703 80 24 landet,

239 734 34 26 lag
292 740 35 13 om
346 734 99 19 säkerhet
460 734 33 19 för
508 733 181 21 utbekommande
706 740 25 13 av
748 734 56 19 vissa
820 734 140 25 ersättningar
975 734 8 19 i
998 740 35 13 an-

239 764 88 25 ledning
342 770 26 14 av
384 764 47 25 laga
447 763 64 20 skifte
527 763 51 20 eller
594 770 70 13 annan
675 763 314 27 jordfördelningsförrättning,
1000 763 34 26 lag

239 800 35 13 om
298 793 200 26 sammanläggning
521 800 26 13 av
570 794 124 25 fastigheter
709 794 12 19 å
738 793 78 24 landet,
841 793 34 26 lag
897 800 35 13 om
952 793 81 20 ändrad

238 824 81 26 lydelse
343 830 26 13 av
394 823 24 20 11
438 823 48 27 kap.
512 824 12 19 2
541 823 13 26 8
570 823 146 27 jordabalken,
742 823 34 26 lag
799 830 35 13 om
851 823 132 20 insändande
999 823 33 20 till

238 854 86 20 hovrätt
340 860 26 14 av
382 853 191 26 ägodelningsrätts
589 853 107 26 protokoll
712 854 23 19 så
751 853 38 20 ock
806 860 26 13 av
848 853 106 26 protokoll
971 853 6 20 i
989 853 43 20 mål

239 884 51 20 eller
313 883 84 25 ärende,
422 890 45 13 som
484 883 113 26 handlagts
613 890 26 13 av
654 883 225 26 ägodelningsdomare
896 883 51 20 eller
962 890 70 13 annan

238 913 127 21 ordförande
381 914 7 19 i
404 913 181 26 ägodelningsrätt
608 913 51 20 eller
682 920 25 13 av
727 913 184 25 överlantmätare,
928 915 56 18 samt
999 913 35 25 lag

238 950 35 14 om
290 943 81 21 ändrad
387 943 81 26 lydelse
485 950 25 13 av
527 944 12 19 2
556 943 13 26 &
588 943 54 26 11:0)
658 944 7 19 i
681 943 61 26 lagen
759 943 41 20 den
817 943 27 20 26
862 944 43 25 maj
924 943 56 20 1909
997 949 35 14 om

237 974 72 20 KM:ts
320 974 157 25 regeringsrätt;
490 973 39 20 och
541 973 96 20 anhåller
647 973 37 20 RD
696 973 45 20 dels
750 974 6 19 i
765 973 116 26 anledning
889 980 26 13 av
924 973 108 20 motionen

237 1004 45 20 FK:
293 1003 49 25 239,
360 1005 31 18 att
407 1003 60 20 KM:t
483 1003 50 20 ville
550 1003 43 20 låta
609 1003 126 20 föranstalta
745 1010 34 13 om
791 1003 117 26 skyndsam
920 1002 114 26 utredning

237 1036 39 18 rör.
301 1034 74 25 frågan
399 1040 35 13 om
457 1033 127 26 vidtagande
602 1033 7 20 i
629 1034 56 20 vissa
708 1033 38 20 fall
770 1040 26 14 av
819 1033 97 26 åtgärder
931 1033 33 20 för
979 1039 54 14 sam-

238 1063 63 26 tidigt
317 1062 162 21 bestämmande
495 1069 25 14 av
537 1064 30 19 ett
582 1062 69 21 flertal
667 1064 125 24 ägogränser
807 1064 58 18 inom
882 1064 30 18 ett
923 1062 110 25 skifteslag

238 1094 40 19 och
294 1093 33 20 för
342 1093 38 20 RD
396 1093 117 26 framlägga
529 1093 36 19 det
580 1092 85 26 förslag,
683 1092 69 20 vartill
769 1092 141 26 utredningen
926 1092 42 20 kan
984 1092 48 25 giva

238 1123 124 26 anledning;
387 1122 45 21 dels
455 1123 39 20 ock
509 1123 7 19 i
533 1122 115 26 anledning
672 1129 25 13 av
721 1122 133 20 motionerna
876 1122 97 20 FK:233
993 1122 39 20 och

237 1153 46 20 AK:
293 1153 49 24 358,
352 1154 31 19 att
391 1153 61 20 KM:t
460 1153 67 19 måtte
535 1152 126 20 föranstalta
669 1158 35 14 om
711 1152 114 25 utredning
832 1158 46 19 ang.
886 1152 7 19 i
900 1152 133 19 motionerna

237 1182 168 21 vidkommande
421 1182 90 20 servitut
526 1182 92 26 angivna
632 1182 150 20 förhållanden
794 1184 56 18 samt
860 1182 7 19 i
879 1181 40 20 vad
930 1182 51 19 mån
992 1183 41 18 rätt

237 1214 32 19 att
285 1212 80 21 erhålla
381 1212 127 26 utbrytning
524 1219 25 13 av
566 1212 95 23 servitut,
678 1218 46 14 som
740 1212 8 19 i
764 1212 134 20 motionerna
913 1218 67 16 avses,
997 1212 36 19 må

237 1242 124 20 tillkomma
384 1244 61 24 ägare
469 1249 26 13 av
518 1241 41 21 den
578 1242 107 25 fastighet,
705 1241 33 20 till
757 1248 48 13 vars
821 1241 84 20 förmån
921 1241 111 20 servitutet

237 1273 105 23 inrättats,
359 1274 102 18 ävensom
476 1272 34 19 för
524 1272 38 19 RD
577 1271 118 26 framlägga
706 1271 36 20 det
752 1271 83 26 förslag,
847 1270 71 21 vartill
929 1277 26 14 en
966 1271 66 19 sådan

237 1302 115 26 utredning
367 1302 43 20 kan
426 1302 48 26 giva
490 1301 120 26 anledning.

222 1368 82 20 Motion
320 1374 47 19 ang.
384 1367 90 26 ändring
490 1374 26 13 av
534 1367 26 20 19
577 1367 49 25 kap.
644 1366 12 20 3
673 1366 13 26 $
703 1367 6 19 i
726 1366 60 26 lagen
803 1373 34 13 om
850 1366 87 26 delning
948 1373 25 13 av
984 1366 48 26 jord

237 1399 13 19 å
265 1398 73 20 landet
357 1398 54 25 (ang.
430 1404 57 13 mera
503 1396 143 27 betryggande
663 1396 161 20 bestämmelser
839 1403 35 13 om
891 1396 141 26 avstyckning

237 1435 27 13 av
278 1428 113 25 fastighets
408 1427 157 26 huvudsakliga
580 1426 112 27 jordbruk)
708 1426 75 20 avslås.

223 1494 37 20 RD
282 1496 87 23 antager
391 1493 79 26 förslag
493 1492 33 21 till
545 1492 34 26 lag
598 1499 34 13 om
649 1491 81 21 ändrad
747 1491 80 27 lydelse
844 1498 25 13 av
887 1492 10 19 7
915 1491 48 27 kap.
983 1491 10 20 1
1011 1491 20 25 $,

238 1523 13 20 8
267 1523 48 26 kap.
335 1523 9 20 1
363 1523 13 26 8
392 1523 40 20 och
449 1523 27 20 20
492 1522 49 26 kap.
560 1522 11 20 6
589 1522 13 25 8
618 1522 7 20 i
638 1522 61 25 lagen
715 1521 41 20 den
770 1521 25 20 18
797 1521 60 27 juni
870 1521 55 20 1926
937 1521 33 26 (nr
982 1520 49 27 326)

238 1560 35 13 om
297 1553 87 25 delning
407 1560 26 13 av
448 1552 48 27 jord
512 1553 13 19 å
541 1552 72 20 landet
629 1550 93 27 (enklare
739 1551 209 21 kallelseförfarande
964 1551 68 20 under

238 1583 56 20 vissa
309 1583 176 25 förutsättningar
500 1582 7 20 i
518 1582 59 25 fråga
592 1588 35 13 om
644 1581 217 26 rågångsförrättning
874 1581 40 20 och
927 1580 103 27 ägobyte).

224 1648 80 20 Motion
328 1655 47 18 ang.
399 1647 91 26 ändring
512 1654 26 13 av
559 1647 189 20 bestämmelserna
763 1648 39 18 rör.
819 1646 35 20 val
870 1653 26 13 av
912 1646 53 26 gode
981 1648 51 18 män

238 1678 36 20 vid
293 1677 275 26 lantmäteriförrättningar
583 1678 56 19 samt
655 1683 26 14 av
696 1676 118 20 ledamöter
829 1676 7 20 i
852 1676 181 26 ägodelningsrätt

238 1708 76 20 avslås.

223 1779 52 26 Ang.
292 1779 35 26 lag
342 1786 34 13 om
396 1778 74 26 tillägg
485 1778 33 20 till
536 1778 9 20 1
564 1778 49 26 kap.
631 1777 12 20 3
660 1777 12 26 $
689 1777 61 26 lagen
766 1784 34 13 om
818 1777 87 26 delning
921 1784 26 13 av
962 1776 48 27 jord
1021 1777 12 20 å

238 1809 82 24 landet;
338 1815 21 14 se
376 1808 98 25 Delning
490 1814 27 14 av
530 1806 112 28 fastighet.

251 1844 22 17 Se
286 1844 34 17 ock
330 1844 194 22 Interpellationer
531 1842 60 22 (1927:
600 1843 33 20 10),
642 1841 210 20 Jordförhållanden
862 1842 7 18 i
878 1841 154 23 Kopparbergs

262 1868 38 18 län
314 1868 54 20 1926;
382 1867 58 22 1930),
453 1866 205 20 Lantmäteriväsen
671 1866 136 22 (1927—1929).

194 1930 263 28 Demonstrationståg.

224 1964 82 20 Motion
314 1970 35 13 om
358 1963 128 20 utfärdande
493 1969 26 14 av
528 1962 79 21 sådana
614 1962 138 25 föreskrifter,
762 1962 66 26 enligt
836 1962 58 19 vilka
903 1961 129 21 demonstra-

239 1994 92 25 tionståg
354 1993 40 20 och
413 1993 88 20 därmed
516 1992 123 27 jämförliga
654 1992 160 25 tillställningar
829 1992 47 20 icke
892 1992 22 19 få
929 1993 39 24 äga
984 1998 47 13 rum

239 2024 27 25 på
290 2023 80 20 allmän
394 2023 56 26 plats
466 2023 28 26 på
509 2022 147 26 landsbygden
672 2024 52 18 utan
740 2021 126 27 föregående
883 2021 99 20 anmälan
999 2021 33 20 till

240 2053 216 26 polismyndigheten,
472 2052 100 20 förfaller.

1065 248 22 145 IBSTLPSAIA

1173 280 2 8 |

1173 290 2 21 I

1138 318 37 20 SS

1123 295 17 104 T98[9ALIYS
1123 236 17 46 I9I[9

1142 366 17 53 "doad
1147 297 16 61 sy:lej
1142 218 22 50 uns

1181 272 94 18 Motioner

1184 380 14 16 =

1200 380 17 17 AR

1237 380 34 17 AK

1338 243 95 17 Utskotts-

1327 272 112 18 utlåtanden

1303 302 46 17 eller
1362 302 98 17 memorial

1429 399 2 9 I

1337 367 17 49 "PAV

1391 380 17 27 IN

1296 362 16 57 "[ueg

1451 370 16 44 eps

1505 225 54 17 Riks-

1496 255 72 21 dagens

1509 285 46 16 skri-

1502 314 63 17 velser

1504 380 17 16 N

1552 370 17 44 BvpIs

1625 255 118 17 Kamrarnas

1611 284 144 23 förhandlingar

1598 368 67 17 Första

1595 392 71 17 kamm.

1048 464 56 20 1926

1048 1363 55 23 1927

1046 1488 57 23 1929

1049 1644 56 22 1930

1047 1959 57 22 1926

1179 1365 39 20 167

1231 1645 42 19 253

1592 1364 32 21 13:
1636 1364 46 21 55d|
1701 1364 68 20 13:15

1599 1485 32 35 16:
1643 1495 24 15 52

1593 1644 32 20 12:
1636 1644 41 20 32d

1599 1959 33 20 20:
1643 1959 27 20 8d

1700 1489 68 21 20:31

1693 1988 33 20 32:
1738 1988 39 20 15d
