1819 2351
1604 80 40 21 115

62 261 83 20 Barna-
162 261 36 20 och
215 260 157 27 ungdomsvård.

89 297 19 20 2.
126 297 42 20 RD
187 297 142 26 bemyndigar
346 297 64 20 KM:t
427 298 34 18 att
479 296 107 20 fastställa
604 296 61 20 avtal
682 297 41 19 rör.
742 295 165 26 förstatligande
924 301 28 14 av

61 326 224 27 Gudmundsgårdens
303 327 97 19 skolhem
420 327 39 19 och
478 326 129 26 Morängens
625 325 125 27 yrkesskola
768 327 58 18 samt
844 331 28 14 av
891 325 61 20 verk-

60 357 115 19 samheten
190 356 37 20 vid
243 356 63 26 Råby
321 356 40 20 och
375 356 173 26 Margretelunds
562 355 138 27 yrkesskolor
713 357 58 18 samt
784 355 127 26 godkänner
924 361 28 14 av

61 386 241 27 departementschefen
318 386 115 20 förordade
449 386 90 20 därmed
554 385 216 26 sammanhängande
786 385 167 26 organisations-

60 416 88 26 förslag;
158 416 40 20 och
206 416 95 20 besluter
310 416 49 23 RD,
368 417 35 19 att
411 416 6 19 i
425 415 265 27 personalförteckningen
698 415 34 20 för
739 416 84 19 statens
831 414 72 21 skolor
910 414 42 20 till-

61 446 97 20 hörande
169 446 78 19 barna-
257 446 40 19 och
307 445 190 26 ungdomsvården
508 445 96 26 följande
614 445 150 26 förändringar
774 444 59 20 skola
844 444 107 26 vidtagas,

61 475 108 26 nämligen
185 475 45 20 dels
245 475 136 27 uppförande
395 481 28 14 av
437 475 126 26 ytterligare
578 475 13 19 4
605 475 97 19 rektorer
715 474 7 20 i
736 474 102 26 lönegrad
853 474 29 20 Ca
891 474 33 23 27,
940 474 12 20 3

61 505 127 20 assistenter
197 505 6 20 i
213 505 102 26 lönegrad
325 505 29 20 Ca
363 505 33 23 23,
409 505 7 20 1
429 505 163 20 folkskollärare
601 504 7 20 i
617 504 102 26 lönegrad
729 504 29 20 Ca
768 504 33 23 21,
811 504 13 20 2
833 504 120 20 lärarinnor

61 535 6 19 i
82 534 194 26 hushållsgöromål
290 535 6 20 i
310 534 103 26 lönegrad
427 534 29 21 Ca
467 535 32 23 19,
514 535 13 19 2
540 534 120 20 lärarinnor
674 534 6 20 i
694 533 98 27 kvinnlig
805 533 56 26 slöjd
875 534 6 19 i
895 533 57 20 löne-

61 564 53 26 grad
125 564 28 20 Ca
165 564 31 23 19,
208 564 12 20 2
229 564 268 26 jordbruksföreståndare
508 564 6 19 i
524 564 102 25 lönegrad
637 564 29 19 Ca
677 564 31 23 16,
721 564 9 19 1
742 563 210 26 trädgårdsmästare

61 593 6 20 i
78 593 103 26 lönegrad
193 593 29 20 Ca
233 593 32 24 16,
277 593 12 20 3
301 593 190 20 husföreståndare
503 593 6 20 i
521 593 102 26 lönegrad
635 593 28 20 Ca
675 593 31 23 15,
720 593 8 19 1
742 593 210 26 trädgårdsmästare

61 623 116 26 ilönegrad
187 623 29 20 Ca
228 623 31 23 14,
267 623 13 20 2
292 623 218 26 jordbruksförmän
492 618 23 35 i
522 623 103 25 lönegrad
639 622 28 21 Ca
679 623 31 23 14,
724 623 13 19 2
749 622 203 26 ladugårdsförmän

60 653 7 19 i
77 653 103 25 lönegrad
191 653 29 20 Ca
231 653 32 23 13,
274 653 13 20 2
297 653 91 20 vårdare
399 653 6 20 i
416 653 102 26 lönegrad
529 653 29 20 Ca
569 653 22 19 11
605 652 39 20 och
656 653 9 19 1
678 652 145 20 hantverkare
834 652 6 20 i
850 652 102 26 lönegrad

61 682 28 20 Ca
101 682 22 20 11
136 684 104 18 ävensom
252 683 8 19 1
273 682 74 20 rektor
356 683 6 19 i
372 682 103 27 lönegrad
486 682 27 20 Ce
522 682 27 20 29
560 682 44 20 dels
614 682 40 20 ock
664 682 124 26 minskning
798 682 49 20 med
859 682 8 19 1
879 682 74 19 rektor

60 712 7 20 i
77 712 103 26 lönegrad
192 712 27 20 Ce
229 712 27 20 26
266 714 58 18 samt
334 724 28 3 —
372 712 43 20 vad
426 712 106 20 beträffar
542 712 12 20 å
565 712 166 26 övergångsstat
741 711 108 27 uppförda
860 711 93 26 tjänster

60 754 19 2 —
102 742 6 19 1
125 742 164 19 folkskollärare
302 742 6 19 i
321 741 102 28 lönegrad
436 742 29 20 Ca
475 742 27 20 22
515 742 39 19 och
568 742 9 19 1
592 742 68 20 lärare
672 742 7 19 i
691 742 128 25 yrkesämne
832 741 6 20 i
851 741 101 26 lönegrad

60 771 29 20 Ca
96 771 74 24 16;och
178 771 126 26 godkänner
312 772 42 19 RD
362 771 160 26 avlöningsstat
530 771 33 21 för
569 773 84 18 statens
660 771 72 20 skolor
738 771 130 20 tillhörande
876 771 77 20 barna-

61 801 40 20 och
118 801 191 26 ungdomsvården
325 803 58 18 samt
399 801 88 20 anvisar
503 801 32 20 till
551 801 128 26 avlöningar
694 801 12 20 3
718 801 36 19 121
765 800 41 21 000
821 801 32 19 kr.
870 800 33 26 (f),
920 800 32 20 till

60 830 156 21 omkostnader
229 831 13 20 2
251 830 41 20 610
294 826 47 35 000
356 831 32 19 kr.
403 831 26 25 (f)
444 832 58 18 samt
516 830 32 20 till
562 830 204 26 byggnadsarbeten
781 836 28 14 m.
819 836 29 14 m.
863 830 40 20 660
906 826 50 35 000

59 860 32 20 kr.
104 860 35 26 (r);
152 860 40 20 och
204 861 88 19 anvisar
305 860 41 20 RD
359 860 33 20 till
404 860 77 26 bidrag
492 860 33 20 till
537 860 80 20 driften
629 866 28 14 av
669 860 46 20 icke
727 859 88 27 statliga
827 859 72 21 skolor
910 859 43 20 till-

60 890 96 20 hörande
168 890 78 20 barna-
257 890 40 20 och
310 890 190 26 ungdomsvården
512 889 40 21 350
561 890 41 20 000
613 890 31 20 kr.
657 890 33 26 (f),
702 889 33 20 till
746 889 206 26 fortbildningskurs

60 919 33 20 för
106 920 218 25 befattningshavare
338 920 36 19 vid
388 920 72 19 skolor
472 919 132 20 tillhörande
618 920 78 19 barna-
709 919 40 20 och
763 919 189 26 ungdomsvården

62 949 24 20 15
95 949 41 20 200
147 949 33 20 kr.
193 949 34 26 (r),
240 949 33 20 till
286 949 76 26 bidrag
374 949 32 20 till
417 949 127 20 inrättande
555 955 28 14 av
595 949 225 26 inackorderingshem
832 949 27 20 23
867 948 41 20 000
919 949 32 20 kr.

60 978 35 26 (r),
109 978 33 20 till
155 979 123 26 ersättning
291 978 32 21 till
336 979 227 26 inackorderingshem
576 979 33 19 för
623 978 154 21 driftförluster
792 978 24 20 16
825 978 40 20 000
878 978 32 20 kr.
924 978 28 26 (r)

60 1010 58 18 samt
132 1008 32 20 till
178 1008 67 26 inköp
258 1014 28 14 av
300 1008 129 26 Morängens
442 1008 126 27 yrkesskola
582 1008 26 20 20
617 1008 41 20 500
671 1008 40 23 kr.;
725 1009 40 19 och
778 1008 111 26 medgiver
902 1008 49 23 RD,

60 1039 35 19 att
108 1038 48 19 från
170 1038 203 26 reservationslaget
386 1038 33 20 till
432 1039 84 19 statens
529 1038 72 20 skolor
613 1038 130 20 tillhörande
756 1038 78 20 barna-
847 1038 40 20 och
900 1043 52 21 ung-

60 1067 153 20 domsvården:
230 1068 204 26 byggnadsarbeten
450 1074 29 14 m.
489 1074 29 14 m.
534 1068 35 19 må
585 1067 56 20 intill
657 1069 32 18 ett
704 1067 79 27 belopp
799 1074 27 13 av
842 1068 12 20 7
857 1067 47 21 900
919 1067 32 20 kr.

60 1097 108 20 bestridas
183 1097 147 21 kostnaderna
346 1098 33 19 för
400 1097 208 26 iordningställande
629 1103 28 14 av
674 1097 25 20 10
715 1097 91 20 badrum
822 1097 6 20 i
844 1097 108 26 personal-

61 1127 103 20 bostäder
174 1127 36 20 vid
221 1127 82 20 Lövsta
314 1127 97 20 skolhem
423 1127 39 20 och
473 1127 132 26 yrkesskola;
617 1127 39 20 och
667 1127 60 26 giver
737 1127 42 20 RD
790 1127 7 20 i
807 1127 102 20 skrivelse
918 1126 34 20 till

60 1156 64 20 KM:t
137 1156 107 21 tillkänna
258 1157 43 20 vad
316 1157 167 20 statsutskottet
497 1157 73 20 anfört
584 1157 55 20 ianl.
655 1163 28 13 av
696 1157 136 20 motionerna
847 1156 46 21 FK:
904 1156 46 24 206,

59 1186 111 20 389—390
184 1187 40 19 och
236 1187 49 19 AK:
296 1187 47 23 264,
357 1186 117 21 487—488.

91 1216 19 20 3.
126 1216 42 20 AK
181 1216 72 20 avslår
265 1216 83 20 motion
361 1222 48 20 ang.
423 1216 124 20 förbättrad
560 1216 169 26 ungdomsvård.

88 1257 42 20 RD
145 1258 79 26 uppför
237 1258 32 19 till
283 1259 84 19 statens
380 1258 72 20 skolor
466 1258 129 20 tillhörande
609 1258 77 20 barna-
700 1258 39 20 och
754 1258 195 26 ungdomsvården:

60 1287 204 26 byggnadsarbeten
277 1293 28 14 m.
315 1293 29 15 m.,
356 1288 12 19 å
381 1287 80 20 allmän
473 1288 179 26 beredskapsstat
665 1288 8 19 1
687 1287 38 21 185
734 1287 41 20 000
786 1288 32 20 kr.

88 1317 26 20 Se
134 1317 40 20 ock
195 1316 122 27 Fattigvård
336 1317 66 26 (spec.
424 1317 53 20 1948
487 1317 28 23 H,
537 1317 69 26 1950),
629 1317 179 26 Interpellationer
827 1317 70 27 (1950:
909 1317 41 26 38),

59 1346 88 21 Mödra-
160 1347 36 20 och
209 1346 117 21 barnavård
339 1346 79 27 (1950),
431 1347 92 26 Psykisk
536 1347 74 20 barna-
623 1347 36 20 och
673 1346 157 27 ungdomsvård,
843 1347 108 26 Psykopa-

60 1376 54 20 tiska
131 1376 36 20 och
184 1378 85 18 nervösa
287 1377 58 23 barn,
363 1376 253 26 Sjukvårdsberedningen
634 1376 79 27 (1947),
735 1376 215 27 Tvångsuppfostran.

60 1429 203 25 BARNASKYDD,
276 1426 244 24 RIKSFÖRENINGEN
533 1430 143 25 SVERIGES;
689 1436 21 13 se
722 1430 228 26 Lotterimedelsfonden

88 1459 79 26 (1944).

60 1512 277 21 BARNAVDELNINGAR
352 1513 36 20 vid
403 1513 96 23 lasarett;
514 1519 22 14 se
550 1513 76 20 Hälso-
639 1513 36 20 och
689 1513 100 26 sjukvård
802 1513 70 26 (1945:
885 1515 16 21 9,
920 1515 30 21 10,

89 1542 59 20 1946:
163 1542 38 26 16).

60 1592 185 28 BARNAVÅRD;
265 1602 22 13 se
307 1596 83 20 Barna-
409 1596 36 20 och
465 1596 157 26 ungdomsvård,
644 1596 136 24 Barnläkare,
802 1596 149 20 Barnmorske-

88 1625 172 20 läroanstalterna
280 1626 65 26 (spec.
368 1626 59 20 1944:
439 1625 27 27 3),
488 1626 128 26 Fattiqvård,
639 1626 179 26 Interpellationer
836 1626 70 26 (1941:
920 1628 29 21 17,

90 1654 58 21 1944:
161 1655 40 26 53),
214 1655 88 20 Mödra-
313 1655 36 20 och
362 1655 124 24 barnavård,
500 1656 128 23 Sinnesslöa,
642 1656 69 26 (1944:
724 1656 26 25 7).

59 1705 291 24 BARNAVÅRDSLAGEN.

88 1744 42 19 RD
141 1745 91 25 antager
242 1744 35 26 lag
287 1750 48 21 ang.
348 1745 146 26 upphävande
505 1751 28 14 av
544 1745 26 20 43
581 1746 9 24 $
601 1745 13 20 2
624 1751 65 15 mom.
701 1745 198 26 barnavårdslagen
910 1745 41 20 den

60 1773 12 20 6
82 1773 47 26 juni
141 1773 53 20 1924
205 1774 35 26 (nr
249 1774 57 26 361).

87 1803 55 26 Ang.
156 1804 84 19 ändrad
252 1804 80 26 lydelse
344 1810 28 14 av
384 1804 13 20 2
409 1805 9 24 $
432 1805 8 19 1
455 1810 66 14 mom.
535 1805 40 19 och
587 1805 26 19 22
625 1805 16 24 $;
654 1810 22 14 se
689 1805 62 20 Otukt
761 1805 42 20 mot
814 1806 95 19 naturen.

88 1833 54 25 Ang.
156 1833 83 20 ändrad
252 1833 80 26 lydelse
344 1839 28 14 av
384 1834 13 20 2
408 1835 9 24 $
429 1834 13 20 3
454 1840 74 17 mom.;
541 1840 21 14 se
576 1830 149 31 Åtalseftergift
736 1834 80 27 (1944).

89 1862 25 20 Se
127 1862 40 20 ock
181 1863 122 25 Fattigvård
315 1863 70 26 (1947:
399 1866 29 21 17,
445 1864 39 25 18),
498 1864 280 26 Kommunalförfattningar
789 1864 70 26 (1948:
872 1864 26 26 7),
914 1864 40 20 Val

60 1891 79 26 (1945).

61 1936 438 28 BARNAVÅRDSLAGSTIFTNINGEN;
514 1946 21 14 se
554 1941 179 26 Interpellationer
747 1941 70 26 (1942:
832 1941 38 25 15).

60 1982 383 25 BARNAVÅRDSLÄRARINNOR.

88 2021 43 20 RD
144 2022 88 20 anvisar
243 2022 33 20 till
289 2023 131 26 provisorisk
434 2023 123 26 utbildning
569 2030 27 13 av
610 2024 256 20 barnavårdslärarinnor
877 2024 27 19 34
905 2017 51 38 000

60 2051 82 27 kro(N

61 2102 262 27 BARNAVÅRDSMAN;
335 2112 21 14 se
370 2106 151 21 Föräldrabalk
532 2107 78 26 (1949).

972 190 26 20 Fa
1096 165 101 31 Motioner
1245 166 89 30 Utskott
1367 166 44 60 Skr
1410 183 26 40 iv.
1484 166 107 31 Protokoll

1101 224 33 15 FK
1140 220 19 29 |
1164 224 35 16 AK
1221 224 85 16 ISmllAvd!
1329 224 27 16 Nr
1474 225 33 16 FK
1573 225 36 16 AK

972 295 27 20 501
1040 295 27 20 98
1068 291 23 35 |
1097 295 41 20 206
1136 291 23 35 |
1162 295 40 20 2641
1238 295 60 20 61—
1296 291 14 35 |
1324 295 38 21 1651
1387 296 41 20 344]
1453 296 32 21 19:
1496 296 39 20 23dl
1555 297 31 21 19:
1598 298 39 19 54d

1098 324 40 21 389
1139 320 19 35 |
1162 325 40 21 485
1324 325 38 21 189
1451 326 55 20 21:83
1515 322 13 34 :
1532 322 17 34 |
1552 327 56 21 21::3

1097 354 41 21 390
1134 350 23 35 |
1162 355 41 20 486
1452 356 133 21 22:-8::1'22:
1597 359 11 18 8

1162 384 40 22 487

1162 414 41 21 488

972 1214 26 20 50)
1041 1226 27 2 —
1073 1210 18 35 I
1112 1214 188 21 —!1661131|—]|
1337 1215 24 20 311
1401 1226 28 3 —
1480 1227 28 2 —
1524 1212 23 34 |
1555 1216 31 20 15:
1598 1216 40 20 22dj

970 1256 28 20 501
1029 1256 38 20 126
1077 1252 23 35 |
1111 1267 28 3 —!I
1177 1269 27 2 .—I
1239 1256 60 20 61—
1300 1252 10 35 |
1325 1256 38 21 1971
1388 1257 40 20 3731
1453 1256 33 20 29:
1497 1258 23 18 51
1554 1258 32 20 129:
1598 1260 25 17 39

975 1286 61 20 H|s.
1051 1288 22 17 13
1324 1293 15 13 s.
1352 1288 10 18 8

972 1744 27 20 491]
1040 1744 27 20 861
1112 1755 27 3 —I
1177 1756 27 3 —J]
1238 1745 14 20 91
1286 1745 13 19 21
1337 1744 150 21 221315119:
1501 1746 37 17 1031
1556 1745 32 21 19:
1601 1747 38 18 104

974 2022 27 20 471
1025 2023 53 20 1:10]
1114 2036 27 2 —|I
1179 2035 27 2 —I
1241 2023 60 20 61—
1417 2023 71 20 8113:
1499 2025 25 18 20
1532 2019 17 34 |
1557 2024 31 20 13:
1600 2025 24 17 64

1017 2056 21 19 pt
1048 2050 36 30 175]
1321 2055 110 17 s.511s.31
