1850 2362
907 162 135 15 SAKREGISTER

197 944 23 16 12

1063 254 23 146 IBSTEPSAIA

1278 219 1 8 i

1278 229 2 11 I

1278 241 2 24 I
1336 249 94 18 Utskotts-

1179 275 101 22 Motioner)
1295 271 18 35 —
1325 279 111 18 utlåtanden

1301 309 47 18 eller
1361 308 98 18 memorial

1502 231 53 17 Riks-

1493 261 72 22 dagens

1507 290 46 18 skri-

1499 320 63 18 velser

1622 261 117 17 Kamrarnas

1607 290 144 23 förhandlingar

1121 302 18 104 198[9ALLYS
1121 242 17 49 I9[9

1141 373 16 53 ”doad
1135 302 31 72 sy:fen
1140 244 22 52 [Bun

1183 387 33 17 FK

1294 369 17 12 [Ce

1234 382 72 31 AK
1269 378 15 39 |
1283 378 21 39 5

1448 377 17 45 vpIs

1549 377 18 11 [25

1502 386 64 23 218

1502 404 59 18 SED

1595 375 68 17 Första
1669 370 20 32 |
1696 374 65 18 Andra

1592 399 71 17 kamm.
1677 409 1 13 |
1693 399 69 17 kamm.

194 439 179 28 Dyrtidstillägg.

184 475 20 16 11
224 471 38 20 RD
278 470 93 21 besluter
381 470 132 21 beträffande
527 470 216 26 befattningshavare,
759 470 95 21 hörande
864 471 68 20 under
943 471 33 21 9:e
987 471 46 25 HT,

239 500 50 21 med
306 500 60 21 bifall
382 500 34 21 till
431 500 72 21 KM:ts
518 500 79 26 förslag
612 501 40 20 och
668 500 50 21 med
733 500 73 26 avslag
821 501 12 20 å
844 501 134 21 motionerna
988 502 44 20 FK:

240 530 42 21 120
304 530 40 21 och
368 530 41 21 121
434 532 56 19 samt
514 530 45 20 AK:
580 530 42 21 218
641 530 40 21 och
701 530 48 24 256,
770 532 31 19 att
820 530 25 21 de
861 531 33 20 för
910 531 124 27 budgetåret

241 559 126 29 1927/1928
383 560 98 27 gällande
505 560 110 21 allmänna
637 560 121 27 grunderna
780 561 33 20 för
837 561 158 27 dyrtidstillägg
1012 563 22 19 åt

240 591 209 26 befattningshavare
464 590 8 21 i
487 592 81 19 statens
583 591 68 26 tjänst
666 590 60 21 skola
741 590 57 27 gälla
812 591 81 26 jämväl
904 591 33 21 för
948 591 85 27 budget-

239 622 45 19 året
308 620 136 28 1928/1929;
469 620 40 21 och
533 620 93 21 besluter
641 621 44 24 RD,
702 622 32 19 att
749 620 157 27 dyrtidstillägg
922 622 21 20 åt
959 622 73 21 befatt-

239 651 140 26 ningshavare
402 651 40 20 och
465 650 136 27 pensionärer
624 650 37 21 vid
684 652 80 19 statens
780 650 102 21 domäner
898 652 40 20 och
954 653 79 19 statens

238 680 245 28 reproduktionsanstalt
498 680 51 21 eller
564 680 37 21 vid
617 687 25 14 av
658 680 95 21 nämnda
767 681 50 20 verk
829 682 114 25 övertagna
953 681 81 27 företag

239 711 51 21 eller
305 711 143 26 inrättningar
463 710 60 21 skola
539 711 51 26 utgå
605 717 26 14 av
647 710 26 21 de
689 710 76 24 medel,
783 717 26 14 av
819 711 59 20 vilka
889 711 83 21 verkets
983 712 51 20 eller

239 741 160 21 institutionens
422 740 151 21 omkostnader
588 740 8 21 i
611 740 68 26 övrigt
702 740 112 24 bestridas;
839 741 40 20 och
900 742 84 20 anvisas
1000 742 33 20 till

240 771 135 21 bestridande
399 777 26 14 av
448 770 143 21 kostnaderna
607 770 33 21 för
655 770 158 27 dyrtidstillägg
829 771 21 20 åt
865 771 167 27 befattningsha-

239 808 49 13 vare
304 801 36 21 vid
356 801 26 20 de
397 800 34 21 till
446 800 285 28 jordbruksdepartementet
744 800 94 21 hörande
848 801 135 21 ämbetsverk
994 802 39 20 och

239 831 61 20 kårer
325 831 33 21 för
381 830 124 27 budgetåret
532 829 125 29 1928/1929
682 832 30 19 ett
737 832 60 19 extra
820 830 163 28 förslagsanslag
1008 838 26 14 av

241 861 62 21 1100
314 861 42 21 000
372 861 31 20 kr.

238 939 38 21 RD
292 938 115 27 medgiver,
425 940 31 19 att
471 938 69 21 under
555 937 59 22 tiden
632 937 11 21 1
660 938 41 27 juli
719 937 115 21 1928—30
853 938 49 27 juni
922 938 56 21 1929
998 940 35 20 må

238 969 34 21 till
288 968 225 21 distriktslantmätare
524 968 40 21 och
575 969 60 19 extra
651 967 126 21 lantmätare
793 968 50 20 med
859 968 83 26 arvode,
959 971 74 19 utöver

238 999 158 27 dyrtidstillägg
411 999 28 26 på
454 998 69 27 grund
539 1005 27 13 av
581 998 36 20 lön
634 998 51 20 eller
700 998 84 25 arvode,
801 1005 26 14 av
843 999 124 20 statsmedel
983 1000 50 25 utgå

238 1029 93 21 tillskott
347 1028 72 21 därtill
435 1029 27 26 på
477 1028 69 26 grund
563 1034 25 14 av
604 1028 118 21 inkomster
732 1028 33 20 för
776 1028 71 21 arbete
858 1028 66 27 enligt
935 1029 97 26 gällande

239 1058 179 24 lantmäteritaxa,
435 1057 122 21 beräknade
572 1058 33 20 för
621 1057 225 21 distriktslantmätare
862 1058 34 20 till
912 1058 13 20 4
935 1058 42 21 000
993 1059 39 25 kr.,

238 1089 33 20 för
290 1090 60 19 extra
368 1088 127 21 lantmätare
514 1087 51 21 med
584 1087 77 21 arvode
680 1094 33 14 om
735 1087 64 21 2000
818 1088 31 20 kr.
870 1088 33 20 till
920 1088 12 20 3
942 1088 42 21 200
1000 1089 32 20 kr.

239 1118 39 21 och
294 1119 33 20 för
343 1120 60 19 extra
418 1118 127 20 lantmätare
561 1117 50 20 med
626 1117 77 21 arvode
719 1124 36 14 om
773 1117 63 21 1500
853 1118 51 20 eller
922 1118 62 20 1000
1001 1119 31 20 kr.

239 1148 33 20 till
289 1148 13 20 2
311 1148 43 20 400
370 1148 39 24 kr.,
427 1147 38 21 allt
480 1147 33 21 för
528 1148 24 19 år
567 1147 85 24 räknat;
669 1147 40 21 och
725 1147 114 26 medgives,
856 1150 31 18 att
902 1148 33 20 för
951 1154 82 15 samma

240 1178 31 20 tid
290 1178 36 20 må
345 1178 33 20 till
397 1179 60 19 extra
480 1177 128 20 lantmätare
627 1179 52 18 utan
699 1177 77 20 arvode
795 1184 26 13 av
840 1178 124 20 statsmedel
983 1179 50 25 utgå

239 1208 92 20 tillskott
341 1207 34 21 till
385 1207 119 21 inkomster
514 1207 33 20 för
558 1207 71 20 arbete
640 1206 66 27 enligt
717 1207 187 20 lantmäteritaxan
913 1207 120 22 beräknade

239 1237 33 21 till
288 1237 13 21 2
311 1237 42 20 400
368 1237 30 21 kr.
411 1237 33 20 för
454 1238 31 23 år;
503 1237 39 20 och
558 1237 105 20 förklarar
677 1236 44 25 RD,
739 1239 31 18 att
786 1237 132 20 beträffande
934 1237 98 26 tillskott,

239 1274 46 14 som
301 1274 30 14 nu
347 1268 93 24 nämnts,
457 1267 26 20 de
499 1273 48 20 ang.
563 1266 158 27 dyrtidstillägg
736 1266 33 21 för
784 1267 149 21 motsvarande
949 1267 32 21 tid
992 1268 40 26 gäl-

238 1297 63 21 lande
318 1297 162 21 bestämmelser
495 1296 60 21 skola
570 1297 8 20 i
594 1296 129 26 tillämpliga
738 1296 59 21 delar
812 1296 65 21 lända
892 1297 33 20 till
940 1297 92 21 efterrät-

239 1327 58 25 telse,
314 1327 50 21 med
382 1328 43 20 rätt
442 1326 34 21 för
494 1327 61 20 KM:t
570 1328 32 19 att
617 1326 99 21 meddela
734 1326 26 20 de
779 1328 97 19 närmare
895 1327 137 25 föreskrifter,

239 1363 46 15 som
304 1357 75 20 kunna
396 1363 51 14 vara
465 1356 136 26 erforderliga
620 1356 33 20 för
669 1356 136 26 tillämpning
821 1363 26 14 av
863 1356 61 21 dessa
943 1357 89 20 bestäm-

239 1387 85 24 melser;
342 1387 39 21 och
397 1386 116 27 medgives,
530 1388 31 19 att
578 1386 58 20 KM:t
652 1387 35 19 må
703 1388 38 24 äga
757 1388 37 22 att,
812 1386 49 21 med
877 1386 155 27 tillämpning
1013 1382 23 35 i

239 1417 41 21 den
296 1417 50 20 mån
363 1418 24 19 så
402 1417 42 20 kan
460 1416 37 21 ske
513 1423 26 14 av
550 1416 26 20 de
587 1423 47 19 ang.
647 1416 158 26 dyrtidstillägg
820 1416 98 26 gällande
934 1416 97 27 grunder,

238 1447 33 20 för
286 1453 84 14 samma
385 1447 31 20 tid
432 1446 99 27 medgiva
546 1446 94 21 tillskott
655 1453 26 13 av
697 1446 123 20 statsmedel
840 1446 81 27 jämväl
937 1447 22 20 åt
974 1447 58 20 kom-

238 1477 228 20 missionslantmätare
490 1477 39 20 och
551 1476 45 21 vice
618 1476 286 25 kommissionslantmätare,
921 1483 46 14 som
983 1477 49 20 fort-

238 1507 88 20 farande
342 1509 65 19 utöva
422 1506 97 28 praktisk
535 1506 145 24 verksamhet;
697 1506 39 20 och
753 1506 84 20 anvisas
853 1506 33 20 för
901 1513 30 14 nu
941 1507 92 25 angivna

238 1536 101 21 ändamål
355 1538 70 19 såsom
441 1536 93 21 tillskott
549 1536 34 21 till
602 1535 157 28 dyrtidstillägg
777 1536 34 20 till
830 1536 57 20 vissa
906 1536 126 21 lantmätare

238 1567 33 20 för
286 1566 125 27 budgetåret
428 1565 126 29 1928/1929
566 1567 30 19 ett
611 1567 60 19 extra
684 1565 164 27 förslagsanslag
858 1572 26 14 av
895 1565 42 21 330
947 1566 41 21 000
1000 1566 31 21 kr.

182 1649 23 16 13
223 1644 37 21 RD
277 1644 99 24 besluter,
393 1644 31 20 att
440 1643 26 21 de
482 1643 33 21 för
531 1643 125 26 budgetåret
673 1641 125 29 1927/1928
814 1643 98 26 gällande
923 1643 110 21 allmänna

239 1673 91 27 grunder
352 1673 33 21 för
408 1673 158 27 dyrtidstillägg
584 1674 23 20 åt
625 1673 67 20 lärare
714 1673 36 21 vid
772 1673 198 21 lantmannaskolor
992 1674 40 20 och

238 1703 216 21 lanthushållsskolor
472 1704 56 19 samt
546 1703 184 21 lantbruksskolor
749 1703 59 20 skola
826 1703 57 26 gälla
900 1703 82 27 jämväl
1000 1704 33 20 för

238 1733 125 27 budgetåret
381 1731 135 27 1928/1929;
536 1733 40 20 och
595 1733 115 26 medgives,
731 1735 31 18 att
778 1733 61 20 KM:t
854 1734 35 19 må
904 1733 87 21 utfärda
1006 1733 26 21 de

238 1765 97 19 närmare
350 1763 138 24 föreskrifter,
500 1769 46 14 som
558 1763 33 20 för
601 1763 138 26 tillämpning
750 1769 26 14 av
786 1762 122 21 förberörda
923 1763 109 21 allmänna

237 1793 93 27 grunder
345 1793 33 20 för
393 1792 160 27 ifrågavarande
564 1792 157 27 dyrtidstillägg
732 1793 36 20 må
779 1793 96 20 befinnas
886 1792 145 27 erforderliga;

238 1824 40 20 och
302 1823 114 26 medgives,
436 1824 32 19 att
486 1823 22 20 åt
523 1822 232 27 lärarinnepersonalen
770 1822 37 21 vid
822 1822 102 21 Fredrika
939 1823 93 20 Bremer-

238 1853 126 21 förbundets
380 1852 336 26 lanthushållningsseminarium
733 1853 12 20 å
760 1852 108 21 Rimforsa
883 1853 36 20 må
934 1853 26 20 fr.
972 1859 18 14 o.
1003 1860 28 13 m.

238 1883 41 21 den
292 1883 10 20 1
314 1883 42 27 juli
371 1882 56 21 1928
443 1883 40 20 och
499 1882 118 21 tillsvidare
633 1882 68 21 under
717 1882 125 26 budgetåret
859 1881 125 29 1928/1929
1001 1886 31 18 ut-

237 1914 27 25 gå
282 1913 158 27 dyrtidstillägg
458 1913 8 20 i
484 1912 145 27 huvudsaklig
651 1912 212 21 överensstämmelse
883 1912 50 21 med
951 1912 26 21 de
996 1913 36 20 all-

237 1945 80 18 männa
332 1942 99 27 grunder,
448 1949 46 14 som
510 1943 33 20 för
558 1949 84 14 samma
652 1942 32 21 tid
694 1943 88 20 komma
793 1944 31 19 att
834 1942 56 27 gälla
901 1942 131 21 beträffande

238 1972 148 22 motsvarande
403 1972 97 27 personal
516 1972 37 21 vid
569 1972 211 25 lanthushållsskola,
797 1972 39 21 och
852 1972 88 27 jämlikt
950 1972 26 21 de
987 1974 45 19 när-

238 2010 58 14 mare
311 2002 139 26 föreskrifter,
466 2009 46 14 som
528 2003 62 20 KM:t
605 2003 43 20 kan
664 2003 32 20 för
712 2003 136 26 tillämpning
859 2009 26 14 av
896 2002 64 27 sagda
971 2009 60 20 grun-

237 2033 38 21 der
290 2033 59 20 finna
364 2032 146 27 erforderliga;
527 2033 40 20 och
583 2033 84 20 anvisas
682 2033 33 20 för
730 2039 30 14 nu
776 2033 92 25 angivna
883 2032 101 21 ändamål
1000 2033 32 20 för

1048 471 56 21 1928

238 2063 125 26 budgetåret
381 2061 124 29 1928/1929
521 2064 31 19 ett
568 2064 59 19 extra
643 2062 164 27 förslagsanslag
817 2069 27 14 av
861 2062 40 21 125
912 2062 42 21 000
970 2062 30 21 kr.

1116 609 48 12 mens.

1124 628 32 17 frå-

1122 657 39 17 gor:

1112 676 37 17 avd.
1160 678 9 15 5

1121 940 40 20 1:9

1112 983 17 17 p.
1132 975 37 25 124

1181 468 92 40 120210
1288 472 24 21 10

1179 502 94 35 121256

1285 940 37 51 JE
1391 939 25 21 79

1361 1530 2 51 |

1362 1592 1 37 |

1286 1633 129 35 101-581

1363 1679 1 33 |

1363 1731 1 29 |

1363 1906 1 19 I

1478 472 52 21 332

1479 755 1 11 I)

1479 769 1 11 lj

1479 785 1 12 I

1479 808 1 10 I

1479 825 1 22 |

1479 864 1 30 |

1479 916 1 24 |

1479 939 52 25 1334

1479 966 1 23 I

1479 1074 1 26 |

1596 472 69 21 37:99
1666 468 22 34 |
1697 472 33 20 40:
1742 476 22 16 81

1597 1643 33 21 38:
1642 1647 24 16 57
1669 1638 22 34 |
1698 1642 33 20 41:
1743 1647 23 15 92
