1823 2355
5 1282 8 460 mV
0 1271 19 34 —
5 1192 3 39 —

756 150 223 17 SAKREGISTER

79 439 108 20 Danaarv.

120 469 92 26 Risberg
218 469 48 20 från
272 469 77 20 Västra
355 469 99 21 Rölanda
462 469 6 20 i
473 469 129 21 Frändefors
609 471 78 19 socken
696 470 32 20 till
735 471 84 20 förmån
829 471 32 20 för
866 471 54 20 hans

119 499 148 20 efterlevande
278 499 64 23 änka;
354 499 56 20 efter
421 499 112 20 snickaren
542 500 26 20 A.
578 500 23 20 F.
612 500 93 20 Jansson
714 500 48 20 från
771 500 113 27 Toltorpet
893 501 26 26 på

120 529 126 26 Ubbetorps
257 530 52 25 ägor
319 529 6 20 i
336 529 94 26 Tjällmo
439 529 77 20 socken
526 529 33 20 till
567 529 85 21 förmån
661 530 34 20 för
702 530 147 21 hembiträdet
857 530 63 21 Anna

120 558 57 21 Sofia
198 558 101 24 Jansson;
319 560 59 19 samt
396 559 55 20 efter
467 559 192 26 hemmansägaren
675 560 20 19 J.
712 560 26 20 A.
754 560 103 20 Eriksson
872 560 47 20 från

120 587 53 21 Lilla
190 588 58 20 Nora
264 587 5 20 i
285 587 161 21 Ytterenhörna
463 588 78 20 socken
556 588 33 20 till
604 589 84 20 förmån
705 589 33 20 för
753 589 53 20 hans
821 590 63 20 änka.

104 641 44 20 RD
165 641 111 26 medgiver
291 642 183 20 efterskänkande
491 648 28 14 av
532 642 98 20 danaarv
644 643 54 20 efter
712 644 24 19 G.
750 643 25 20 E.
787 643 132 24 Pettersson,

118 671 62 20 Anna
198 671 102 22 Jönsson,
319 672 62 19 Anna
399 672 76 20 Olsson
493 672 40 20 och
549 672 24 20 F.
590 672 25 20 A.
634 672 98 21 Ohlsson.

106 730 76 21 Beslut
193 737 35 13 om
240 731 182 20 efterskänkande
434 737 28 14 av
474 731 96 20 danaarv
586 732 55 20 efter
656 732 85 20 Annika
759 732 99 21 Hansson
872 733 47 20 från

121 760 140 26 Sundstabyn
278 761 5 19 i
300 761 128 26 Blomskogs
444 761 85 20 socken.

107 820 42 20 RD
164 820 117 26 medgiver,
298 822 35 18 att
347 821 95 19 kronans
457 822 45 19 rätt
517 821 33 19 till
566 821 96 20 danaarv
677 822 56 19 efter
749 822 23 19 E.
789 822 20 19 J.
826 822 93 20 Jonsson

120 850 46 19 från
185 846 81 24 Örebro
283 850 35 20 må
335 850 157 20 efterskänkas.

107 909 41 20 RD
161 909 118 26 medgiver,
291 911 36 18 att
338 915 25 14 en
376 909 113 26 sjundedel
502 916 27 14 av
542 910 38 20 det
592 911 82 19 kronan
687 911 99 20 tillfallna
800 911 120 21 danaarvet

119 938 55 21 efter
188 938 87 21 Annika
291 939 101 20 Hansson
406 939 48 20 från
471 939 140 26 Sundstabyn
627 940 6 20 i
648 940 128 27 Blomskogs
791 941 78 20 socken
884 942 35 19 må

119 968 152 20 efterskänkas
285 968 33 21 till
332 969 159 26 stenhuggaren
506 969 26 20 A.
548 969 37 26 Hj.
601 970 101 23 Jansson,
717 971 35 19 att
765 971 95 20 kronans
874 972 46 19 rätt

120 998 32 20 till
165 998 97 20 danaarv
274 998 55 20 efter
341 999 71 19 änkan
425 999 63 20 Anna
501 999 61 20 Stina
575 999 41 20 Löf
627 1000 47 19 från
687 1000 125 20 Hulteboda
825 1000 5 20 i
843 1000 76 20 Freds-

120 1028 63 26 bergs
200 1028 78 20 socken
297 1028 34 20 må
349 1028 75 20 avstås
441 1028 34 20 till
492 1028 84 21 förmån
594 1029 34 20 för
645 1029 79 20 Hanna
742 1029 68 21 Maria
828 1030 90 20 Persson

120 1059 58 19 samt
190 1059 35 19 att
236 1058 95 20 kronans
344 1059 45 19 rätt
401 1058 33 20 till
447 1058 97 20 danaarv
557 1058 55 21 efter
624 1059 72 20 änkan
709 1059 67 20 Maria
789 1060 129 20 Vilhelmina

120 1087 123 21 Andersson
258 1087 47 20 från
321 1087 110 27 Segeltorp
446 1088 6 19 i
467 1088 116 26 Huddinge
598 1089 77 20 socken
690 1089 35 20 må
740 1090 80 19 avstås.

107 1141 42 20 RD
165 1141 111 26 medgiver
292 1141 119 20 avstående
427 1147 28 14 av
470 1142 109 20 allmänna
595 1143 131 20 arvsfonden
743 1143 97 20 tillfallen
855 1144 64 20 kvar-

120 1171 114 26 låtenskap
250 1171 55 20 efter
322 1171 24 20 O.
364 1171 91 20 Ohlsson
473 1172 40 20 och
530 1171 74 21 Hulda
620 1172 20 20 J.
657 1172 119 27 Tengberg.

106 1224 43 20 RD
165 1224 118 26 medgiver,
300 1226 35 19 att
351 1225 94 20 kronans
462 1227 45 18 rätt
523 1225 33 20 till
572 1226 97 20 danaarv
685 1226 55 20 efter
756 1227 47 20 Ada
821 1227 98 21 Kristina

119 1254 93 20 Larsson
223 1254 48 21 från
283 1254 109 27 Mortorps
403 1255 78 20 socken
493 1256 35 19 må
540 1255 150 21 efterskänkas
701 1256 33 20 till
745 1256 84 21 förmån
841 1257 34 20 för
883 1259 37 18 än-

119 1284 43 20 kan
174 1284 63 26 Signe
252 1284 105 26 Ingeborg
367 1284 68 20 Maria
446 1284 147 24 Fredriksson,
603 1285 53 20 född
664 1286 136 23 Gustafsson,
808 1286 5 20 i
822 1287 97 20 Kalmar.

107 1337 41 20 RD
161 1337 118 26 medgiver,
292 1339 35 19 att
338 1344 26 13 en
377 1338 113 26 sjundedel
502 1345 28 13 av
542 1339 38 20 det
591 1339 83 20 kronan
687 1339 99 21 tillfallna
800 1340 120 21 danaarvet

119 1367 56 20 efter
188 1367 87 20 Annika
291 1367 109 24 Hansson,
414 1368 52 20 född
481 1368 220 24 Christoffersdotter,
716 1369 47 20 från
779 1370 140 26 Sundstabyn

119 1396 6 20 i
136 1396 130 27 Blomskogs
276 1397 79 20 socken
366 1398 36 20 må
412 1397 153 21 efterskänkas
575 1398 32 20 till
619 1399 84 20 förmån
715 1399 33 20 för
759 1399 65 21 Hilda
835 1400 84 20 Amalia

121 1426 97 24 Dunker,
234 1426 53 20 född
303 1426 101 21 Jansson.

106 1480 42 20 RD
165 1480 111 26 medgiver
292 1480 182 21 efterskänkande
491 1487 28 14 av
535 1482 94 20 kronans
645 1484 46 18 rätt
707 1482 32 20 till
755 1483 96 20 danaarv
865 1484 56 20 efter

120 1510 64 19 Anna
200 1509 49 21 Chr.
267 1510 101 20 Hansson
385 1511 39 19 och
441 1511 85 25 Bengta
545 1512 106 20 Isaksson.

149 1546 21 16 Se
184 1546 34 16 och
231 1546 124 17 Arvsfonden.

79 1597 210 27 DANCKWARDT,
304 1599 21 20 J.
339 1600 25 20 E.
379 1600 29 20 M.

106 1628 42 20 RD
165 1628 118 27 medgiver,
300 1630 35 19 att
351 1629 45 20 ord.
413 1630 82 20 läraren
513 1630 5 19 i
534 1631 126 25 gymnastik
677 1631 36 20 vid
730 1632 64 26 högre
810 1632 109 21 allmänna

120 1658 123 21 läroverket
256 1659 12 20 å
282 1655 131 24 Östermalm
426 1659 6 20 i
446 1660 133 23 Stockholm,
592 1661 110 26 kaptenen
715 1661 21 20 J.
751 1662 24 19 E.
789 1661 28 20 M.
833 1662 87 21 Danck-

119 1688 71 20 wardt
206 1689 35 20 må
258 1688 34 21 för
308 1690 45 19 rätt
369 1689 33 20 till
419 1689 152 27 ålderstillägg,
589 1691 79 20 räknat
684 1691 25 20 fr.
720 1697 18 14 o.
749 1697 28 14 m:
795 1691 40 20 den
854 1692 8 19 1
880 1692 39 26 juli

122 1718 59 23 1935,
195 1718 160 27 tillgodoräkna
368 1719 48 20 elva
429 1720 24 19 år
465 1725 28 15 av
506 1720 41 20 den
560 1720 40 23 tid,
614 1721 109 20 varunder
736 1721 41 20 han
791 1721 129 27 tjänstgjort

120 1748 71 20 såsom
207 1748 68 20 lärare
291 1748 36 20 vid
343 1749 150 26 gymnastiska
510 1750 201 20 centralinstitutet.

80 1807 127 25 DANIELS,
223 1807 73 21 Hilma
312 1808 107 20 Christina
435 1809 101 24 Gustava,
552 1811 61 18 extra
631 1809 84 21 biträde
732 1810 38 20 hos
786 1810 135 22 lantmäteri-

106 1837 113 25 styrelsen;
234 1843 22 14 se
269 1838 116 20 Pensioner
398 1838 79 26 (1933).

81 1896 179 25 DANIELSSON,
283 1897 78 20 Emilia
383 1897 116 25 Charlotta,
521 1898 45 20 f.d.
589 1899 112 20 städerska
725 1899 36 20 vid
784 1900 136 20 Stockholms

107 1925 164 27 örlogsstations
287 1927 77 23 kansli;
381 1933 21 14 se
417 1927 115 21 Pensioner
547 1928 79 25 (1935).

80 1985 180 25 DANIELSSON,
274 1986 22 19 F.
307 1986 25 20 A.
342 1987 29 24 L.,
385 1987 13 19 f.
410 1987 20 19 d.
440 1987 114 26 daglönare
565 1987 35 20 vid
610 1988 90 20 flottans
709 1989 67 19 varv
764 1981 23 36 i
787 1989 133 20 Karlskrona

104 2014 82 27 (1931).

107 2044 82 26 Avslag
204 2045 11 19 å
232 2045 82 20 motion
332 2052 34 13 om
382 2046 88 26 pension
487 2047 23 19 åt
526 2047 86 20 honom.

60 2099 28 15 38.
103 2098 115 21 Sakregister.
235 2100 13 15 I.

1628 151 40 21 297

1205 224 107 31 Utskotts-
1371 224 68 31 Riks-
1620 253 2 2 :

1001 253 55 18 Kungl.
1110 276 3 3 ;
1203 250 118 33 utlåtanden,
1377 250 69 33 dagens
1505 247 74 34 Förra

1004 283 52 18 Maj:ts|
1069 275 91 17 Motioner
1186 288 96 16 minmorial
1296 288 43 17 eller
1387 288 38 16 Her
1496 277 140 21 förhandlingar

949 307 25 20 År
1003 317 50 14 Iprop:r
1197 314 131 30 betänkanden
1372 314 68 30 velser
1521 307 87 20 (prot.nr)

1011 343 36 14 eller
1369 354 28 3 =
1521 355 40 2 Kölkakaind

1002 373 102 26 FERNVIRR
1121 383 35 17 AR
1178 371 16 51 i
1220 378 16 43 Z
1259 385 90 15 Nummer
1348 376 9 34 |
1367 385 90 16 Nummer
1479 373 70 41 Eda
1580 374 70 40 ag

1565 439 1 11 I

935 472 56 20 1932
1565 451 1 50 |

1565 528 1 32 |

936 644 55 21 19331
1010 645 38 20 147
1054 640 18 35 |
1078 657 27 3 —I|
1131 658 27 2 —1|
1185 646 62 19 6|—]
1269 647 26 20 94
1392 648 38 20 153
1443 643 30 34 |
1480 648 67 19 38:63
1565 647 37 25 141:
1609 643 28 34 83

1565 676 1 14 I

938 733 53 21 19341
1010 735 37 20 197
1053 729 19 36 |
1076 747 28 2 —|
1130 747 28 2 —1
1185 736 12 19 6
1199 729 19 36 |
1229 736 66 20 1159
1395 737 38 20 197
1444 732 30 34 |
1480 736 68 20 23:48
1569 737 33 20 124:
1614 739 24 17 60

1222 771 28 49 al

938 823 53 20 1935]
1009 824 38 20 189
1051 819 18 36 |
1076 836 28 3 —
1105 819 14 36 |
1131 837 22 1 —1
1185 825 66 26 61|—)
1269 825 26 20 73
1395 826 38 20 182
1442 822 30 34 |
1479 826 68 20 24:81
1569 826 33 20 126:
1615 829 37 16 104

1208 854 2 11 I

1208 874 2 31 |

938 912 53 20 19361
1009 914 39 20 172]
1077 926 27 2 —
1102 908 15 36 |
1142 926 11 2 —1I
1185 914 12 20 6
1204 908 18 36 |
1221 915 74 19 —I112
1392 916 38 19 261
1439 911 34 34 |
1479 915 69 20 34:64
1569 915 33 20 134:
1614 918 24 17 94

1250 991 1 11 I

1250 1017 1 15 I

935 1144 56 21 19371
1008 1145 40 21 240
1053 1140 23 35 |
1078 1158 27 3 —I
1132 1159 27 2 —I
1185 1147 12 19 6
1202 1140 18 35 |
1220 1158 27 3 —]
1268 1148 27 20 96
1389 1148 38 20 211
1478 1147 34 20 26:
1523 1150 24 17 26
1570 1148 32 20 125:
1613 1150 24 17 38
1649 1147 13 20 d

1564 1211 2 13 I

939 1228 52 20 1938]
1009 1229 38 20 184
1050 1224 19 35 |
1076 1242 28 1 —
1103 1224 14 35 |
1130 1242 28 2 —1I
1185 1230 12 20 6
1201 1224 19 35 |
1220 1231 74 20 —I103
1392 1231 41 20 218
1445 1227 26 34 |
1479 1231 69 20 28:32
1569 1231 33 20 128:
1614 1233 23 18 73

1208 1282 2 20 |
1565 1304 1 16 I

938 1341 53 20 1939]
1009 1343 39 20 162]
1077 1355 27 2 —
1105 1337 23 36 |
1131 1355 26 2 —1|
1185 1343 12 20 6
1220 1344 74 20 |—I133
1392 1344 41 20 225
1447 1340 26 34 1
1479 1344 69 20 27:42
1570 1345 32 20 127:
1614 1347 24 17 67

1213 1388 1 10 >
1250 1397 1 7 het
1565 1381 1 3 |

938 1483 53 21 1940]
1008 1485 40 20 227
1054 1479 15 37 |
1077 1498 27 1 —
1105 1479 24 37 |
1131 1497 27 3 —]
1185 1486 12 20 6
1220 1487 75 19 |—1167
1393 1487 40 20 286
1448 1483 26 34 |
1479 1487 55 20 31:
1518 1483 14 34 7
1569 1487 34 20 134:
1614 1489 24 18 28

1565 1546 1 30 |

938 1633 53 20 1938]
1007 1634 41 20 240
1053 1629 14 36 |
1077 1646 27 2 —
1105 1629 18 36 |
1131 1647 27 2 —1|
1185 1635 12 20 6
1220 1635 75 20 |—1102
1393 1636 40 20 217
1446 1632 26 34 |
1479 1636 69 21 28:32
1569 1637 34 20 128:
1615 1639 23 17 73

1208 1678 2 12 I

1250 1732 1 18 I

1250 1772 2 13 I

1250 1847 2 13 |
1565 1854 1 18 |

1113 1891 1 18 |
1250 1880 2 32 |

1113 1921 1 24 I
1250 1931 2 4 I

1113 2020 2 23 |
1251 2006 1 9 |

939 2049 53 21 1935]
1015 2062 28 2 —
1047 2040 29 44 |
1077 2044 84 33 —|121]
1185 2044 67 34 8|—]
1268 2051 27 20 45
1309 2053 45 18 s.27|
1403 2064 28 2 —
1441 2040 72 44 128:
1525 2047 114 33 116[31:
1608 2040 31 44 20
