1850 2363
166 154 42 20 180
898 159 136 15 SAKREGISTER

188 437 166 28 Avsöndringar
369 444 27 14 m.
414 444 25 14 m.

231 468 196 27 kronoegendomar
448 468 40 20 och
512 468 50 20 med
584 467 150 21 hembudsrätt
756 467 32 20 för
804 467 24 20 A.
846 467 51 26 Asp,
913 468 56 19 samt
985 466 41 21 den

231 498 50 21 med
305 498 119 27 ägofiguren
448 505 26 13 nr
490 498 12 20 2
519 497 130 21 betecknade
670 497 67 21 lotten
754 504 35 13 om
806 497 78 20 0.1480
902 496 75 21 hektar
992 496 34 21 till

232 528 129 27 Oppmanna
376 529 105 20 kommun
498 530 46 18 mot
559 534 26 14 en
601 527 144 27 köpeskilling
761 534 26 14 av
803 527 42 20 450
861 527 31 20 kr.

173 600 25 15 25
216 595 38 19 RD
278 594 108 26 medgiver
409 594 128 26 försäljning
560 600 26 14 av
605 593 26 20 de
647 593 34 20 till
696 592 188 21 klockarbostället
900 591 27 29 1/5
944 593 82 20 mantal

231 624 67 21 krono
315 621 140 30 Örkelljunga
470 631 26 13 nr
511 624 14 20 4
540 624 8 19 i
564 620 140 30 Örkelljunga
720 623 77 20 socken
811 622 94 21 hörande
916 622 108 25 områden,

232 654 58 21 vilka
306 656 35 19 äro
357 654 90 25 belägna
462 654 60 20 inom
538 655 113 24 gränserna
667 654 32 19 för
715 653 41 20 den
773 660 26 13 av
814 652 61 21 KM:t
891 653 41 20 den
948 652 13 20 8
977 653 48 26 juni

233 684 56 20 1923
305 683 123 22 fastställda
442 683 137 27 stadsplanen
596 684 33 20 för
644 680 140 29 Örkelljunga
794 683 230 26 municipalsamhälle,

232 714 49 21 med
305 714 110 26 undantag
438 720 26 14 av
487 714 67 26 enligt
576 713 138 26 stadsplanen
737 713 34 20 till
790 715 65 23 gator,
872 715 46 24 torg
933 713 40 20 och
989 713 36 20 all-

232 746 79 18 männa
334 744 80 27 platser
436 743 80 21 avsedd
540 743 61 20 mark
624 745 56 18 samt
703 750 26 13 av
748 742 110 21 boställets
873 743 98 20 hustomt
986 743 39 20 och

232 774 99 25 trädgård
354 774 34 20 till
404 774 41 20 den
461 773 41 25 del,
519 773 42 20 den
577 773 46 21 icke
639 773 113 26 medtagits
768 773 7 19 i
791 772 41 21 den
848 773 8 19 i
871 772 87 21 ärendet
973 773 52 20 före-

232 804 64 20 tedda
311 803 222 27 värderingslängden,
549 805 101 19 ävensom
666 803 26 20 de
709 802 99 21 bostället
818 802 135 24 tillhörande,
964 807 60 16 utom

231 834 138 26 stadsplanen
395 834 96 25 belägna,
508 834 12 20 å
536 833 199 27 stadsplanekartan
757 834 110 25 upptagna
890 832 87 20 delarna
1000 840 26 13 av

232 864 145 26 ägofigurerna
393 863 20 26 3,
430 863 13 21 8
459 864 40 19 och
516 863 27 20 30
560 863 7 20 i
583 863 105 20 kvarteret
704 863 18 24 I,
740 862 26 21 31
783 863 8 19 i
806 862 107 21 kvarteret
928 862 31 21 VI
970 864 56 19 samt

232 894 27 20 32
283 894 40 20 och
347 894 28 20 33
391 894 7 19 i
414 893 107 21 kvarteret
539 893 49 26 VII,
605 893 51 20 eller
672 893 91 26 tillhopa
782 892 24 20 12
823 892 76 20 hektar
915 892 27 20 85
958 899 23 13 ar
997 892 27 21 35

231 923 163 21 kvadratmeter.

174 989 24 15 26
217 984 38 20 RD
271 983 115 26 medgiver,
403 985 32 19 att
450 983 65 20 sedan
532 982 199 27 kronoegendomen
749 981 26 28 ”7/s
793 982 81 20 mantal
891 982 69 27 Boarp
976 983 49 19 nr
1002 977 19 37 4

231 1014 7 20 i
255 1010 62 30 Össjö
341 1013 77 21 socken
442 1013 63 21 blivit
522 1013 8 20 i
549 1012 144 27 huvudsaklig
715 1012 211 21 överensstämmelse
950 1012 50 21 med
1018 1013 7 19 i

231 1043 232 26 statsrådsprotokollet
485 1043 125 20 omförmält
628 1042 204 26 styckningsförslag
847 1042 109 26 uppdelad
971 1043 7 20 i
994 1045 31 18 tre

232 1073 69 24 lotter,
318 1073 26 20 de
360 1073 50 20 med
425 1073 41 20 litt.
484 1073 17 19 B
517 1072 39 21 och
573 1072 15 20 C
605 1072 131 20 betecknade
755 1072 35 20 må
805 1078 38 14 var
857 1072 34 20 för
906 1072 32 26 sig
953 1072 50 20 med
1018 1073 7 19 i

231 1110 85 14 samma
331 1103 107 26 protokoll
454 1102 142 20 omförmälda
611 1102 103 20 områden
729 1102 40 20 och
785 1101 34 21 till
834 1102 8 19 i
852 1101 129 27 protokollet
991 1109 34 13 an-

232 1133 63 26 givna
317 1132 101 27 förhöjda
433 1132 126 21 saluvärden
576 1132 104 26 försäljas,
697 1131 50 21 med
762 1131 123 27 skyldighet
899 1132 33 20 för
948 1132 78 26 köpare

232 1170 26 13 av
280 1163 67 20 lotten
366 1162 40 20 litt.
424 1162 16 20 C
455 1164 32 18 att
504 1162 125 25 tillsvidare,
645 1161 58 21 intill
718 1161 48 21 dess
782 1161 41 20 den
838 1162 8 19 i
861 1161 164 27 styckningsför-

232 1193 67 25 slaget
314 1192 144 20 omförmälda
473 1191 68 21 under
557 1192 40 20 litt.
615 1191 14 20 d
644 1191 130 21 betecknade
788 1197 161 20 gemensamma
958 1193 68 24 vägen

232 1222 80 21 hunnit
327 1222 106 26 anläggas,
449 1222 34 19 för
498 1221 63 21 trafik
577 1221 89 26 upplåta
682 1221 41 20 den
739 1223 49 18 över
803 1221 68 20 lotten
887 1221 97 25 ledande,
996 1222 29 20 så-

232 1259 45 13 som
294 1252 94 26 ägofigur
404 1259 25 12 nr
445 1251 42 20 222
503 1252 13 19 å
531 1251 75 20 kartan
622 1253 109 24 upptagna
747 1252 73 24 vägen.

176 1316 24 16 27
218 1312 37 20 RD
271 1311 114 26 medgiver,
402 1312 32 19 att
448 1311 48 20 från
512 1310 199 26 kronoegendomen
728 1308 27 29 ?/g
772 1310 81 21 mantal
868 1310 83 21 Gualöv
962 1317 25 13 nr
998 1311 27 19 22

233 1342 7 19 i
256 1341 94 21 Gualövs
366 1341 77 20 socken
459 1342 36 19 må
511 1340 98 27 försäljas
625 1340 45 20 dels
686 1340 91 20 lotterna
793 1340 40 20 litt.
850 1340 24 21 B,
892 1340 60 25 C,D,
963 1340 25 26 E,
1000 1340 25 25 G,

233 1371 28 25 H,
278 1371 11 20 I
304 1371 40 20 och
360 1371 21 20 K
397 1378 37 13 var
448 1370 34 21 för
497 1371 32 25 sig
544 1370 50 21 med
589 1366 15 35 i
623 1370 231 26 statsrådsprotokollet
868 1370 90 26 angiven
970 1370 56 20 areal

233 1401 46 21 dels
303 1401 40 20 ock
365 1401 67 20 lotten
452 1401 40 20 litt.
509 1401 17 19 F
542 1400 33 20 till
591 1400 209 26 goodtemplarlogen
816 1400 65 20 Oscar
896 1400 41 20 II:s
953 1401 73 19 minne

234 1434 46 18 mot
295 1438 27 13 en
337 1430 143 27 köpeskilling
496 1437 26 13 av
539 1430 42 20 340
598 1430 29 24 kr,
644 1430 68 20 under
727 1430 56 20 vissa
799 1430 91 26 angivna
906 1430 83 20 villkor.

176 1496 25 15 28
219 1491 38 20 RD
280 1491 114 26 medgiver,
418 1492 31 18 att
465 1490 7 20 i
488 1489 231 27 statsrådsprotokollet
735 1489 124 21 omförmält
874 1489 92 25 område,
983 1496 43 14 om-

233 1521 97 20 fattande
346 1520 166 26 avdelningarna
528 1526 25 13 nr
570 1519 49 26 193,
638 1519 47 25 194,
704 1519 48 22 195,
772 1519 47 25 196,
837 1519 49 25 206,
899 1519 49 25 207,
961 1519 42 20 208
1015 1520 12 20 å

233 1551 66 20 förste
317 1551 142 20 lantmätaren
479 1550 89 20 Mebius'
586 1550 7 19 i
609 1549 88 21 ärendet
711 1549 111 21 företedda
837 1549 67 24 karta,
921 1550 36 20 må
971 1550 55 20 från-

234 1581 75 27 skiljas
318 1580 185 26 stamfastigheten
512 1579 27 28 ?/,
554 1579 82 21 mantal
648 1580 98 26 Farstorp
757 1586 25 13 nr
792 1579 9 20 1
803 1575 10 37 i
828 1579 113 26 Riseberga
949 1580 78 20 socken

234 1611 39 20 och
297 1610 50 21 med
369 1610 148 21 tillträdesrätt
540 1609 41 21 den
601 1609 27 20 14
645 1616 56 13 mars
722 1609 54 20 1927
794 1609 98 27 försäljas
909 1609 33 20 till
958 1609 68 26 lägen-

235 1641 74 20 hetens
332 1640 124 21 nuvarande
480 1639 122 21 arrendator
625 1639 27 20 K.
669 1639 111 27 Sjöstrand
803 1639 33 20 för
847 1646 26 13 en
884 1639 144 27 köpeskilling

235 1677 26 13 av
277 1670 42 21 400
336 1670 30 20 kr.

177 1735 25 15 29
219 1730 38 20 RD
273 1729 114 27 medgiver,
404 1731 32 19 att
451 1729 65 21 sedan
532 1729 125 20 hemmanet
673 1727 27 28 !/,
717 1728 81 21 mantal
814 1728 112 27 Fjälkinge
942 1736 25 13 nr
982 1729 45 20 35
1007 1723 20 37 i

236 1759 110 27 Fjälkinge
370 1760 77 20 socken
472 1759 62 20 blivit
552 1759 8 19 i
578 1758 145 26 huvudsaklig
744 1758 212 21 överensstämmelse
978 1759 49 20 med

235 1790 7 19 i
258 1789 233 26 statsrådsprotokollet
499 1788 135 24 omförmäld,
644 1795 26 13 av
678 1788 240 20 distriktslantmätaren
926 1789 18 20 J.
955 1788 73 20 Woldt

235 1819 107 27 uppgjord
364 1818 176 27 styckningsplan
562 1818 92 20 fördelat
669 1818 7 20 i
693 1818 26 19 21
737 1818 49 20 med
802 1818 41 20 litt.
860 1818 70 20 A—V
946 1818 81 20 beteck-

235 1849 55 20 nade
306 1849 69 23 lotter,
391 1849 91 20 lotterna
498 1848 67 20 B—V
581 1848 36 20 må
633 1855 37 13 var
684 1848 34 19 för
728 1848 32 25 sig
771 1848 100 26 försäljas
881 1848 50 20 med
942 1850 42 18 rätt
994 1848 33 20 till

234 1879 95 20 hembud
344 1879 13 20 å
372 1879 67 20 lotten
462 1878 41 20 litt.
520 1878 17 20 B
553 1878 32 20 för
600 1878 23 19 T.
640 1877 132 25 Nordström,
788 1878 12 19 å
816 1877 66 21 lotten
906 1878 40 20 litt.
964 1879 16 19 C
996 1878 32 20 för

235 1909 52 20 Elsa
302 1908 75 27 Skarp,
393 1909 13 19 å
421 1908 67 20 lotten
503 1908 41 20 litt.
561 1908 19 19 D
595 1908 34 19 för
643 1907 25 20 N.
686 1907 98 25 Jönsson,
801 1908 12 19 å
828 1907 67 20 lotten
911 1908 41 20 litt.
967 1908 17 20 E
995 1908 33 20 för

236 1939 20 20 S.
272 1938 115 26 Dahlberg,
403 1939 13 19 å
431 1938 67 20 lotten
521 1938 40 20 litt.
578 1937 17 20 F
611 1938 33 19 för
657 1937 22 21 P.
691 1937 110 26 Karlsson,
812 1937 12 20 å
835 1937 67 21 lotten
913 1937 41 21 litt.
966 1938 19 20 G
995 1938 34 20 för

235 1968 71 21 Olivia
320 1968 93 24 Nilsson,
430 1969 13 19 å
457 1968 68 20 lotten
540 1967 40 20 litt.
596 1967 22 20 H
633 1967 33 20 för
681 1967 24 20 O.
722 1967 86 21 Nilsson
825 1968 39 19 och
878 1968 67 20 lotten
956 1967 40 21 litt.
1010 1968 18 19 V

234 1998 34 21 för
283 1998 28 20 H.
328 1998 128 21 Håkansson
472 1998 40 20 och
528 1997 50 20 med
593 1997 122 26 skyldighet
730 1997 33 20 för
773 1997 78 26 köpare
865 2004 26 13 av
902 1997 90 21 lotterna
1005 1998 22 24 P,

236 2028 19 24 Q
270 2028 40 20 och
325 2028 19 20 R
359 2030 32 18 att
406 2029 52 19 utan
474 2028 117 24 ersättning
607 2027 42 20 tåla
665 2027 36 20 det
711 2027 90 26 intrång,
814 2034 45 13 som
871 2027 120 21 förorsakas
1002 2034 26 14 av

234 2058 41 21 den
292 2060 50 19 över
357 2058 91 20 lotterna
463 2057 80 27 dragna
558 2057 114 20 elektriska
688 2056 114 27 ledningen

1138 221 17 18 2
1497 229 54 17 Riks-

1114 239 36 17 oc

1061 251 17 26 3
1114 250 31 40 208
1214 276 4 3 $
1323 242 102 42 Utskotts-
1487 251 73 33 dagens
1618 259 118 17 Kamrarnas

1061 282 17 11 a
1138 281 17 11 =
1160 272 12 32 |
1172 276 95 17 Motioner
1319 272 112 32 utlåtanden
1513 289 36 16 MES
1602 289 147 17 förbandlinsar

1061 298 12 9 Pill
1295 305 48 18 eller
1355 306 100 18 memorial
1502 294 40 11 230
1611 291 134 20 orsnpen

1061 311 17 28 >
1115 317 41 25 He.
1486 313 71 30 velser

1056 340 98 27 Eee

1061 372 17 11 &
1115 364 35 27 Jag
1288 366 59 24 gir
1447 364 7 34 on
1545 374 17 18 2|
1591 372 68 18 Första
1666 366 22 34 |
1694 373 65 17 Andra

1061 387 12 9 3
1114 382 36 40 38
1176 383 88 17 ERA
1288 391 17 32 2
1329 390 18 30 å
1384 383 17 28 =
1443 394 18 25 &
1497 384 17 27 5
1545 395 17 24 &|
1588 397 71 17 kamm.
1674 360 2 43 |
1691 397 70 17 kamm.

1040 468 56 20 1926

1064 602 8 10 »
1089 589 22 34 I
1120 593 27 21 50
1280 593 25 21 10
1386 595 26 20 18
1486 590 41 35 1383
1594 595 32 20 15:
1637 599 25 16 20
1664 591 18 34 |
1695 595 33 20 15:
1739 600 24 16 59

1064 991 8 9 »
1113 983 40 21 1135
1280 982 26 21 10
1385 984 27 20 251
1459 984 103 20 tl181):8]);
1593 983 33 20 21:
1635 984 93 20 88-21:
1741 989 24 15 23

1116 1018 34 23 p.7

1034 1128 2 20 I

1064 1319 8 9 »
1114 1311 41 20 1102
1280 1310 26 21 10
1386 1311 27 20 381
1447 1311 115 20 10l|176/11]
1594 1312 69 20 27:48
1666 1307 18 35 |
1696 1311 33 21 27:
1741 1316 25 16 38

1118 1346 33 22 p.6

1065 1498 8 10 >»
1116 1490 40 20 1102
1274 1489 33 32 10
1385 1490 28 20 38
1413 1486 14 35 |
1446 1490 117 21 11l176)12]
1594 1491 69 20 27:48
1665 1486 18 35 |
1696 1491 69 20 27:33

1118 1526 33 21 p.7

1066 1737 8 10 »
1116 1729 40 20 1102
1281 1728 26 21 10
1387 1728 27 21 38
1415 1724 15 37 |
1448 1728 116 22 11)176112]
1595 1730 69 20 27:48
1667 1724 19 37 |
1697 1729 69 21 27:38

1119 1764 34 22 p.8
