1829 2354
761 152 223 17 SAKREGISTER

1633 150 40 19 845

80 445 287 26 Kommunalförfattningar.

84 478 8 16 1
110 475 41 20 RD
164 475 62 26 gillar
238 476 38 19 det
288 482 28 13 av
329 475 64 20 KM:t
406 475 41 20 den
460 475 12 20 6
485 476 55 25 sept.
556 475 52 20 1939
621 475 127 20 meddelade
761 474 163 23 förordnandet,

122 506 35 19 att
169 505 44 20 vad
226 505 7 20 i
246 505 54 20 2—7
313 506 20 24 $$
346 505 62 26 lagen
422 505 41 20 den
478 505 25 20 15
515 505 48 26 juni
577 505 53 20 1939
643 505 35 25 (nr
690 504 49 26 254)
753 510 34 14 om
801 504 124 26 skyldighet

122 535 33 20 för
169 535 105 20 kommun
289 536 35 19 att
337 535 91 26 fullgöra
442 535 58 20 vissa
514 541 28 14 av
555 535 48 26 krig
616 541 28 14 m.
658 541 29 14 m.
702 535 127 20 föranledda
843 534 82 20 arbets-

123 565 111 25 uppgifter
249 565 89 25 stadgas
354 565 118 19 tillsvidare
488 565 54 19 skall
557 566 40 24 äga
613 564 144 26 tillämpning.

83 626 10 17 2
109 624 55 26 Ang.
179 624 123 20 beredande
315 630 28 14 av
356 624 129 26 lagstadgad
499 625 45 19 rätt
557 624 34 20 för
603 624 105 19 kommun
722 625 35 19 att
769 623 71 20 skaffa
853 629 71 20 vapen

124 654 33 19 för
172 654 92 19 militärt
280 654 110 23 ändamål;
407 660 21 13 se
446 653 70 20 Enkla
531 653 71 26 frågor
617 653 63 26 (1939
690 653 27 20 U:
727 653 42 26 31).

83 716 10 15 3
109 713 55 26 Ang.
179 713 123 20 beredande
314 719 28 14 av
356 713 128 26 lagstadgad
497 714 46 19 rätt
555 713 34 20 för
601 713 105 20 kommun
720 714 34 19 att
767 712 75 21 anvisa
855 712 70 20 medel

123 743 32 19 till
192 743 141 26 anskaffning
369 749 28 14 av
434 743 214 23 luftvärnsmateriel;
686 749 21 13 se
746 742 180 26 Interpellationer

123 772 63 25 (1939
197 773 26 19 U:
236 773 40 25 20).

85 858 5 16 1
110 855 41 20 RD
168 856 72 20 avslår
255 856 83 20 motion
355 862 35 13 om
407 856 44 20 viss
466 856 93 26 ändring
574 856 6 19 i
596 856 100 26 gällande
711 855 164 20 bestämmelser
890 861 35 14 om

123 886 149 25 upprättande
287 892 28 14 av
330 885 80 27 förslag
424 886 38 20 vid
479 886 135 20 tillsättande
629 891 29 15 av
672 885 188 27 lärarbefattning,
875 885 50 20 med

123 915 72 20 vilken
213 917 24 19 är
252 916 90 20 förenad
359 915 107 27 organist-
482 915 51 21 eller
548 915 158 26 klockarsyssla
723 915 51 20 eller
790 915 56 20 båda
864 915 61 20 dessa

123 945 80 26 sysslor
217 945 51 20 eller
282 945 282 27 kyrkosångarbefattning.

83 1007 10 16 2
109 1004 42 20 RD
168 1006 91 25 antager
275 1005 80 26 förslag
371 1005 34 20 till
421 1005 34 26 lag
471 1010 49 21 ang.
538 1005 92 26 ändring
646 1005 6 20 i
669 1005 57 20 vissa
743 1005 60 20 delar
818 1011 28 13 av
863 1004 62 26 lagen

122 1035 41 19 den
184 1034 24 20 15
225 1035 48 25 juni
293 1035 53 20 1935
364 1035 35 26 (nr
416 1035 49 25 337)
484 1041 35 14 om
537 1034 219 27 kommunalstyrelse
774 1035 6 19 i
799 1034 125 20 Stockholm

122 1066 58 18 samt
197 1064 31 20 till
244 1065 35 25 lag
294 1071 49 19 ang.
360 1065 84 20 ändrad
460 1065 81 26 lydelse
556 1071 28 14 av
600 1064 12 20 3
628 1065 9 25 $
653 1065 13 20 2
680 1070 67 14 mom.
764 1064 61 26 lagen
841 1064 41 20 den
901 1064 24 20 15

122 1094 43 25 maj
185 1094 52 20 1903
252 1094 35 26 (nr
301 1094 26 20 58
343 1094 39 20 sid.
400 1095 19 25 1)
435 1100 34 14 om
485 1094 212 20 folkskoleväsendet
713 1094 6 20 i
735 1094 133 20 Stockholm.

82 1155 10 16 3
108 1153 109 20 Motioner
230 1154 50 19 med
295 1154 79 26 förslag
388 1154 32 20 till
435 1154 34 26 lag
483 1160 35 14 om
533 1155 45 19 rätt
592 1154 33 19 för
639 1154 105 19 kommun
758 1155 35 19 att
807 1153 59 20 anslå
881 1159 44 14 me-

123 1183 33 19 del
174 1183 31 20 till
222 1183 96 20 luftvärn
335 1189 28 14 m.
379 1189 29 14 m.
426 1184 91 20 förfalla.

83 1244 9 16 4
109 1242 42 20 RD
169 1244 92 24 antager
277 1243 34 19 för
328 1243 32 20 sin
379 1243 34 20 del
430 1243 80 26 förslag
529 1243 31 19 till
577 1243 35 26 lag
629 1248 49 21 ang.
697 1243 84 20 ändrad
798 1242 82 26 lydelse
896 1248 28 14 av

122 1272 12 19 3
150 1273 9 23 $
177 1272 8 19 I
204 1278 66 14 mom.
287 1273 62 25 lagen
366 1273 41 20 den
424 1272 26 20 20
465 1273 48 25 juni
530 1273 52 19 1924
599 1279 35 13 om
650 1272 112 26 landsting
777 1272 72 26 (avser
864 1272 61 20 stads

122 1303 45 18 rätt
180 1303 35 18 att
229 1302 89 20 utträda
334 1308 25 14 ur
372 1302 127 26 landsting).

81 1362 10 16 5
107 1361 42 19 RD
167 1362 91 25 antager
274 1362 33 19 för
323 1362 32 19 sin
372 1362 34 19 del
423 1362 34 26 lag
473 1367 49 21 ang.
539 1362 92 26 ändring
647 1362 6 19 i
669 1362 57 20 vissa
743 1362 60 20 delar
818 1368 27 14 av
862 1361 61 27 lagen

121 1391 41 19 den
177 1392 27 19 20
217 1391 48 26 juni
280 1391 54 20 1924
348 1392 35 25 (nr
396 1392 50 25 349)
460 1398 36 13 om
510 1391 117 27 landsting,
642 1392 35 26 lag
690 1398 35 13 om
739 1392 58 20 vissa
811 1397 28 14 av
853 1391 72 20 lands-

122 1420 46 26 ting
184 1421 51 20 eller
251 1421 105 20 kommun
373 1421 78 20 drivna
468 1421 98 26 sjukhus,
583 1421 35 27 lag
633 1427 49 21 ang.
699 1422 84 20 ändrad
800 1421 80 26 lydelse
896 1428 28 14 av

121 1451 13 19 2
148 1452 9 22 $
172 1450 61 26 lagen
249 1451 41 19 den
304 1451 14 19 4
330 1451 48 26 juni
394 1451 52 20 1937
461 1452 35 25 (nr
509 1451 50 26 298)
573 1457 35 14 om
623 1451 137 20 anställande
773 1457 29 14 av
816 1451 108 20 distrikts-

123 1480 154 21 barnmorskor
286 1487 29 13 m.
327 1487 28 13 m.
371 1482 58 19 samt
439 1481 34 26 lag
483 1487 35 14 om
528 1481 93 26 ändring
630 1481 7 20 i
646 1481 58 20 vissa
715 1481 59 20 delar
784 1487 27 14 av
822 1480 102 27 epidemi-

122 1509 62 26 lagen
196 1510 41 20 den
250 1510 25 20 19
285 1510 48 26 juni
345 1511 53 19 1919
409 1511 35 25 (nr
454 1510 50 26 443)
515 1511 116 25 (avseende
642 1511 162 26 centralisering
814 1517 28 14 av
853 1511 71 20 lands-

124 1539 84 26 tingens
223 1540 141 20 verksamhet
378 1540 28 26 på
421 1540 70 20 hälso-
506 1541 39 20 och
561 1541 252 26 sjukvårdsområdena).

150 1576 21 15 Se
179 1576 35 16 ock
221 1576 60 16 Enkla
289 1576 63 20 frågor
359 1576 54 20 (1939
419 1576 22 16 U:
449 1576 35 20 31);
491 1576 111 21 Förenings-
610 1577 35 15 och
652 1577 174 20 Förhandlingsrätt
833 1577 59 20 (1940:
900 1576 24 20 2);

126 1599 67 16 Hälso-
207 1600 35 16 och
254 1600 90 20 sjukvård
357 1600 60 20 (1932:
427 1602 15 18 8;
457 1600 50 16 1937:
518 1602 26 18 18;
559 1601 51 16 1938:
621 1600 34 20 11);
669 1601 161 20 Interpellationer
838 1601 60 19 (1932:
907 1603 16 17 5;

128 1623 43 16 1939
179 1624 23 15 U:
212 1624 35 19 20);
270 1624 164 16 Jordbrukskredit
453 1624 59 20 (1936:
522 1624 23 20 2);
567 1624 125 20 Kungörelser
711 1624 68 20 (1939);
801 1625 122 16 Landsstaten

126 1647 35 19 (193
207 1648 11 18 );
236 1647 178 21 Ordningsstadgan;
431 1648 90 19 Rösträtt;
538 1648 150 20 Rösträttsålder;
700 1649 118 19 Tryekfrihet
831 1648 59 20 (1937:
900 1648 23 20 7);

126 1671 111 20 Utrymning
251 1671 67 20 (1940);
333 1672 39 16 Val.

81 1723 271 27 KOMMUNALOMBUD;
370 1731 21 14 se
409 1725 286 27 Kommunalförfattningar.

81 1783 301 26 KOMMUNALREVISION;
395 1791 22 13 se
430 1785 281 26 Kommunalförfattningar
724 1786 70 25 (1935:
807 1786 26 25 3).

80 1843 262 25 KOMMUNALSKATT;
359 1850 22 14 se
401 1845 110 25 Taxering.

82 1903 363 21 KOMMUNALSKATTELAGEN
459 1911 31 13 m.
504 1911 31 13 m.

86 1936 4 15 1
108 1933 82 25 Avslag
206 1933 12 20 å
236 1933 108 20 motioner
360 1940 35 14 om
412 1934 44 20 viss
473 1935 92 25 ändring
582 1934 6 20 i
605 1935 26 19 22
648 1936 9 24 $
677 1935 6 19 1
704 1940 65 14 mom.
787 1935 137 20 kommunal-

122 1963 136 26 skattelagen
273 1964 117 23 (avseende
403 1964 83 26 avdrag
499 1964 34 20 för
546 1965 94 19 kostnad
655 1965 33 19 för
701 1965 197 26 skogsutdikning).

82 2024 9 16 2
108 2022 81 26 Avslag
204 2023 12 19 å
231 2023 84 20 motion
331 2029 48 20 ang.
396 2023 44 21 viss
455 2024 92 25 ändring
562 2030 27 14 av
605 2024 191 20 bestämmelserna
813 2030 33 13 om
864 2024 60 20 kom-

121 2052 74 20 munal
211 2053 141 26 beskattning
366 2059 28 14 av
409 2053 96 20 inkomst
519 2060 28 13 av
561 2054 128 26 skogsbruk.

1207 224 108 31 Utskotts-
1388 228 54 17 Riks-

993 250 66 35 Kungl.
1113 277 4 3 ä
1206 251 119 34 utlåtanden,
1380 251 70 34 dagens
1505 242 121 43 SASIIArROR

1007 284 53 19 Maj:ts]
1072 277 91 16 Motioner]
1190 288 96 17 memorial
1298 288 44 16 eller
1391 288 46 17 ft
1499 276 140 21 förhandlingar

952 309 26 20 År
1006 318 50 14 [propir
1200 318 134 17 betänkanden
1335 303 33 43 |
1384 318 60 17 velser
1525 306 88 21 (protans)

1004 340 46 27 eller
1193 365 5 5 7

1006 374 55 14 SKV
1074 384 34 16 RR
1124 384 36 16 JAK
1181 371 18 51 7
1225 374 10 51 Ez
1263 384 90 17 Nummer
1352 376 9 34 |
1370 385 92 16 Nummer
1491 372 62 40 ing
1584 368 70 48 ade

944 474 52 20 1939)
1028 474 11 20 7
1050 470 31 34 |
1083 486 21 1 —|
1136 474 71 19 —J]11)l
1240 475 12 19 2
1304 474 12 19 4
1414 474 228 20 Iliddactktalrv10

960 504 18 20 (Le
1568 504 2 16 I

1568 521 2 25 I

945 855 52 20 19401
1019 866 27 2 —
1054 850 27 35 I
1083 866 27 2 —1|
1143 854 26 20 951
1200 854 10 19 5l
1240 855 12 19 2
1306 854 10 19 4
1407 866 28 3 —
1475 854 52 20 -15:3
1539 850 17 34 -
1576 855 65 19 17:27
1652 861 4 14 d

943 1005 53 19 1940]
1019 1004 26 20 59
1053 1000 27 34 |
1082 1016 27 2 —
1200 1004 52 20 5-2
1303 999 13 35 id.
1411 1004 26 19 931
1475 1004 166 20 17:17--119:25

944 1153 52 20 1940]
1018 1165 27 2 —
1052 1149 22 34 |
1090 1153 24 20 55)
1155 1153 13 19 8
1200 1154 10 19 5
1239 1154 73 32 SIE.
1407 1165 27 2 —
1439 1149 13 34 ;
1475 1153 30 19 17:
1519 1155 21 17 17
1551 1153 90 20 dl19:-25
1652 1153 12 20 d

1076 1183 38 19 1151
1130 1183 38 20 158
1304 1184 12 19 2
1472 1183 68 19 21:15
1572 1183 69 20 124:68
1652 1184 12 19 d

944 1242 52 20 1940]
1018 1255 27 1 —
1102 1242 12 19 Ol:
1144 1242 23 20 JA
1199 1243 10 20 ol
1239 1243 77 20 erika
1399 1242 37 19 194
1472 1242 33 20 124:
1517 1244 9 16 5.
1572 1242 54 20 126:38

943 1362 52 20 1940]
1018 1362 26 20 89
1077 1361 37 19 11551
1128 1361 39 20 205]
1199 1362 10 20 5)
1238 1362 12 20 3
1309 1363 6 19 3
1396 1361 40 20 320
1471 1361 55 20 130:3
1537 1361 12 19 d
1572 1362 33 20 133:
1618 1364 21 17 11
1651 1362 13 19 dj

1076 1391 38 20 162
1254 1415 1 3 |

1253 1430 2 16 I

1253 1451 2 15 I

943 1934 48 19 1931]
1017 1945 27 3 —
1049 1930 22 34 I
1087 1935 26 19 201
1141 1934 26 20 521
1196 1934 12 19 71
1239 1934 7 18 1
1304 1935 10 18 5
1406 1948 26 1 —;
1473 1934 65 20 13:13"
1559 1930 44 34 113:
1614 1938 21 17 31

942 2024 49 19 1931]
1016 2035 28 2 —
1049 2019 27 35 |
1080 2036 6 1 —
1106 2019 10 35 |
1127 2024 36 20 271)
1197 2024 11 19 7)
1239 2024 7 18 1
1302 2024 12 20 8
1405 2037 17 1 —
1472 2024 66 20 13:13
1572 2025 31 19 113:
1613 2027 25 17 33
