1850 2356
166 151 44 20 414

902 154 136 18 SAKREGISTER

184 434 65 28 Egna
265 434 52 22 hem.

231 465 63 25 1923,
311 467 75 19 utöver
401 465 36 21 det
453 466 85 27 belopp,
554 472 46 14 som
617 473 25 14 av
659 466 60 20 KM:t
735 466 32 20 för
783 472 83 14 samma
880 466 23 20 år
913 465 65 21 redan
990 465 32 21 be-

229 495 73 27 viljats
318 496 69 21 såsom
404 496 36 20 lån
456 496 47 20 från
520 495 251 27 egnahemslånefonden,
782 495 113 27 disponera
906 496 70 20 såsom
987 495 35 21 lån

229 526 47 20 från
293 532 83 14 samma
389 526 52 20 fond
460 528 31 19 ett
506 526 121 26 ytterligare
643 526 77 26 belopp
737 533 26 13 av
778 525 57 21 intill
851 526 14 20 4
874 525 43 21 000
925 525 42 21 000
984 526 38 24 kr.,

229 555 65 21 därav
318 555 64 21 27500
392 555 42 21 000
454 556 31 20 kr.
501 556 33 20 för
548 556 238 27 jordbrukslägenheter
801 556 39 20 och
859 555 63 21 1500
932 555 42 21 000
991 556 31 20 kr.

228 586 33 20 för
285 585 217 27 bostadslägenheter;
527 587 40 20 och
590 586 108 26 medgiver
717 586 43 25 RD,
781 588 31 19 att
828 586 61 20 KM:t
905 586 36 20 må
956 585 68 21 under

231 615 63 26 1924,
317 617 75 19 utöver
406 616 58 21 förut
480 616 112 26 medgiven
609 616 98 26 utlåning
722 623 26 13 av
764 616 56 20 intill
838 615 77 21 12000
925 615 43 21 000
984 616 39 24 kr.,

229 645 114 27 disponera
365 648 31 19 ett
420 646 78 27 belopp
518 653 26 14 av
562 646 57 21 intill
637 646 11 20 7
658 646 42 20 000
711 645 42 21 000
770 646 30 20 kr.
818 646 51 20 eller
885 645 81 21 således
982 645 41 21 till-

229 676 57 27 hopa
301 676 57 20 intill
376 676 26 20 19
413 676 42 20 000
465 675 42 22 000
524 676 30 21 kr.
571 677 70 20 såsom
658 676 36 21 lån
710 676 48 20 från
771 675 252 27 egnahemslånefonden,

229 706 65 21 därav
311 705 79 21 13500
400 706 42 20 000
458 706 31 21 kr.
505 707 33 20 för
553 706 239 27 jordbrukslägenheter
807 706 40 21 och
864 706 12 20 5
887 705 41 21 500
938 705 42 21 000
992 706 30 20 kr.

229 736 33 20 för
278 736 218 26 bostadslägenheter;
513 737 39 20 och
568 737 85 20 anvisas
667 737 69 20 såsom
748 736 163 26 kapitalökning
921 736 33 20 för
964 742 59 20 egna-

230 766 191 21 hemslånefonden
436 767 33 20 för
485 766 125 26 budgetåret
627 764 126 30 1923/1924
769 768 31 19 ett
810 766 214 26 reservationsanslag

230 802 26 15 av
272 796 27 20 21
310 796 42 21 000
362 796 42 21 000
421 797 30 19 kr.

187 861 9 15 2
214 856 38 20 RD
267 856 124 26 godkänner
406 856 78 27 förslag
500 856 34 21 till
549 856 82 21 ändrad
642 856 81 27 lydelse
735 863 26 14 av
774 856 26 21 13
812 863 65 14 mom.
889 863 26 14 av
926 855 98 27 gällande

229 886 93 26 grunder
336 886 34 21 för
385 886 131 27 upplåtande
533 893 25 14 av
575 886 239 27 egnahemslägenheter
824 886 47 21 från
883 886 57 21 vissa
949 886 75 20 krono-

230 916 134 26 egendomar.

188 981 7 15 1
214 976 38 21 RD
275 976 115 27 medgiver,
414 978 32 20 att
469 977 61 20 KM:t
553 977 35 20 må
603 976 69 21 under
689 976 56 21 1925
762 977 70 20 såsom
849 976 35 21 lån
900 976 47 20 från
964 982 59 20 egna-

229 1006 191 21 hemslånefonden
444 1007 113 26 disponera
580 1008 30 19 ett
626 1007 78 26 belopp
720 1013 27 14 av
762 1006 58 21 intill
837 1006 27 21 18
874 1006 43 21 000
927 1005 42 21 000
985 1006 39 24 kr.,

229 1036 65 20 därav
311 1036 26 20 12
347 1036 43 20 500
400 1036 42 20 000
459 1037 30 19 kr.
506 1037 34 20 för
554 1036 239 27 jordbrukslägenheter
808 1036 40 21 och
865 1037 12 19 5
887 1035 42 21 500
939 1035 43 21 000
993 1036 30 20 kr.

229 1066 33 19 för
277 1065 219 27 bostadslägenheter;
513 1066 39 20 och
569 1066 84 21 anvisas
665 1066 70 20 såsom
746 1065 164 27 kapitalökning
920 1065 32 21 för
963 1071 60 20 egna-

229 1095 191 21 hemslånefonden
436 1096 33 20 för
484 1096 126 26 budgetåret
627 1094 125 29 1924/1925
769 1097 31 19 ett
809 1095 215 26 reservationsanslag

229 1132 27 14 av
273 1125 27 20 12
310 1125 42 21 000
362 1125 42 21 000
421 1126 31 20 kr.

187 1184 9 14 be

214 1179 37 20 RD
268 1179 114 26 medgiver,
399 1181 31 18 att
446 1179 61 20 KM:t
517 1180 36 20 må
564 1186 26 14 av
600 1179 280 27 jordförmedlingsfondens
892 1178 131 27 tillgängliga

229 1209 207 26 kapitalbehållning
451 1209 33 20 till
501 1209 115 26 förlagslån
627 1210 33 19 för
671 1209 129 26 förmedling
810 1215 77 20 genom
897 1208 51 21 eller
956 1208 68 21 under

229 1238 93 21 kontroll
339 1246 25 13 av
380 1239 245 26 hushållningssällskap
642 1246 26 13 av
683 1239 48 27 jord
747 1239 34 20 till
797 1245 54 20 egna
865 1239 49 20 hem
926 1239 33 20 för
969 1238 53 27 jord-

229 1268 168 21 bruksändamål
413 1269 114 26 disponera
542 1269 25 20 fr.
585 1276 18 13 o.
621 1276 28 13 m.
663 1268 57 21 1925
731 1269 118 21 tillsvidare
860 1268 91 27 tillhopa
962 1268 63 26 högst

229 1299 23 19 så
267 1300 54 19 stort
336 1298 85 27 belopp,
438 1301 32 19 att
485 1299 41 21 vad
541 1306 47 13 som
605 1299 80 20 utestår
700 1299 7 20 i
724 1299 107 27 beviljade
846 1298 116 26 förlagslån
978 1298 46 20 icke

229 1328 36 20 vid
281 1329 65 26 något
361 1329 86 20 tillfälle
462 1329 114 26 överstiger
594 1328 63 21 1500
667 1329 42 20 000
726 1329 38 24 kr.,
782 1330 31 19 att
824 1329 108 21 utlämnas
942 1330 46 18 mot
998 1334 26 14 en

229 1360 60 18 ränta
305 1365 26 14 av
347 1359 14 20 4
377 1360 87 25 procent
480 1365 35 14 om
531 1360 51 20 året.

187 1416 9 16 3
215 1412 40 20 För
278 1412 140 21 utlämnande
442 1419 27 14 av
491 1412 118 27 premielån
631 1412 33 21 till
688 1412 236 27 egnahemslånetagare
940 1412 33 20 för
988 1419 36 20 ny-

229 1441 90 27 odlings-
330 1442 40 21 och
382 1442 228 27 nybyggnadsarbeten
621 1442 34 21 för
666 1442 124 26 budgetåret
803 1441 125 29 1924/1925
941 1442 83 21 anvisas

229 1474 31 18 ett
275 1474 60 18 extra
350 1472 216 26 reservationsanslag
582 1479 26 14 av
624 1472 43 20 800
676 1472 42 20 000
735 1472 38 24 kr.,
791 1472 64 21 därav
871 1472 33 21 för
921 1472 57 20 1924
989 1473 36 20 må

229 1502 108 20 användas
353 1502 62 26 högst
432 1502 42 21 150
483 1502 43 21 000
542 1502 30 20 kr.

186 1571 9 15 4
214 1567 41 20 För
270 1567 140 21 utlämnande
426 1575 26 13 av
467 1568 129 25 statsbidrag
612 1567 33 20 till
661 1567 245 27 hushållningssällskap
922 1568 32 20 för
969 1567 55 27 jord-

228 1597 278 27 förmedlingsverksamhet
516 1598 84 20 anvisas
611 1598 33 20 för
655 1597 124 26 budgetåret
792 1595 125 29 1924/1925
928 1599 30 19 ett
965 1599 59 18 extra

228 1627 214 27 reservationsanslag
458 1634 26 14 av
500 1627 28 21 98
537 1627 43 21 000
596 1627 38 25 kr.;
644 1627 40 21 och
695 1627 109 26 medgiver
814 1627 44 25 RD,
870 1629 32 19 att
912 1628 12 19 å
934 1634 89 14 reserva-

228 1657 153 26 tionsanslaget
396 1657 34 20 till
445 1657 266 27 jordförmedlingsbyråer
726 1658 33 19 för
769 1657 208 26 egnahemsrörelsen
989 1656 35 21 vid

228 1687 107 26 utgången
361 1694 26 14 av
412 1687 125 26 budgetåret
559 1685 127 30 1923/1924
708 1687 116 26 förefintlig
848 1687 123 26 behållning
989 1687 36 20 må

228 1717 106 21 överföras
351 1717 33 20 till
400 1717 140 21 förenämnda
556 1719 60 19 extra
631 1717 221 26 reservationsanslag.

187 1787 7 15 [=

214 1782 40 21 För
270 1782 140 21 utlämnande
426 1789 27 15 av
469 1783 129 26 statsbidrag
614 1783 33 20 till
663 1783 247 26 hushållningssällskap
926 1783 33 20 för
969 1782 54 27 jord-

229 1812 277 27 förmedlingsverksamhet
529 1813 85 21 anvisas
637 1813 33 20 för
694 1813 125 26 budgetåret
844 1811 125 29 1925/1926
994 1814 30 19 ett

229 1844 60 19 extra
304 1843 216 25 reservationsanslag
535 1850 26 14 av
579 1843 27 20 60
614 1842 42 21 000
673 1843 31 20 kr.

187 1913 9 15 2
214 1908 37 20 RD
275 1908 115 27 medgiver,
415 1910 31 19 att
468 1909 62 20 KM:t
548 1909 35 20 må
602 1908 69 21 under
688 1908 55 21 1926
760 1909 70 20 såsom
846 1908 36 20 lån
898 1908 47 20 från
961 1915 62 19 egna-

230 1938 190 21 hemslånefonden
444 1939 113 26 disponera
580 1940 31 19 ett
627 1938 78 27 belopp
721 1945 26 15 av
762 1938 57 21 intill
837 1938 27 21 18
873 1938 43 21 000
926 1938 42 20 000
984 1938 38 25 kr.,

229 1967 65 21 därav
312 1968 78 21 12500
401 1968 42 21 000
460 1969 30 20 kr.
507 1969 34 20 för
555 1968 240 26 jordbrukslägenheter
810 1969 39 20 och
864 1968 12 20 5
887 1968 42 20 500
938 1968 42 20 000
992 1968 31 20 kr.

229 1998 33 20 för
278 1998 219 26 bostadslägenheter;
514 1999 40 20 och
571 1998 84 21 anvisas
666 1999 70 20 såsom
748 1998 162 27 kapitalökning
920 1998 33 20 för
964 2004 59 20 egna-

230 2027 190 21 hemslånefonden
436 2028 33 20 för
485 2028 123 26 budgetåret
627 2027 126 29 1925/1926
769 2030 31 18 ett
811 2028 213 26 reservationsanslag

165 2055 2 19 I
230 2064 25 14 av
273 2057 27 20 14
310 2057 42 21 000
362 2057 42 21 000
422 2058 29 20 kr.

1136 208 10 46 Zz
1470 213 78 30 ln
1572 210 68 2 e

1111 236 36 17 e&s

1058 249 17 27 2
1111 251 41 33 28
1169 273 20 17 Moti
1261 271 10 11 LE
1327 243 89 47 REV
1485 255 72 22 dagens
1615 256 117 17 Kamrarnas

1058 280 16 26 2
1112 286 40 32 22
1190 271 68 41 SEOnOr
1344 273 44 18 åtan
1420 278 29 42 a
1488 280 56 30 skri-
1600 280 145 32 förhandlingar

1112 315 41 25 2.2.
1292 309 46 12 eller
1351 308 91 13 memoriai
1491 315 63 18 velser

1054 341 16 25 Sd
1286 352 96 23 ERT
1670 357 1 4 :

1064 365 7 34 27
1112 369 35 20 02
1181 386 3 7 F
1285 376 12 11 al
1440 371 17 18 2
1458 364 26 33 |
1494 381 4 8 mm
1518 364 17 33 |
1541 371 17 19 el
1587 370 68 17 Första
1660 364 22 33 |
1689 369 65 18 Andra

1120 380 28 40 3
1174 381 86 47 FR
1284 389 18 33 2
1327 387 17 31 å
1381 381 17 27 Z
1419 356 1 71 |
1440 391 17 25 >
1493 380 17 28 :
1526 387 1 41 |
1541 392 17 25 >)
1584 394 71 18 kamm,
1661 386 23 35 |
1687 394 69 17 kamm.

1163 437 1 4 I
1270 436 2 17 I
1312 436 1 11 |
1353 436 1 51 |
1419 436 1 25 |
1526 440 2 10 I
1670 436 2 14 I

1038 465 55 21 1923
1312 463 42 32 (=
1670 474 1 4 I

1270 500 1 36 SR
1472 495 52 54 AS

1217 539 1 3 I
1270 543 1 8 I
1312 541 1 11 I
1353 536 2 17 I
1526 557 2 2 I
1670 541 1 3 |

1163 569 1 19 |
1217 560 1 45 |
1270 563 43 28 FSE
1526 577 2 5 |
1670 565 2 25 |

1270 588 1 11 I
1312 592 1 8 I
1353 589 2 8 I
1527 591 1 4 I

1163 600 1 3 |
1312 600 43 17 fö]
1526 599 2 9 I

1217 606 97 49 [SR
1526 623 2 23 |
1670 643 2 2 |

1217 656 97 56 Fasfrnf
1353 651 2 47 18
1419 651 109 56 rara
1670 656 1 41 |

1217 709 55 29 RÖ
1354 699 1 94 |
1419 710 1 4 [EN
1470 706 57 35 EN
1670 706 1 29 |

1217 739 55 11 RS
1470 742 6 11 BE
1670 739 1 5 |

1165 754 52 41 act
1217 766 55 22 kokd
1475 758 52 26 kdnd
1669 759 2 28 |

1217 793 1 36 rodel
1275 788 65 80 sme
1354 813 2 33 Pe
1420 796 1 27 cöp
1526 799 2 20 RLeNEd

1217 830 2 8 |
1420 831 1 8 fe
1475 829 53 23 la

1062 863 8 10 »
1112 853 53 32 1145)
1217 859 1 29 1)
1271 852 32 32 110
1378 842 43 67 ed
1487 837 41 81 3
1588 854 33 21 35:
1633 859 23 16 75
1659 838 19 50 |
1690 854 83 23 37:98
1755 838 20 50 |

1164 897 1 7 I
1217 891 1 3 I
1271 886 1 14 I

1164 916 1 7 [FS

1354 911 2 43 EE

1217 953 1 19 I
1271 957 1 11 I
1355 956 1 12 I

1038 974 57 22 1924]
1128 975 8 20 1
1217 976 86 28 olooftol
1355 970 1 13 I
1397 981 12 14 51
1456 980 10 15 a)
1497 975 32 35 15
1549 980 9 16 8)
1589 974 52 21 11:10
1683 974 85 21 |10:14d

1104 1010 37 18 Ufk
1150 1010 11 18 3
1228 1002 42 36 GE
1355 984 1 43 |
1527 1013 2 33 |
1670 1009 2 14 I

1115 1035 104 29 RER
1354 1028 2 34 |
1670 1037 2 15 |

1164 1070 1 22 |
1271 1071 1 15 |
1671 1085 1 11 |

1164 1093 1 10 |
1271 1093 1 7 |

1164 1119 108 57 =
1671 1097 1 78 |

1062 1186 8 10 3
1127 1177 10 21 1
1164 1151 2 52 |
1217 1145 2 57 |
1271 1177 33 22 110
1397 1178 12 19 öd
1457 1176 185 23 BEKOSTAS
1670 1176 89 31 0:

1105 1212 34 18 Ufk
1150 1212 11 17 3
1218 1203 1 56 |
1272 1229 1 6 lc
1671 1217 1 3 |

1115 1236 242 36 SER

1164 1272 1 24 jon:
1218 1272 2 22 jar
1355 1280 2 14 I
1670 1288 2 5 |

1164 1298 1 10 |
1355 1308 1 3 |
1671 1295 1 21 |

1279 1304 72 63 Nn
1670 1333 1 18 |

1164 1327 1 53 |
1272 1354 85 58 klan]

1063 1418 8 11 >
1112 1403 54 29 11:91]
1218 1410 86 48 20210
1355 1404 1 34 |
1397 1410 12 20 61
1443 1414 23 16 18)
1496 1409 27 20 221
1548 1415 10 16 sl
1590 1409 52 21 15:9
1669 1378 104 67 ler]

1109 1453 18 17 p-
1129 1434 23 44 96
1164 1438 2 34 |
1218 1459 1 20 |
1272 1440 43 30 jer]
1355 1450 1 25 |
1670 1452 1 19 I

1164 1474 109 30 FER
1313 1470 43 40 SA
1670 1480 1 24 |

1164 1511 150 41 öda
1379 1488 35 90 a
1670 1508 1 44 |

1061 1574 10 11 »
1129 1531 36 56 6!
1217 1568 2 18 I
1271 1556 43 37 10!
1398 1557 23 34 1
1441 1564 55 32 6719
1506 1559 52 41 Als
1588 1551 34 45 25:
1633 1569 25 17 80
1670 1555 1 22 |
1683 1564 33 21 24:
1728 1555 45 31 103)

1110 1601 45 23 pan
1217 1591 97 38 klörslnjal
1476 1599 1 28 al
1670 1599 2 2 |

1163 1652 2 4 hit
1217 1632 55 31 förrädare
1357 1624 25 44 sö
1420 1631 57 33 sö)

1170 1662 1 14 a
1217 1664 55 23 tones
1312 1666 43 21 len
1419 1673 2 12 I
1527 1668 1 9 EN

1163 1691 2 27 förs
1217 1689 1 23 ae
1271 1682 1 35 Eke
1419 1689 2 22 försa
1527 1678 1 20 |
1670 1696 2 19 |

1163 1720 1 6 I
1217 1718 1 13 I
1312 1714 2 17 I
1419 1716 2 10 I
1475 1717 2 12 |
1670 1722 2 2 I

1217 1726 55 44 lsd
1419 1732 2 37 |
1670 1747 2 30 |

1039 1780 56 23 1925
1111 1774 54 43 1:9]
1270 1777 33 29 10
1398 1771 22 29 1
1409 1767 14 50 |
1441 1784 23 16 84/9
1484 1779 73 34 Also]
1589 1779 54 21 22:6:
1670 1779 1 13 |
1690 1779 69 21 25:82

1093 1812 27 31 Ip.
1126 1812 38 31 106)
1270 1817 2 6 I
1419 1791 2 64 |

1163 1840 1 10 |

1163 1855 1 11 I
1217 1869 1 3 I
1270 1858 2 16 I
1312 1870 1 4 I
1419 1856 1 9 I

1233 1872 36 46 RS
1312 1876 1 52 |

1062 1915 8 10 »0tE
1126 1907 10 20 1
1163 1902 55 34 fras
1270 1907 43 29 Hö
1381 1906 27 20 341
1455 1904 65 23 8231
1589 1905 68 20 27:28
1661 1898 19 37 |
1690 1898 33 37 30:
1735 1910 23 16 65

1103 1942 62 24 Ufa:
1217 1939 1 27 fa
1312 1937 1 43 |
1419 1938 1 26 |
1475 1924 1 62 |
1670 1961 1 10 |

1115 1972 33 22 p.2
1217 1984 1 8 |
1312 1969 43 18 et
1419 1988 1 3 I
1475 1987 1 5 |
1670 1980 1 4 I

1217 1990 259 33 Fradjösbtovekabeuo
1527 1992 1 25 då

1271 2028 42 16 [004
1475 2024 53 23 fn

1270 2051 2 10 I
1312 2049 1 6 I
1353 2033 2 39 |
1419 2057 2 8 I
1475 2061 2 18 |
