1843 2359
95 436 178 28 Dyrtidstillägg.

74 623 31 20 18

83 986 23 15 18

103 742 2 4 ;
126 736 36 20 RD
181 735 123 26 godkänner
320 735 79 26 förslag
415 735 32 20 till
464 735 125 26 kungörelse
607 735 49 20 med
672 735 110 21 allmänna
797 735 92 26 grunder
904 735 42 21 för
932 731 18 35 |

812 160 135 15 SAKREGISTER

1639 155 45 20 313

942 288 2 16 I

965 252 23 144 IYS3EPSALY

1023 298 18 105 J9S[9ALLYS
1022 239 18 48 T9]9

1043 369 17 54 "doad
1043 289 21 73 sy:fey
1042 222 22 64 [un

943 378 2 11 I

944 410 1 34 |

1081 276 11 17 2

1093 276 89 18 totioner|

1203 306 46 18 eller
1262 306 98 18 memorial

1238 247 95 17 Utskotts-

1227 276 111 18 utlåtanden

1525 259 118 17 Kamrarnas

1511 288 144 23 förhandlingar

1499 373 67 17 Första
1572 369 20 31 |
1599 373 66 17 Andra

1496 397 70 17 kamm.
1580 400 1 4 |
1597 397 70 17 kamm.

139 467 117 26 tidstillägg
278 467 33 20 för
335 467 54 20 vissa
414 467 127 20 lantmätare
564 467 33 20 för
622 467 124 26 budgetåret
763 466 126 28 1923/1924
893 457 43 47 ett
944 461 61 39 [1923

139 499 60 19 extra
218 496 163 27 förslagsanslag
397 504 26 13 av
439 497 42 20 425
491 496 43 21 000
550 496 39 25 kr.,
606 496 46 21 dels
668 497 40 21 ock
718 497 34 20 till
764 497 135 21 bestridande
898 491 24 42 av
924 495 22 34 |

139 527 143 21 kostnaderna
300 527 33 20 för
349 526 158 27 dyrtidstillägg
522 527 22 20 åt
560 526 227 22 distriktsveterinärer
802 527 32 20 för
850 527 86 27 budget-

140 558 44 20 året
202 555 126 29 1923/1924
344 558 30 19 ett
390 558 60 19 extra
466 556 164 26 förslagsanslag
646 564 25 13 av
689 556 27 20 70
725 556 43 21 000
784 557 30 20 kr.

125 617 37 20 RD
181 616 123 27 godkänner
320 616 79 26 förslag
415 616 32 20 till
464 616 125 26 kungörelse
606 616 50 20 med
672 616 109 21 allmänna
796 616 93 27 grunder
904 617 32 20 för|
975 626 7 9 »
1023 618 62 20 12102

139 646 158 27 dyrtidstillägg
320 646 21 20 åt
361 646 13 20 f.
396 646 19 20 d.
437 646 209 26 befattningshavare
666 646 6 20 i
689 648 80 18 statens
786 647 67 26 tjänst
869 654 27 13 m.
915 647 20 20 fl.

140 677 141 26 pensionärer.

140 765 157 27 dyrtidstillägg
313 766 21 19 åt
351 765 231 26 pensionsberättigade
598 765 67 20 änkor
681 765 39 21 och
734 765 52 20 barn
797 765 54 21 efter
861 765 74 21 befatt-

945 721 1 8 |

140 795 140 25 ningshavare
298 802 6 12 i
320 796 81 19 statens
417 797 67 24 tjänst
501 802 28 12 m.
547 795 20 20 fl.
945 804 1 34 |

124 862 37 19 RD
178 861 114 26 medgiver,
310 862 31 19 att
357 860 159 27 dyrtidstillägg
532 860 35 20 må
583 861 51 25 utgå
649 861 22 19 åt
687 861 56 20 vissa
759 861 66 20 lärare
837 861 35 20 vid
884 861 62 23 lant-|
975 870 7 10 »
990 856 30 40 |
1030 862 27 20 58
1075 888 1 4 |

139 890 152 21 mannaskolor
301 890 39 21 och
352 890 216 20 lanthushållsskolor
577 892 56 19 samt
642 890 184 21 lantbruksskolor
834 892 93 20 ävensom
936 881 10 47 |

140 920 35 21 vid
191 920 321 26 lanthushållningsseminariet
528 921 12 19 å
556 920 112 21 Rimforsa.

125 981 38 20 RD
184 980 114 26 medgiver,
316 982 32 18 att
363 986 17 14 e.
398 986 17 14 o.
434 980 172 26 tulltjänstemän
623 980 51 20 eller
690 982 59 18 utom
766 980 114 21 tullverket
896 982 39 19 stå-
1023 981 40 20 102

139 1010 53 21 ende
217 1016 106 21 personer,
347 1016 46 14 som
418 1010 27 26 på
468 1009 69 27 grund
555 1016 26 14 av
597 1010 121 26 inkallning
734 1012 45 19 mot
795 1009 151 28 dagavlöning
931 1005 14 36 |

140 1040 124 27 tjänstgjort
280 1040 58 20 inom
355 1040 115 20 tullverket
486 1039 68 21 under
570 1039 59 21 tiden
640 1040 24 20 fr.
677 1047 18 13 o.
708 1047 28 13 m.
749 1040 41 21 den
803 1040 10 20 1
825 1040 41 26 juli
879 1040 67 21 1921
936 1035 10 37 '

140 1072 13 18 t.
171 1077 18 13 o.
207 1077 28 13 m.
253 1070 41 20 den
311 1070 27 20 30
355 1070 48 27 juni
420 1069 56 21 1922
493 1069 51 21 eller
560 1069 68 21 under
643 1070 69 26 någon
728 1070 34 20 del
773 1070 72 25 därav,
857 1071 36 20 må
904 1071 32 20 för

139 1100 66 20 sådan
230 1099 31 21 tid
285 1099 80 21 erhålla
389 1099 158 27 dyrtidstillägg
565 1099 67 27 enligt
647 1099 112 21 enahanda
774 1100 99 26 grunder,
889 1107 38 14 som
927 1108 18 15 |

140 1131 54 19 varit
212 1129 98 26 gällande
329 1130 33 20 för
381 1136 16 13 e.
415 1136 18 14 o.
451 1129 180 27 tulltjänstemän,
648 1130 57 20 vilka
721 1130 69 20 under
805 1136 83 14 samma
904 1128 42 23 tid
928 1124 14 36 |

141 1160 53 20 varit
212 1159 127 21 förordnade
356 1161 31 19 att
403 1159 115 27 uppehålla
534 1159 104 21 ordinarie
654 1160 76 26 tjänst;
748 1160 39 20 och
803 1160 84 20 anvisas
903 1160 42 21 för
931 1155 14 35 |

140 1189 135 21 bestridande
291 1196 26 14 av
333 1189 66 20 härav
414 1189 125 20 föranledda
555 1189 114 21 kostnader
685 1190 12 20 å
712 1189 114 21 riksstaten
840 1190 33 20 för
884 1190 50 20 bud-

138 1220 81 26 getåret
238 1218 126 29 1923/1924
392 1218 67 21 under
487 1219 31 20 7:e
543 1219 39 20 HT
606 1221 30 18 ett
655 1221 59 19 extra
730 1219 164 27 förslagsanslag
910 1217 35 31 av
931 1213 10 39 |

139 1249 44 21 450
192 1249 43 20 000
251 1249 30 20 kr.
944 1249 1 38 |

126 1310 39 19 För
182 1308 118 21 beredande
317 1315 26 14 av
359 1308 159 27 dyrtidstillägg
534 1308 68 21 under
612 1309 59 20 tiden
684 1309 9 20 1
706 1309 42 27 juli
760 1309 116 20 1924—30
887 1310 47 26 juni
944 1289 62 53 1924
1015 1310 54 20 1:11

142 1338 55 21 1925
214 1339 22 20 åt
251 1338 153 28 pensionerade
421 1339 98 20 båtsmän
535 1339 40 20 och
587 1339 163 21 marinsoldater
760 1341 56 18 samt
827 1339 108 21 Vadstena

140 1365 236 43 krigsmanshuskassas
392 1368 206 27 understödstagare,
615 1369 58 20 vilka
688 1369 35 21 vid
740 1369 104 36 ingången
858 1376 26 14 av
894 1368 51 31 juli
932 1364 15 39 |

140 1399 79 20 månad
236 1399 23 20 år
276 1398 57 21 1924
350 1399 92 26 uppnått
458 1405 26 14 en
500 1398 148 22 levnadsålder
664 1405 26 14 av
707 1398 46 21 60
745 1406 23 13 år
778 1399 52 20 eller
840 1399 105 26 däröver,
934 1394 14 35 |

171 1429 41 50 een
247 1429 33 20 för.
302 1428 124 26 budgetåret
452 1427 125 29 1924/1925
602 1430 30 19 ett
655 1431 60 18 extra
730 1429 163 26 förslagsanslag
909 1436 21 14 av
932 1437 3 5 |

142 1459 62 20 1275
215 1458 42 21 000
274 1458 30 21 kr.

127 1519 39 20 För
189 1518 118 21 beredande
332 1525 25 13 av
381 1518 158 27 dyrtidstillägg
562 1519 22 20 åt
600 1519 56 20 vissa
671 1520 60 19 extra
747 1518 198 27 provinsialläkare
936 1514 10 35 |
977 1528 4 9 »>
1023 1520 9 20 |1

141 1549 66 26 enligt
229 1548 25 21 de
270 1549 7 19 i
294 1548 232 27 statsrådsprotokollet
549 1550 49 19 över
621 1548 158 21 socialärenden
802 1549 41 20 den
862 1549 13 20 2
891 1549 54 27 jan.
1020 1555 46 22 p.54

143 1578 56 21 1924
222 1578 112 21 förordade
357 1578 93 26 grunder
473 1578 85 21 anvisas
574 1578 32 20 för
623 1578 124 26 budgetåret
764 1577 125 29 1924/1925
906 1580 39 19 ett!

141 1610 60 19 extra
217 1608 163 25 förslagsanslag
397 1615 25 13 av
439 1608 12 20 8
461 1608 43 20 000
521 1608 30 20 kr.

127 1668 36 20 RD
180 1667 114 26 medgiver,
309 1669 31 19 att
351 1667 71 21 därest
433 1667 25 20 de
470 1667 229 25 distriktsveterinärer,
712 1668 33 20 till
757 1668 68 20 vilkas
837 1652 94 46 avlöning
944 1656 2 32 |
975 1677 6 9 >»
1024 1668 40 21 11:91]

975 746 7 9 >»
1023 737 62 20 [21112

1182 1669 32 20 10

141 1697 93 21 lämnats
250 1697 135 26 statsbidrag,
402 1697 33 20 för
448 1697 58 21 tiden
519 1697 9 20 1
541 1697 41 27 juli
594 1697 116 20 1924—30
721 1698 47 26 juni
781 1697 55 21 1925
849 1697 97 24 beredas
931 1693 18 35 |
1021 1698 56 28 p.56
1063 1694 15 37 |

141 1727 158 27 dyrtidstillägg
315 1727 12 20 å
343 1727 49 20 dem
412 1727 47 20 från
476 1727 156 20 vederbörande
649 1727 107 26 landsting
772 1727 152 21 tillkommande
929 1731 17 29 |

141 1757 107 26 avlöning,
265 1756 159 28 dyrtidstillägg
440 1764 25 13 av
481 1757 125 20 statsmedel
618 1758 35 19 må
663 1757 33 20 för
707 1763 82 14 samma
800 1757 31 21 tid
843 1757 33 21 till
887 1757 59 21 dem
929 1752 18 36 |

142 1788 50 25 utgå
208 1786 50 21 med
274 1786 149 21 motsvarande
440 1786 62 21 andel
519 1793 26 14 av
561 1787 155 26 statsbidraget,
733 1787 145 27 ålderstillägg
891 1787 55 29 däri;

141 1817 133 24 inberäknat,
292 1816 54 21 dock
362 1816 50 21 med
428 1817 62 26 högst
505 1823 26 14 en
542 1816 103 27 tredjedel
658 1824 26 13 av
695 1817 190 26 statsavlöningen;
897 1818 39 20 och

141 1847 85 20 anvisas
245 1846 33 21 till
298 1846 136 21 bestridande
454 1854 26 13 av
496 1846 143 21 kostnaderna
654 1847 33 20 för
702 1846 62 22 dessa
780 1847 157 26 dyrtidstillägg

141 1877 33 20 för
190 1876 125 27 budgetåret
332 1875 126 29 1924/1925
475 1878 30 19 ett
521 1878 60 19 extra
596 1877 163 26 förslagsanslag
775 1883 25 15 av
814 1877 27 20 65
851 1877 42 20 000
905 1874 42 30 kr.
932 1870 11 38 |

127 1936 37 21 RD
181 1936 99 25 besluter,
298 1939 31 18 att
345 1936 26 21 de
387 1936 33 21 för
436 1936 124 26 budgetåret
577 1935 126 29 1923/1924
719 1936 98 27 gällande
829 1937 108 20 allmänna
932 1931 15 37 |
981 1948 2 3 >
1039 1938 11 20 5

142 1966 92 26 grunder
257 1967 33 19 för
313 1966 158 27 dyrtidstillägg
489 1967 22 20 åt
527 1967 209 25 befattningshavare
752 1967 7 20 i
775 1968 80 19 statens
871 1967 67 27 tjänst

142 2008 28 2 —
187 1996 49 20 med
259 1996 110 26 undantag
392 1996 55 21 dock
462 1997 8 19 i
486 1996 41 21 vad
550 1997 64 25 angår
629 1996 46 21 dels
691 1996 26 21 de
733 1996 67 21 under
815 1996 132 27 jordbruks-
936 1992 14 35 |

143 2026 169 27 departementet
334 2026 94 21 hörande
452 2026 209 27 befattningshavare
684 2026 45 21 dels
745 2027 39 20 ock
801 2027 147 29 befattnings-
937 2022 10 38 |

143 2056 77 21 havare
236 2056 36 20 vid
288 2056 86 21 flottans
391 2056 165 27 pensionskassa
571 2056 38 21 och
626 2058 80 19 statens
723 2056 79 21 anstalt
814 2057 33 20 för
857 2057 80 26 pensio-

1077 1953 1 6 |
1083 1927 38 42 195
1135 1930 50 45 319]
1204 1938 12 19 6

1077 1953 43 38 1201
1135 1969 50 26 323-)

1141 1999 32 18 325
1184 1981 1 43 |

1266 617 54 22 60

1245 1483 22 62 |
1307 1521 12 19 5
1352 1512 54 41 46/5
1417 1520 14 19 A
1445 1525 24 16 24

1265 1558 2 7 I

1310 1669 6 20 1/|
1352 1663 82 36 39/9
1446 1674 23 15 Al16

1248 1937 73 34 11-63]
1384 1929 52 35 [198

1500 619 33 20 41:

1545 625 9 15 -

1562 620 64 19 4.144:
1641 619 43 30 19d]

1499 738 33 20 41:
1544 743 23 15 64
1580 756 2 8 |
1593 738 33 20 44:
1638 738 40 20 23d

1499 983 69 20 43:55
1575 979 17 33 |
1600 984 33 19 45:
1645 988 24 15 20

1603 1311 51 21 1:
1639 1307 18 34 8

1602 1520 32 20 19:
1646 1526 23 14 32

1602 1669 32 20 24:
1646 1675 24 14 89

1501 1670 11 19 bo

1516 1670 11 19 Sd

1545 1675 9 14 ro

1501 1937 33 20 37:
1545 1937 27 20 9d
1582 1942 2 26 |
1595 1937 32 20 36:
1640 1937 39 21 13d
