1793 2331
134 61 36 33 504
819 66 223 20 SAKREGISTER

152 250 111 20 IHästavel

198 280 133 25 främjande
353 287 28 14 av
401 281 183 24 husdjursaveln
605 282 119 24 upptagna
745 282 177 25 anslagsposten:
943 283 51 19 stöd
1016 282 23 20 åt

198 310 129 23 hästaveln,
341 310 49 20 dels
405 311 34 20 att
453 311 74 19 under
540 311 136 25 budgetåret
692 310 90 22 1959/60
797 311 38 21 må
848 312 98 24 beviljas
960 312 79 24 statlig

198 339 168 26 kreditgaranti
386 339 35 21 för
440 340 38 20 lån
496 341 113 20 avseende
627 341 61 20 vissa
706 341 6 20 i
731 341 37 20 det
786 341 138 25 föregående
940 341 98 21 berörda

197 369 108 25 åtgärder
319 369 34 20 till
369 370 133 20 hästavelns
517 370 134 25 främjande
664 370 60 21 intill
739 372 32 19 ett
785 371 83 25 belopp
882 371 157 20 av:1-100:000

198 399 45 23 kr.;
260 399 43 20 och
318 399 135 25 godkänner
468 399 39 20 RD
522 400 27 20 de
564 400 87 25 förslag
666 400 33 20 till
715 400 148 26 omläggning
878 407 28 14 av
920 400 118 21 formerna

198 429 7 19 i
219 429 75 25 övrigt
308 429 36 19 för
358 429 43 20 och
414 429 203 25 handläggningen
632 436 27 13 av
673 430 75 20 stödet
762 430 23 20 åt
815 430 111 24 hästaveln,
940 436 50 15 som
1003 431 36 20 ut-

198 458 87 20 skottet
302 459 97 25 angivit;
417 459 43 20 och
477 459 93 20 anvisar
586 459 39 20 RD
642 460 35 20 till
693 459 163 25 befrämjande
872 466 28 14 av
916 460 123 25 husdjurs-

198 488 67 20 aveln
281 488 64 21 2183
354 488 41 20 500
412 489 44 22 kr.;
472 489 44 20 och
531 489 135 25 godkänner
682 489 38 20 RD
736 489 87 25 förslag
838 490 7 20 i
860 490 65 24 fråga
939 496 38 14 om
993 490 46 20 för-

198 518 95 25 delning
306 518 29 25 på
348 518 143 20 varmblods-
504 519 130 24 respektive
647 519 183 21 kallblodsaveln
843 526 28 14 av
883 520 38 20 det
934 520 36 20 för
982 520 57 20 bud-

198 547 88 25 getåret
300 548 90 20 1959/60
403 548 114 25 utgående
529 549 75 20 stödet
616 549 23 20 åt
650 549 122 20 hästaveln
783 549 43 20 och
839 549 116 25 medgiver
966 550 34 20 att
1011 555 28 15 ur

198 578 89 20 statens
303 576 110 22 lånefond
428 577 36 21 för
477 577 135 21 hästavelns
627 578 163 25 befrämjande
804 579 38 20 må
856 579 74 20 under
944 579 95 25 budget-

198 607 50 20 året
265 607 91 20 1959/60
372 608 65 25 tagas
453 608 6 19 i
476 608 102 25 anspråk
593 608 35 20 till
644 608 38 20 lån
698 608 37 20 för
750 608 72 25 inköp
837 615 28 14 av
880 608 158 26 varmblodiga

199 637 117 20 avelsston
329 637 43 21 250
381 637 42 20 000
437 637 41 23 kr.,
492 637 36 20 för
541 638 73 25 inköp
626 644 28 14 av
666 638 106 25 hingstar
785 644 28 15 av
826 639 145 19 nordsvensk
984 638 55 20 eller

198 666 205 25 gudbrandsdalsk
415 672 37 15 ras
464 667 42 20 225
516 667 41 20 000
570 667 42 24 kr.,
625 667 36 20 för
672 668 72 25 inköp
756 672 28 16 av
794 667 161 21 nordsvenska
967 668 72 20 avels-

198 697 53 19 ston
272 696 94 20 225000
387 696 41 24 kr.,
450 696 36 20 för
506 697 72 25 inköp
599 703 27 14 av
647 697 170 25 avelshingstar
837 704 28 14 av
885 698 154 20 ardennerras

199 726 42 20 400
250 726 42 20 000
304 726 35 20 kr.
351 727 61 19 samt
423 726 36 20 för
471 726 94 20 förvärv
576 733 27 13 av
615 726 216 26 ridhusbyggnader
842 727 43 20 och
897 727 36 20 för
944 727 95 21 anskaf-

200 755 70 20 fande
283 761 28 14 av
324 755 36 21 för
373 755 141 21 ridhusdrift
526 756 147 25 erforderligt
685 756 161 21 hästmaterial
859 763 30 14 m.
902 763 30 13 m.
946 757 40 20 400
997 757 42 20 000

198 784 46 24 kr.;
263 785 44 20 och
325 785 77 20 avslår
420 785 39 20 RD
478 785 146 21 motionerna
642 786 19 20 1:
672 785 42 21 395
731 786 44 20 och'
793 786 30 20 II:
835 786 49 24 479,
901 786 70 21 såvitt
989 787 50 20 däri

197 814 82 25 yrkats
296 816 34 19 att
345 815 81 25 bidrag
442 815 53 20 från
511 816 89 20 statens
616 815 175 21 hästavelsfond
807 816 38 20 må
860 816 55 25 utgå
931 816 57 20 även
1004 816 34 20 till

197 844 261 26 uppfödningspremier
470 845 64 20 inom
546 845 183 20 kallblodsaveln
741 845 43 21 och
797 845 34 21 till
843 845 196 26 gemensamhets-

197 873 69 21 beten
276 874 36 20 för
322 874 128 25 unghästar
460 881 28 13 av
497 875 161 20 ardennerras.

199 922 39 20 RD
252 921 76 21 avslår
341 922 114 20 motioner
467 928 38 14 om
517 922 106 20 tillstånd
637 922 36 20 för
686 922 122 21 fodervärd
821 924 34 20 att:
867 923 107 21 använda
987 923 52 21 kro-

198 957 46 14 nan
254 951 104 26 tillhörig
367 952 126 25 kallblodig
501 952 54 20 häst
565 952 36 20 för
611 952 56 20 avel.

198 981 27 21 Se
240 981 44 20 ock
298 981 152 25 Hingstdepå,
464 981 195 25 Husdjursaveln,
675 981 149 26 Uppskjutna
839 982 101 21 ärenden
959 982 78 23 (1959:

199 1011 34 23 2)5

152 1057 261 24 HÄSTBESIKTNING;
437 1064 24 14 se
479 1058 87 20 Armén
588 1058 67 23 (1960
675 1058 75 24 H:2),
769 1058 150 25 Uppskjutna
937 1059 101 20 ärenden

201 1088 79 23 (1960:
293 1088 33 23 2).

152 1134 409 21 HÄSTEXPORTBEREDNINGEN.

198 1164 39 20 RD
259 1164 123 25 medgiver,
403 1165 34 19 att
457 1164 306 26 hästexportberedningens
784 1165 137 21 vinstmedel
942 1166 38 20 må
1000 1172 39 14 an-

197 1194 89 20 vändas
304 1194 7 20 i
328 1193 156 26 huvudsaklig
501 1195 232 20 överensstämmelse
750 1195 52 21 med
819 1195 27 20 de
863 1195 109 25 grunder,
989 1201 50 14 som

198 1223 100 25 angivits
307 1223 8 20 i
324 1227 65 21 prop.

151 1269 271 25 HÄSTFÖRSÄKRING;
442 1277 23 14 se
474 1271 184 20 Försvarsväsen
673 1271 79 23 (1957:
764 1272 47 23 23).

151 1317 168 24 HÖGBLADH,
335 1317 35 23 R.;
391 1324 24 14 se
423 1318 186 25 Avskrivningar
621 1319 79 23 (1956:
712 1319 33 23 8).

151 1364 306 25 HÖGBROFORSMALET;
478 1372 23 14 se
511 1365 76 21 Enkla
596 1366 80 25 frågor
689 1366 79 24 (1954:
780 1372 19 18 2,
812 1367 46 22 11).

152 1412 99 20 HÖGBY
263 1413 32 23 4!;
315 1419 24 14 se
348 1413 175 24 Avsöndringar
536 1413 79 23 (1952:
628 1413 32 23 5).

151 1459 339 25 HÖGERTRAFIKFRAÅGAN;
512 1467 24 14 se
553 1460 77 21 Enkla
646 1461 81 25 frågor
747 1461 109 24 (1955:1,
875 1461 55 21 1955
948 1461 31 21 H:
991 1461 48 24 56),

197 1489 207 25 Folkomröstning
420 1490 90 25 (1955),
524 1490 202 26 Interpellationer
743 1491 78 23 (1960:
835 1492 61 23 127),
911 1491 128 25 Uppskjut-

198 1525 30 15 na
240 1520 102 20 ärenden
358 1520 78 23 (1953:
448 1520 33 24 6),
494 1519 194 26 Vägtråfikväsen
704 1520 178 24 (1954—1956).

152 1566 188 21 HÖGFJÄLLET
353 1567 50 20 VID
415 1567 154 24 STORLIEN;
589 1574 24 14 se
623 1568 73 20 Idrott
711 1568 78 24 (1958:
803 1568 31 24 1).

152 1622 236 21 HÖGFÖRRÄDERL

198 1653 39 20 RD
250 1653 76 20 avslår
337 1653 88 21 motion
436 1659 38 14 om
486 1654 129 25 skärpning
626 1660 28 14 av
665 1654 99 20 straffen
776 1655 36 20 för
823 1655 161 25 högförräderi
995 1655 43 20 och

198 1683 109 24 spioneri.

198 1712 27 20 Se
235 1712 44 20 ock
288 1712 302 26 Beredskapslagstiftning.

152 1758 283 25 HÖGLANDSSKOLAN;
453 1767 24 14 se
485 1760 189 21 Privatläroverk
688 1761 78 23 (1951:
779 1767 18 18 7,
809 1761 77 24 1952).

151 1806 99 21 HÖGRE
264 1806 205 25 FOLKSKOLOR;
487 1814 24 14 se
520 1808 147 25 Folkskolor,
676 1808 78 25 högre.

152 1853 99 21 HÖGRE
262 1854 126 24 SKOLOR;
404 1861 24 14 se
437 1855 147 20 Folkskolor.

151 1900 99 22 HÖGRE
263 1902 135 24 STUDIER;
414 1909 24 14 se
446 1902 244 25 Forskarutbildning.

152 1948 178 21 HÖGSKOLAN
342 1950 10 19 I
363 1949 87 24 UMEA,
462 1949 153 25 Medicinska;
636 1956 23 14 se
673 1950 152 26 Medicinska,
840 1950 150 26 Uppskjutna

196 1979 102 20 ärenden
314 1979 78 24 (1960:
403 1980 33 23 2).

151 2025 226 22 HÖGSKOLORNA.

196 2056 63 20 RD:s
273 2056 109 25 yttrande
396 2056 7 21 i
417 2056 45 20 anl.
476 2063 28 13 av
518 2057 88 20 motion
619 2063 37 14 om
671 2057 124 25 utredning
809 2058 44 20 rör.
867 2057 170 26 högskolornas

195 2086 200 24 organisatoriska
405 2086 117 25 ställning.

1185 153 98 30 Motioner
1339 153 80 30 Utskott
1468 153 52 37 Skriv.
1585 156 91 18 Protokoll

1061 178 24 20 År
1081 174 20 32 |
1109 182 52 20 Prop.
1497 198 7 11 RE
1521 182 4 3 4

1192 211 29 16 FK
1220 202 28 35 |
1256 211 32 17 AK
1310 209 85 19 |SmllAvd|
1420 211 25 16 Nr
1565 211 30 16 FK
1664 210 32 17 AK

1063 925 30 22 59|
1134 939 26 2 -—
1185 927 44 20 12041
1251 926 97 21 2591-16]
1371 938 26 3 —I|
1413 926 42 20 1441
1495 926 176 20 :'—126:-26:-126:
1687 930 22 16 90

1064 1168 27 22 511
1115 1170 41 20 162
1186 1170 109 20 |4641|598]
1321 1170 27 20 10)
1370 1182 26 2 —|
1426 1169 145 21 281329123:
1586 1169 85 21 33d/24:
1687 1169 41 21 79d

1185 1199 45 21 466
1228 1194 19 36 |
1251 1200 44 20 599

1063 1655 30 22 53
1134 1669 25 2 —1T'
1251 1657 42 20 117)
1335 1657 13 20 9
1384 1658 9 19 11
1428 1657 27 20 18)
1495 1657 113 19 —I11:55'
1637 1656 90 21 IH1:102d

1061 2058 31 22 54)
1132 2072 26 3 —
1184 2061 43 20 11091:
1268 2073 26 2 —I
1333 2061 13 20 6)
1368 2061 201 21 —1801387131:
1584 2061 142 21 24d/31:128d
