1813 2347
1592 71 38 20 141

50 279 251 20 BEVILLNINGARNA.

80 315 18 20 1.
116 315 43 19 RD
177 315 101 22 besluter,
295 316 35 19 att
347 315 140 20 bottenskatt
503 315 67 26 enligt
588 315 44 25 18$
648 315 153 27 förordningen
818 322 36 14 om
871 316 74 25 statlig

50 344 107 20 inkomst-
170 345 40 19 och
223 344 224 27 förmögenhetsskatt
459 345 54 20 skall
526 345 33 20 för
572 345 23 20 år
610 345 49 20 1941
675 346 52 25 utgå
740 346 49 19 med
804 346 39 20 150
855 347 90 25 procent

49 380 29 14 av
93 374 175 26 grundbeloppet
283 375 33 19 för
331 375 167 26 skattskyldiga,
515 381 46 14 som
577 381 62 14 avses
654 375 5 20 i
677 375 65 25 18$2
757 381 65 15 mom.
839 376 21 25 a)
870 376 40 20 och
925 375 20 26 c)

50 404 96 20 nämnda
160 404 133 26 förordning,
308 406 57 18 samt
378 405 50 19 med
442 405 41 19 200
497 407 90 24 procent
600 411 28 14 av
641 405 175 27 grundbeloppet
829 406 34 19 för
875 406 70 19 skatt-

50 434 108 26 skyldiga,
169 440 46 14 som
225 440 63 14 avses
297 434 6 20 i
313 440 83 14 samma
406 436 99 18 moment
514 435 30 25 b);
555 435 40 19 och
605 435 107 20 beräknar
721 435 43 20 RD
774 435 170 26 bevillningarna

50 464 100 20 sålunda:
172 464 107 20 inkomst-
300 464 39 20 och
361 464 224 26 förmögenhetsskatt
606 465 40 20 425
655 465 41 20 000
705 465 41 20 000
767 465 40 23 kr.,
829 466 116 19 värnskatt

50 493 41 20 265
101 493 41 20 000
151 494 41 19 000
202 494 40 23 kr.,
253 494 258 26 krigskonjunkturskatt
521 494 26 20 35
556 494 42 20 000
606 495 42 19 000
657 495 40 23 kr.,
708 495 91 20 särskild
810 495 61 20 skatt
881 496 12 19 å
903 496 42 19 för-

51 523 117 26 mögenhet
178 524 26 20 27
213 524 42 19 000
263 523 42 21 000
314 524 40 23 kr.,
366 524 204 26 utskiftningsskatt
580 524 40 20 och
631 525 193 26 ersättningsskatt
836 525 7 20 1
855 525 41 20 000
904 525 41 20 000

51 553 39 23 kr.,
103 553 224 26 bevillningsavgifter
337 554 33 19 för
380 554 106 19 särskilda
497 554 109 19 förmåner
616 554 39 19 och
666 555 129 25 rättigheter
806 555 39 19 100
854 555 41 19 000
905 555 39 22 kr.,

51 582 166 26 stämpelmedel
240 583 27 20 55
276 583 41 20 000
326 583 41 20 000
390 584 39 23 kr.,
453 584 273 20 automobilskattemedel:
750 584 21 25 a)
795 584 150 20 fordonsskatt

50 611 27 21 20
86 611 41 21 000
136 612 41 20 000
189 612 40 23 kr.,
242 613 23 25 b)
277 613 139 20 bensinskatt
427 613 12 20 5
449 613 41 20 000
498 613 41 20 000
551 613 39 23 kr.,
603 613 50 20 eller
664 613 92 26 tillhopa
767 614 27 20 25
802 614 42 20 000
852 614 41 20 000
905 614 38 23 kr.,

50 641 113 20 tullmedel
187 642 39 20 140
234 642 42 20 000
284 642 41 20 000
347 642 40 24 kr.,
410 642 81 20 allmän
513 643 208 26 omsättningsskatt
743 643 41 20 220
792 643 41 20 000
842 644 41 20 000
904 644 40 23 kr.,

51 671 117 20 varuskatt
181 672 27 20 25
217 672 41 20 000
267 672 41 20 000
321 672 39 23 kr.,
374 672 172 26 tilläggsskatter
558 673 12 19 å
584 673 75 19 bensin
674 673 25 19 10
708 673 41 20 000
757 673 41 20 000
810 673 40 23 kr.,
864 674 56 19 accis
932 674 12 19 å

50 701 53 19 silke
115 701 13 19 2
137 701 41 20 800
187 701 41 20 000
239 701 40 23 kr.,
291 702 56 19 accis
358 702 13 19 å
382 702 109 26 margarin
503 702 39 20 och
554 702 57 20 vissa
623 703 67 19 andra
702 703 107 19 fettvaror
820 703 26 20 35
855 703 41 20 000
904 703 41 20 000

50 730 40 24 kr.,
103 730 61 20 skatt
175 731 13 19 å
200 731 60 20 kaffe
274 731 24 20 10
306 731 42 20 000
356 731 42 20 000
409 732 40 22 kr.,
461 731 142 20 tobaksskatt
616 732 39 20 160
663 732 41 20 000
713 732 41 20 000
765 732 39 24 kr.,
817 732 129 20 brännvins-

50 760 214 26 tillverkningsskatt
284 761 24 19 10
311 756 48 36 000
367 761 41 20 000
425 761 39 23 kr.,
482 761 334 27 rusdrycksförsäljningsmedel:
834 762 111 26 partihan-

51 789 111 26 delsbolag
175 790 13 19 4
190 785 47 37 000
238 785 50 37 000
303 790 39 23 kr.,
358 790 226 27 detaljhandelsbolag
599 791 25 20 18
632 791 41 20 000
682 791 41 20 000
736 792 39 23 kr.,
791 792 155 26 omsättnings-

51 819 40 20 och
103 819 222 27 utskänkningsskatt
335 820 12 20 å
358 820 148 26 spritdrycker
518 821 38 20 180
565 821 41 20 000
614 821 42 20 000
665 821 39 23 kr.,
716 821 207 26 omsättningsskatt
933 822 12 19 å

50 849 37 19 vin
102 849 13 20 8
124 849 41 20 000
174 849 41 20 000
229 850 40 22 kr.,
285 850 198 26 maltdrycksskatt
497 850 27 20 40
533 850 41 20 000
582 850 41 20 000
637 851 40 23 kr.,
692 851 62 20 skatt
767 851 13 20 å
795 851 151 26 läskedrycker
961 864 3 4 |.

50 878 13 20 8
71 878 42 20 000
122 878 41 21 000
180 879 40 23 kr.,
238 879 75 26 statlig
331 879 122 26 nöjesskatt
472 880 25 20 10
505 880 41 20 000
555 880 41 20 000
612 880 40 23 kr.,
670 880 127 27 postverket
814 881 131 26 (överskott)

52 908 25 20 10
85 908 42 20 000
135 908 42 20 000
190 909 32 20 kr.

78 938 20 20 2.
110 939 55 25 Ang.
176 938 123 26 grunderna
310 939 33 20 för
354 939 121 26 uttagande
485 945 28 14 av
524 939 75 27 statlig
609 939 106 21 inkomst-
725 940 40 20 och
776 940 171 27 förmögenhets-

50 968 62 20 skatt
123 968 33 20 för
167 968 25 20 år
205 968 58 24 1941,
276 968 6 20 i
294 969 43 20 vad
349 970 35 19 rör
394 968 219 26 jordbruksärenden.

80 1009 43 20 RD
139 1009 102 24 besluter,
257 1011 35 19 att
307 1010 141 20 bottenskatt
463 1010 67 26 enligt
547 1011 43 25 18$
605 1011 153 27 förordningen
774 1017 35 14 om
825 1012 75 26 statlig
915 1012 31 20 in-

51 1039 84 20 komst-
146 1039 40 20 och
197 1039 224 27 förmögenhetsskatt
432 1040 55 20 skall
497 1041 34 19 för
541 1041 24 20 år
578 1041 52 20 1942
642 1041 52 26 utgå
705 1041 49 20 med
767 1041 39 21 150
817 1044 90 23 procent
917 1048 28 14 av

50 1069 176 26 grundbeloppet
234 1069 33 20 för
275 1070 168 26 skattskyldiga,
453 1076 46 14 som
508 1076 62 14 avses
578 1070 6 20 i
595 1071 24 19 18
628 1071 9 24 $
647 1071 13 19 2
668 1077 65 14 mom.
743 1071 21 25 a)
773 1071 40 20 och
821 1072 20 25 c)
850 1072 95 20 nämnda

51 1099 133 26 förordning,
201 1101 58 18 samt
273 1099 49 20 med
338 1100 40 20 200
393 1102 91 24 procent
498 1106 28 14 av
540 1100 175 27 grundbeloppet
729 1101 33 19 för
777 1101 167 26 skattskyldiga,

51 1134 46 14 som
114 1134 63 14 avses
193 1129 7 19 i
216 1135 83 14 samma
316 1131 99 18 moment
431 1129 30 26 b);
479 1130 40 19 och
536 1130 106 20 beräknas
659 1130 171 27 bevillningarna
847 1131 97 20 sålunda:

51 1158 106 20 inkomst-
172 1158 40 20 och
227 1159 225 26 förmögenhetsskatt
465 1159 42 20 460
515 1160 41 19 000
565 1160 41 20 000
620 1160 40 23 kr.,
675 1160 117 20 värnskatt
806 1160 41 20 360
849 1154 49 37 000
905 1161 41 20 000

51 1187 39 24 kr.,
108 1188 259 26 krigskonjunkturskatt
383 1189 26 20 25
412 1183 48 37 000
460 1183 50 37 000
526 1189 39 23 kr.,
582 1189 92 20 särskild
690 1190 61 19 skatt
767 1191 12 19 å
795 1190 151 26 förmögenhet

51 1217 26 20 27
87 1217 41 20 000
137 1217 41 20 000
192 1218 40 23 kr.,
248 1218 206 26 utskiftningsskatt
468 1219 40 19 och
523 1219 193 26 ersättningsskatt
732 1219 60 20 1000
801 1219 41 21 000
856 1220 39 23 kr.,
911 1220 35 20 be-

52 1246 196 27 villningsavgifter
260 1248 34 19 för
306 1248 105 20 särskilda
424 1248 109 20 förmåner
545 1249 40 19 och
597 1249 129 26 rättigheter
738 1249 27 20 80
773 1249 42 20 000
826 1249 40 24 kr.,
879 1252 68 18 stäm-

52 1276 106 26 pelmedel
166 1276 26 21 65
201 1277 42 20 000
251 1277 42 20 000
300 1278 40 23 kr.,
349 1278 275 20 automobilskattemedel:
633 1279 21 25 a)
662 1279 152 20 fordonsskatt
823 1279 25 20 10
856 1279 41 20 000
906 1279 41 21 000

52 1306 39 23 kr.,
106 1306 23 26 b)
143 1306 139 21 bensinskatt
295 1307 12 20 3
316 1307 41 20 000
366 1307 41 20 000
420 1308 40 23 kr.,
474 1308 50 19 eller
538 1308 91 26 tillhopa
644 1308 24 20 13
678 1308 41 20 000
728 1308 41 20 000
782 1309 39 23 kr.,
836 1309 111 20 tullmedel

54 1336 39 20 100
102 1336 41 20 000
152 1336 41 20 000
214 1336 40 24 kr.,
276 1337 81 20 allmän
379 1337 208 26 omsättningsskatt
608 1338 40 20 250
657 1338 41 20 000
706 1338 41 20 000
768 1338 40 24 kr.,
830 1339 117 20 varuskatt

52 1365 27 20 40
87 1365 42 21 000
137 1366 42 20 000
187 1366 40 23 kr.,
237 1366 129 20 trafikskatt
376 1367 25 19 16
410 1367 41 20 000
459 1367 41 20 000
507 1367 40 24 kr.,
555 1367 170 27 tilläggsskatter
734 1368 12 20 å
755 1368 76 20 bensin
838 1368 12 20 6
857 1368 42 20 000
907 1369 41 20 000

52 1395 40 23 kr.,
104 1395 57 20 accis
171 1396 12 20 å
195 1396 53 20 silke
258 1396 13 20 3
280 1396 41 20 700
330 1396 41 20 000
381 1397 40 23 kr.,
433 1397 56 20 accis
499 1397 13 20 å
523 1397 108 26 margarin
643 1397 40 20 och
693 1397 57 20 vissa
761 1398 68 20 andra
840 1398 108 20 fettvaror

55 1425 25 20 10
80 1421 48 36 000
138 1425 41 20 000
193 1426 39 23 kr.,
247 1426 61 20 skatt
321 1426 12 20 å
348 1426 59 20 kaffe
420 1426 13 20 5
442 1427 41 20 000
491 1427 41 20 000
545 1427 40 23 kr.,
600 1427 141 20 tobaksskatt
754 1427 40 21 200
798 1421 45 36 000
845 1421 46 36 000
906 1428 40 23 kr.,

53 1455 335 27 brännvinstillverkningsskatt
408 1456 75 20 14000
492 1456 41 21 000
552 1457 40 23 kr.,
612 1457 333 27 rusdrycksförsäljningsmedel:

53 1484 215 27 partihandelsbolag
280 1486 24 19 21
316 1485 41 20 000
365 1486 42 19 000
419 1486 39 23 kr.,
473 1486 224 27 detaljhandelsbolag
712 1487 24 20 15
745 1487 41 20 000
794 1487 42 20 000
848 1488 39 23 kr.,
901 1494 45 13 om-

52 1514 119 27 sättnings-
183 1515 39 19 och
235 1515 222 26 utskänkningsskatt
469 1516 11 20 å
493 1516 147 26 spritdrycker
651 1516 41 20 200
700 1517 41 19 000
750 1517 41 19 000
802 1517 39 23 kr.,
855 1519 91 18 omsätt-

52 1544 125 26 ningsskatt
191 1544 12 20 å
219 1545 37 19 vin
271 1545 12 19 6
292 1545 41 20 000
341 1545 42 20 000
397 1545 40 24 kr.,
452 1546 197 26 maltdrycksskatt
664 1546 26 20 32
693 1540 46 36 000
741 1540 48 36 000
803 1547 40 22 kr.,
858 1547 61 20 skatt
933 1547 12 20 å

53 1573 155 27 läskedrycker
223 1574 12 20 7
245 1574 40 21 500
294 1574 42 21 000
350 1575 39 23 kr.,
406 1575 75 26 statlig
495 1575 122 26 nöjesskatt
634 1576 24 19 12
667 1569 41 37 000
708 1569 47 37 000
754 1569 49 37 kr.,
819 1577 127 25 postverket

53 1603 131 26 (överskott)
199 1604 27 19 30
235 1604 41 20 000
284 1604 42 20 000
341 1605 31 20 kr.

81 1651 43 19 RD
140 1651 101 23 besluter,
257 1653 36 18 att
307 1652 141 20 bottenskatt
463 1652 67 26 enligt
547 1653 43 25 18$
605 1653 153 26 förordningen
774 1659 35 14 om
825 1654 75 26 statlig
914 1654 32 20 in-

52 1680 84 20 komst-
151 1681 40 20 och
206 1681 224 26 förmögenhetsskatt
445 1682 54 20 skall
514 1694 27 2 —
556 1682 49 20 med
620 1683 143 25 iakttagande
778 1689 28 14 av
821 1683 43 21 vad
879 1683 7 20 i
901 1683 45 25 20$

53 1710 68 20 andra
131 1710 87 26 stycket
228 1716 83 15 samma
320 1711 127 26 förordning
456 1711 88 27 stadgas
553 1724 28 2 —
589 1712 34 20 för
632 1713 23 19 år
666 1712 53 21 1943
728 1713 52 25 utgå
790 1713 49 19 med
851 1713 39 20 150
899 1719 48 20 pro-

53 1741 51 18 cent
114 1745 29 15 av
153 1740 175 26 grundbeloppet
338 1741 34 20 för
386 1741 169 26 skattskyldiga,
571 1747 46 14 som
628 1747 63 15 avses
700 1742 7 20 i
720 1742 24 20 18
753 1742 10 25 $
773 1742 13 20 2
796 1748 66 15 mom.
874 1743 21 25 a)
906 1743 40 20 och

53 1769 20 26 c)
85 1769 96 20 nämnda
191 1770 132 26 förordning,
335 1772 57 18 samt
402 1771 50 19 med
462 1771 41 20 200
513 1773 90 24 procent
613 1777 28 14 av
650 1772 175 26 grundbeloppet
834 1772 33 20 för
877 1772 70 20 skatt-

54 1798 106 27 skyldiga,
177 1805 46 14 som
239 1805 62 15 avses
317 1800 6 19 i
339 1806 83 14 samma
437 1802 99 18 moment
551 1801 30 26 b);
597 1801 40 20 och
653 1801 107 20 beräknas
775 1801 171 27 bevillningarna

54 1828 98 20 sålunda:
174 1829 107 20 inkomst-
302 1829 41 20 och
363 1830 224 26 förmögenhetsskatt
608 1831 40 20 5345
650 1824 48 36 000
700 1824 52 36 000
768 1831 40 24 kr.,
830 1832 117 20 värnskatt

53 1858 41 20 425
103 1858 41 20 000
153 1858 41 20 000
212 1859 39 23 kr.,
270 1859 258 26 krigskonjunkturskatt
545 1860 27 20 35
575 1854 48 36 000
622 1854 49 36 000
689 1860 39 24 kr.,
747 1861 91 20 särskild
856 1861 61 20 skatt
934 1862 12 19 å

53 1887 153 26 förmögenhet
233 1889 27 19 30
268 1889 41 20 000
317 1889 42 20 000
386 1889 40 24 kr.,
455 1890 204 26 utskiftningsskatt
686 1891 40 19 och
753 1891 194 26 ersättningsskatt

55 1917 62 21 1000
125 1917 41 21 000
181 1918 39 23 kr.,
236 1918 224 27 bevillningsavgifter
474 1919 34 20 för
522 1920 104 20 särskilda
641 1920 109 20 förmåner
764 1920 40 20 och
819 1921 128 25 rättigheter

54 1947 27 20 70
82 1943 49 37 000
146 1947 40 24 kr.,
202 1948 165 26 stämpelmedel
383 1949 26 20 65
410 1943 47 37 000
459 1943 49 37 000
523 1949 40 24 kr.,
579 1950 273 20 automobilskattemedel:
868 1951 21 25 a)
905 1950 42 20 for-

55 1977 116 20 donsskatt
190 1978 27 20 25
226 1978 41 20 000
276 1978 41 20 000
336 1978 39 24 kr.,
396 1978 23 26 b)
439 1978 138 21 bensinskatt
596 1979 62 20 3500
667 1979 41 21 000
727 1979 39 24 kr.,
787 1980 50 20 eller
856 1980 91 26 tillhopa

54 2006 27 20 28
91 2006 40 20 500
139 2007 42 20 000
205 2007 40 24 kr.,
271 2008 112 20 tullmedel
409 2008 38 20 110
456 2008 91 20 000000
571 2009 39 23 kr.,
635 2009 80 20 allmän
740 2010 207 26 omsättningsskatt

54 2036 41 20 310
104 2036 41 20 000
153 2036 42 20 000
206 2037 40 23 kr.,
259 2037 117 20 varuskatt
387 2038 27 19 40
422 2038 41 20 000
472 2038 41 20 000
524 2038 40 24 kr.,
576 2039 129 20 trafikskatt
716 2039 27 21 25
752 2039 41 20 000
801 2039 41 21 000
854 2040 39 23 kr.,
905 2039 43 20 till-

55 2065 145 27 läggsskatter
215 2067 12 19 å
243 2067 76 20 bensin
334 2067 12 20 7
349 2061 47 37 000
397 2061 48 37 000
460 2068 40 23 kr.,
516 2068 56 20 accis
587 2068 12 20 å
615 2068 52 20 silke
682 2069 13 19 4
698 2061 47 37 000
744 2061 50 37 000
808 2069 40 23 kr.,
864 2069 56 20 accis
935 2069 12 20 å

55 2096 108 25 margarin
174 2096 41 20 och
225 2096 57 21 vissa
293 2097 69 20 andra
372 2097 107 20 fettvaror
491 2098 24 19 14
524 2097 41 21 000
574 2098 41 20 000
624 2098 39 24 kr.,
674 2098 61 20 skatt
745 2099 12 19 å
767 2098 59 20 kaffe
836 2099 13 20 5
858 2099 41 20 000
907 2099 41 20 000

963 181 16 19 z
1088 156 101 30 Motioner
1236 156 90 30 Utskott
1371 172 57 17 Sätv.
1478 157 106 30 Protokoll

980 189 9 11 r
988 180 19 29 |
1011 184 55 21 Prop.
1389 201 22 12 Hr

1093 214 33 16 FK
1128 210 23 29 |
1156 214 34 16 AK
1212 214 86 16 ISmllAvd]
1321 215 27 15 Nr
1467 215 33 15 FK
1566 215 35 16 AK

965 315 25 20 411
1020 314 40 21 293
1068 310 27 35 |
1105 326 27 2 —1
1156 314 41 20 2001]
1233 315 60 20 71—1
1331 314 26 21 391
1382 315 98 20 415142:
1492 317 24 17 29
1521 310 22 35 |
1548 316 33 20 43:
1593 318 24 17 35

977 944 8 13 »
1021 938 40 20 12931]
1106 949 28 2 —I
1171 939 123 19 —I1101—]1
1332 938 26 20 791
1396 949 28 4 —
1447 938 33 20 143:
1492 940 25 18 33
1519 934 22 34 |
1547 939 34 20 43:
1592 941 24 18 47

966 1009 27 20 421
1021 1010 40 20 305
1071 1005 27 35 |
1106 1020 27 3 —)I
1171 1021 27 2 —I
1233 1010 60 20 71—1
1331 1009 89 21 471441
1438 1009 193 24 [26:144d|26:162d

1528 1074 6 15 4

966 1652 27 19 431
1021 1653 40 20 317
1070 1647 27 36 |
1106 1663 27 2 —|
1171 1664 27 2 —I
1233 1652 61 20 71—)
1331 1651 92 22 521456]
1439 1647 41 36 27:
1491 1655 25 17 42
1524 1647 19 36 |
1548 1655 33 20 27:
1592 1657 25 17 43
