1843 2359
1627 74 43 21 247

997 185 26 20 FÖ
1132 161 91 30 Motioner
1246 201 19 1 c
1274 160 86 47 PESkort
1404 160 31 61 skr
1435 177 26 40 iv.
1470 201 36 2 RS
1508 160 109 30 Protokoll

1127 219 33 16 FK
1162 215 23 30 |
1190 219 34 16 AK
1246 219 85 16 |SmllAvd]
1355 219 26 16 Nr
1500 219 32 16 FK
1599 219 35 16 AK

83 255 131 26 Ersättning.

113 292 19 20 5.
149 291 43 21 RD
207 291 116 26 medgiver,
339 292 33 19 att
388 291 32 20 till
435 290 109 21 täckande
558 296 28 14 av
601 290 57 20 vissa
673 289 285 27 brandskadeersättningar
972 289 54 21 i|421
1053 290 41 20 253
1101 285 28 36 |
1138 302 28 2 —|
1203 302 27 2 —I|
1265 290 61 20 61—]
1352 290 38 20 1631
1415 290 39 20 3571
1479 291 33 20 23:
1525 292 23 18 17
1555 285 19 36 |
1580 291 33 20 23:
1625 292 22 18 51

84 321 107 20 samband
209 321 49 20 med
279 320 132 27 skogsbrand
433 320 40 20 den
491 321 13 19 3
520 320 39 26 juli
578 320 49 20 1941
646 320 58 20 inom
724 319 107 21 Dals-Eds
848 319 78 20 socken
943 320 35 19 må
1039 323 21 20 pt
1070 322 10 17 2
1351 327 15 11 s.
1379 322 10 17 3

84 357 28 14 av
126 351 38 20 det
176 351 6 19 i
196 350 117 21 riksstaten
327 351 33 20 för
372 350 131 26 budgetåret
518 349 90 26 1941/42
621 349 107 27 uppförda
742 349 190 27 förslagsanslaget
944 349 33 20 till

85 381 141 20 oförutsedda
239 380 89 26 utgifter
340 380 110 20 utbetalas
462 381 33 18 ett
507 380 78 26 belopp
597 385 28 14 av
637 379 64 26 högst
712 380 12 19 3
733 379 41 20 828
785 379 32 20 kr.
830 378 27 21 90
868 380 42 19 öre.

113 411 19 19 6.
150 410 41 20 RD
202 411 91 26 antager
302 410 79 26 förslag
391 409 33 21 till
434 409 35 27 lag
479 415 34 14 om
524 409 91 20 fortsatt
624 409 100 26 giltighet
733 415 28 14 av
771 409 61 26 lagen
843 409 41 19 den
894 408 27 21 20
931 409 45 19 okt.)
1008 415 8 12 »
1024 404 24 37 |
1053 409 41 20 312
1103 404 24 37 |
1138 421 26 2 —I
1203 421 26 2 —I
1264 409 13 20 9/1
1312 409 13 20 21
1363 409 148 20 381369125:
1526 411 37 18 1761
1579 409 33 20 25:
1627 411 37 18 176]

87 440 52 20 1939
154 440 35 26 (nr
203 440 49 25 734)
267 440 49 20 med
331 440 105 20 särskilda
451 439 164 20 bestämmelser
628 444 49 21 ang.
692 438 108 27 gäldande
814 444 28 14 av
856 438 122 26 ersättning

85 470 67 26 enligt
163 469 276 27 fartygsuttagningslagen
450 475 29 14 m.
490 469 22 20 fl.
524 469 66 26 lagar.

116 518 16 19 1.
148 517 41 20 Till
205 517 121 26 ersättning
342 517 32 20 för
389 517 57 20 vissa
462 522 77 21 genom
554 516 224 26 krigsförhållandena
794 516 126 26 uppkomna
936 515 89 21 för-l143]
1067 517 12 19 2
1138 529 27 2 —!I
1203 529 27 2 —I
1265 516 60 20 61—]1
1366 516 23 20 151
1428 516 26 20 24]
1493 516 54 21 5:16
1549 512 27 35 |
1593 517 19 20 5:
1624 519 24 17 28

85 547 68 20 luster
163 547 88 20 anvisas
262 547 12 20 å
286 546 132 27 tilläggsstat
429 547 27 20 60
464 546 42 20 000
517 546 31 20 kr.
1048 553 15 11 s.
1075 548 23 17 31
1351 549 37 16 8.2

113 577 19 19 2.
148 576 41 20 Till
201 576 122 26 ersättning
334 577 33 19 för
378 576 57 20 vissa
448 576 152 20 bötesandelar
610 575 87 20 anvisas
709 576 12 19 2
730 575 41 20 500
782 575 32 19 kr.
1008 581 8 13 »
1025 571 23 35 I
1056 576 37 19 1:21
1138 588 27 1 —I
1203 588 27 1 —I
1264 575 60 20 61—1
1377 576 13 19 21
1441 575 106 20 21-7:12
1553 571 22 35 |
1594 575 40 20 7:9

1045 608 21 20 pt
1077 607 24 17 34
1350 607 103 17 4018.;8

112 636 20 19 3.
148 635 41 20 Till
205 635 122 26 ersättning
343 635 33 20 för
391 635 94 19 förlorad
502 634 196 26 inteckningslösen
715 633 36 20 vid
767 633 211 21 stadsdomstolarnal]l
1008 640 9 12 »
1030 629 19 36 |
1055 634 39 20 1:21]
1137 646 28 2 —I|
1202 647 28 2 —I
1264 634 60 20 6l—|
1376 635 13 19 21
1442 635 12 19 21
1493 634 54 20 7:121
1593 634 43 20 7:9

85 665 87 19 anvisas
189 664 39 21 140
236 665 42 20 000
291 664 32 20 kr.
1045 667 21 20 pt
1077 666 24 17 35
1350 671 15 11 s.
1377 666 11 17 91
1415 671 15 11 s.
1442 666 11 17 8

113 694 19 20 4.
150 694 42 20 RD
203 694 118 26 medgiver,
333 695 35 19 att
379 694 32 19 till
423 694 134 19 rådmännen
569 693 5 20 i
587 693 107 26 Ronneby
706 693 28 19 K.
745 693 26 19 A.
783 693 24 19 F.
820 693 107 20 Svensson
939 693 39 19 ochlål
1009 699 8 13 »
1027 689 23 35 |
1055 693 38 20 159
1104 689 27 35 I
1138 706 27 2 —I|
1202 706 27 2 —1I
1264 693 60 20 61—]1
1362 693 185 20 991221116:47
1554 689 19 35 |
1581 693 67 20 16:43

86 724 22 20 F.
121 724 28 19 H.
161 724 26 20 A.
200 724 56 26 Berg
266 724 35 20 må
314 724 25 19 fr.
352 730 18 13 o.
382 730 29 13 m.
424 723 40 20 den
477 723 48 26 dag,
538 723 27 20 då
576 722 111 21 föreskrift
698 728 35 14 om
744 722 89 20 stadens
844 722 117 20 förenande
972 722 6 20 i
1350 725 36 17 ft

84 753 108 26 judiciellt
203 753 108 20 avseende
322 753 49 20 med
385 749 64 24 Östra
462 753 39 20 och
514 752 105 21 Medelsta
632 752 102 26 domsaga
746 752 74 20 träder
834 752 6 20 i
852 752 66 23 kraft,
930 752 48 19 från

85 783 110 20 allmänna
216 783 214 26 indragningsstaten
451 783 68 19 under
538 782 62 20 deras
619 782 137 20 återstående
775 781 74 21 livstid
869 781 109 20 utbetalas

85 813 54 26 årlig
153 813 132 26 gottgörelse
300 812 50 20 med
365 812 41 20 560
421 812 32 20 kr.
470 812 33 20 till
520 812 107 20 Svensson
643 812 40 19 och
700 811 39 21 100
754 811 32 20 kr.
802 811 32 20 till
850 811 62 26 Berg,
929 811 49 20 med

86 842 142 27 iakttagande
238 849 28 13 av
276 844 35 18 att
320 843 12 19 å
343 842 112 20 förmånen
466 841 162 27 dyrtidstillägg
637 841 46 20 icke
693 841 54 20 skall
757 841 59 26 utgå.

114 872 18 20 5.
150 872 42 20 RD
208 872 117 26 medgiver,
341 873 35 19 att
391 872 32 19 till
439 872 134 19 rådmannen
589 871 6 20 i
610 871 141 20 Simrishamn
767 871 23 19 F.
806 871 33 19 W.
855 871 25 19 G.
896 871 83 19 Rosen-]
1009 877 8 12 »
1028 867 23 35 |
1056 871 37 20 159
1103 867 27 35 I
1138 883 26 2 —I
1203 884 26 1 —I
1264 871 60 20 61—]
1362 871 148 20 991221116:
1522 873 24 18 47
1551 867 23 35 |
1581 871 30 20 16:
1623 873 24 18 43

86 903 74 19 crantz
173 902 35 20 må
222 902 25 20 fr.
258 908 18 13 o.
287 908 28 13 m.
330 902 41 20 den
385 902 48 25 dag,
448 902 27 19 då
488 901 146 20 förordnande
647 907 35 14 om
695 900 88 21 stadens
796 900 118 20 förenande
927 900 6 20 i
945 900 33 26 ju-
1350 903 37 18 8.8

86 931 81 21 diciellt
180 932 107 19 avseende
300 932 49 19 med
367 931 119 27 Ingelstads
500 931 39 20 och
553 931 124 20 Järrestads
690 930 103 27 domsaga
806 930 74 20 träder
892 929 7 21 i
911 930 66 23 kraft,

86 961 47 20 från
144 961 110 20 allmänna
266 961 214 26 indragningsstaten
492 961 68 20 under
570 961 54 19 hans
635 960 138 20 återstående
783 959 74 21 livstid
869 959 109 21 utbetalas

86 991 53 26 årlig
149 991 131 26 gottgörelse
291 991 49 20 med
352 991 12 20 3
377 991 38 19 150
426 991 31 19 kr.
468 990 69 26 jämte
549 990 161 26 dyrtidstillägg
721 990 12 19 å
744 991 33 18 ett
788 989 78 26 belopp
877 995 28 14 av
918 989 8 20 1
937 989 41 20 000

85 1021 32 19 kr.
132 1020 68 27 enligt
213 1021 26 20 de
253 1021 33 19 för
299 1020 217 27 befattningshavare
530 1020 37 20 vid
580 1021 84 19 statens
678 1019 122 27 oreglerade
813 1019 53 20 verk
879 1019 99 26 gällande

85 1050 101 26 grunder.

115 1080 19 20 6.
151 1080 42 20 RD
209 1079 117 26 medgiver,
343 1081 34 18 att
393 1079 32 20 till
441 1079 134 20 rådmännen
591 1078 6 21 i
613 1079 67 20 Skara
696 1078 26 20 N.
739 1078 26 20 R.
782 1078 154 23 Hermansson,
953 1078 24 20 B.l
1009 1084 8 13 »
1031 1074 19 35 |
1056 1079 37 20 159
1104 1074 27 35 I
1138 1091 26 2 —!I
1202 1091 27 2 —I
1264 1078 60 20 61—]
1362 1079 26 19 991
1413 1078 97 20 221116:
1522 1080 24 18 47
1550 1074 23 35 |
1580 1078 31 20 16:
1623 1080 24 18 43

88 1109 125 27 Söderpalm
230 1109 40 20 och
286 1109 25 20 A.
328 1109 20 20 J.
365 1109 25 20 A.
408 1108 120 27 Granqvist
543 1109 34 19 må
593 1109 26 19 fr.
629 1115 19 13 o.
658 1114 29 14 m.
703 1108 41 20 den
761 1108 48 26 dag,
826 1108 27 20 då
868 1107 111 21 föreskrift
1350 1116 15 11 s.
1377 1110 10 17 5

87 1145 34 14 om
131 1139 89 20 stadens
230 1139 117 20 förenande
357 1139 6 19 i
372 1138 106 26 judiciellt
487 1138 107 20 avseende
604 1138 48 20 med
663 1137 113 27 Skånings,
786 1137 61 20 Valle
856 1138 40 19 och
905 1137 73 20 Vilske

87 1169 102 26 domsaga
205 1169 73 19 träder
293 1168 5 20 i
313 1168 66 23 kraft,
395 1168 47 20 från
457 1168 110 20 allmänna
582 1167 213 26 indragningsstaten
810 1167 56 20 intill
881 1167 40 20 den
937 1167 41 20 tid-

87 1198 77 26 punkt,
179 1198 26 20 då
219 1198 164 20 vederbörande
397 1198 85 26 uppnår
494 1198 26 20 67
533 1197 35 20 års
580 1197 66 23 ålder,
660 1197 110 20 utbetalas
783 1197 53 26 årlig
848 1196 129 27 gottgörelse

86 1228 49 20 med
147 1228 40 20 714
200 1228 31 19 kr.
245 1227 31 21 till
288 1234 25 14 en
326 1233 39 14 var
376 1234 27 13 av
416 1227 147 20 Hermansson
576 1227 39 20 och
627 1226 126 27 Söderpalm
765 1228 58 18 samt
833 1227 49 19 med
896 1226 39 20 100
945 1226 32 20 kr.

86 1257 32 20 till
128 1257 126 26 Granqvist,
264 1258 49 19 med
324 1257 142 27 iakttagande
474 1263 29 14 av
512 1258 34 19 att
555 1257 11 20 å
576 1257 113 20 förmånen
699 1256 161 26 dyrtidstillägg
868 1256 47 20 icke
924 1256 54 20 skall

86 1288 60 25 utgå;
159 1287 39 20 och
211 1287 111 26 medgiver
334 1287 41 20 RD
388 1288 35 19 att
435 1287 25 20 fr.
471 1293 18 14 o.
500 1293 28 13 m.
541 1287 59 19 förut
611 1286 94 26 angivna
719 1286 105 26 tidpunkt
835 1286 35 19 må
882 1285 33 21 till
927 1286 51 20 Sve-

87 1317 54 26 riges
151 1317 249 20 kommunalanställdas
411 1316 164 26 pensionskassa
586 1316 47 20 från
644 1316 110 20 allmänna
765 1315 212 27 indragningsstaten

87 1347 33 20 för
133 1347 148 20 Hermansson
294 1347 39 19 och
348 1346 125 26 Söderpalm
487 1346 88 26 årligen,
588 1346 56 20 intill
657 1346 48 19 dess
718 1345 162 20 vederbörande
893 1345 85 26 uppnår

87 1376 26 21 67
130 1377 34 19 års
180 1376 60 20 ålder
255 1376 51 20 eller
321 1376 125 26 skyldighet
462 1377 34 19 att
512 1376 85 25 erlägga
614 1375 172 27 pensionsavgift
802 1375 33 20 för
851 1375 49 20 dem
916 1374 62 27 eljest

87 1406 119 23 bortfaller,
219 1406 96 26 erläggas
328 1406 60 26 dylik
400 1405 71 27 avgift
482 1405 49 20 med
544 1405 33 20 för
589 1405 41 20 den
643 1405 55 20 förre
712 1405 39 20 122
762 1405 32 19 kr.
807 1405 26 20 24
846 1406 35 19 öre
894 1404 39 20 och
945 1405 34 19 för

87 1436 41 20 den
139 1442 75 14 senare
226 1436 38 20 114
274 1436 32 20 kr.
318 1435 23 20 41
355 1437 42 19 öre.

115 1465 19 20 7.
152 1466 41 19 RD
205 1465 111 27 medgiver
326 1466 35 19 att
371 1465 41 20 den
424 1465 14 20 f.
449 1465 20 20 d.
481 1465 134 20 rådmannen
626 1464 6 20 i
644 1464 60 20 Piteå
716 1464 22 21 C.
750 1464 25 20 E.
787 1464 103 20 Eriksson
900 1469 77 21 genom
975 1459 11 37 |
1008 1470 8 12 »
1029 1459 19 37 |
1055 1464 38 20 159
1103 1459 28 37 I
1137 1476 27 2 —!
1202 1476 27 2 —I
1264 1464 59 19 61—]
1361 1464 149 20 991221116:
1522 1465 23 18 47
1549 1459 24 37 |
1580 1463 30 20 16:
1622 1465 24 18 43

87 1495 74 20 KM:ts
174 1495 71 20 beslut
257 1495 41 20 den
311 1495 27 20 30
349 1495 47 26 juni
410 1495 53 20 1942
475 1494 130 20 tillerkända
618 1494 65 26 årliga
695 1494 146 26 gottgörelsen
853 1500 28 13 av
893 1493 41 20 474
945 1493 32 20 kr.
1349 1501 15 11 s.
1376 1496 11 17 8

86 1524 62 24 skall,
162 1525 79 20 räknat
254 1525 25 19 fr.
290 1531 18 13 o.
319 1531 28 13 m.
361 1525 41 19 den
418 1525 6 19 1
440 1524 54 26 april
510 1524 58 23 1943,
582 1524 52 26 utgå
647 1524 47 19 från
707 1523 109 20 allmänna
829 1523 150 26 indragnings-

86 1555 80 19 staten.

114 1584 20 20 8.
150 1584 40 20 Till
201 1584 122 25 ersättning
334 1584 33 19 för
377 1583 127 26 förfogande
514 1585 52 18 över
576 1583 56 20 vissa
644 1583 73 26 fartyg
727 1582 86 21 anvisas
824 1583 11 19 å
848 1582 131 26 tilläggsstat]
1008 1588 9 13 »
1026 1578 23 35 |
1056 1582 37 20 199
1103 1578 27 35 |
1137 1594 27 3 —|
1202 1595 26 1 —I]
1263 1582 61 19 61—]
1350 1582 38 20 1231
1412 1582 40 20 257
1455 1578 18 35 1
1479 1582 67 19 19:17
1553 1578 19 35 |
1580 1582 31 19 19:
1622 1584 25 17 56

87 1614 12 19 9
109 1613 40 20 600
158 1613 41 20 000
214 1613 31 20 kr.
262 1613 33 26 (f).

115 1643 19 19 9.
152 1643 41 20 RD
210 1643 72 28 avslår
297 1642 108 21 motioner
421 1649 34 13 om
472 1642 121 26 ersättning
608 1642 24 20 åt
647 1641 97 21 enskilda
761 1647 100 21 personer
873 1641 39 20 och
924 1641 55 20 före]
1008 1648 8 12 »
1027 1636 25 39 |
1067 1653 26 2 —
1098 1636 20 39 1
1137 1641 27 21 34|
1202 1641 26 20 441
1264 1641 124 21 6/—11831]
1425 1652 28 3 —]|
1477 1640 33 21 24:
1524 1643 37 18 1061
1577 1641 33 20 24:
1624 1643 38 17 108

87 1674 37 24 tag
141 1672 33 20 för
190 1672 78 20 förlust
283 1672 32 20 till
333 1672 53 26 följd
403 1678 28 14 av
447 1672 102 20 förbudet
565 1673 47 19 mot
628 1671 127 26 försäljning
766 1677 28 14 av
806 1671 172 26 flygfotografier

86 1708 29 15 m,
128 1709 29 14 m.

117 1745 17 19 1.
152 1744 41 20 RD
204 1744 117 26 medgiver,
331 1745 35 19 att
377 1743 31 20 till
419 1743 133 20 rådmännen
563 1743 5 20 i
579 1743 123 20 Strömstad
712 1742 25 20 A.
749 1742 23 20 F.
784 1742 68 20 Forell
863 1742 39 20 och
912 1742 25 20 A.
951 1742 26 20 D.

87 1774 138 26 Wetterberg
239 1774 35 20 må
289 1774 26 19 fr.
326 1780 18 13 o.
355 1779 28 14 m.
399 1773 40 20 den
455 1773 49 26 dag,
520 1773 27 20 då
562 1772 110 21 föreskrift
687 1778 34 14 om
736 1772 89 20 stadens
840 1772 117 20 förenande
972 1772 6 20 i

86 1804 108 26 judiciellt
203 1803 107 21 avseende
320 1803 49 20 med
379 1803 133 20 Norrvikens
523 1803 102 26 domsaga
636 1802 73 20 träder
718 1802 6 20 i
734 1802 66 23 kraft,
811 1802 47 20 från
868 1801 110 21 allmänna

87 1833 215 27 indragningsstaten
319 1833 68 20 under
403 1833 62 19 deras
481 1832 138 20 återstående
636 1832 73 20 livstid
726 1831 110 21 utbetalas
852 1831 53 27 årlig
921 1833 57 25 gott-

87 1863 81 27 görelse
180 1863 50 20 med
244 1863 7 20 1
264 1863 41 20 536
316 1863 32 20 kr.
362 1862 31 20 till
406 1862 69 20 Forell
488 1862 39 20 och
540 1862 40 20 240
592 1862 31 20 kr.
636 1861 33 21 till
680 1862 144 26 Wetterberg,
836 1861 50 20 med
898 1861 81 20 iaktta-

87 1893 70 26 gande
168 1899 29 14 av
208 1894 35 19 att
254 1893 11 19 å
277 1892 137 20 förmånerna
426 1891 162 27 dyrtidstillägg
598 1891 46 20 icke
656 1891 54 20 skall
722 1891 50 26 utgå
785 1892 57 19 samt
853 1892 41 21 att,
906 1891 73 20 därest

89 1922 68 21 Forell
173 1922 69 20 skulle
258 1922 78 26 övergå
352 1922 32 19 till
401 1922 44 19 ord.
463 1921 123 26 befattning
601 1921 6 20 i
623 1922 83 19 statens
723 1921 69 26 tjänst
807 1920 50 20 eller
872 1922 59 18 utses
946 1921 33 20 till

88 1952 278 26 kommunalborgmästare
381 1951 5 20 i
401 1951 123 20 Strömstad
538 1951 50 20 eller
602 1951 6 20 i
622 1957 72 14 annan
709 1951 49 20 stad
772 1950 51 20 eller
836 1950 32 20 till
883 1950 96 21 ledamot

88 1988 28 14 av
128 1988 74 14 annan
215 1982 128 19 rådhusrätt
356 1981 39 20 och
408 1981 122 26 magistrat,
544 1981 42 20 han
599 1980 18 26 ej
632 1980 75 20 vidare
720 1980 54 20 skall
787 1980 87 26 åtnjuta
888 1980 90 20 berörda

88 2011 137 27 gottgörelse.

116 2042 19 19 2.
153 2041 42 20 RD
209 2041 127 26 godkänner
349 2046 29 14 av
392 2040 110 20 utskottet
515 2040 115 20 förordade
643 2040 94 26 grunder
750 2040 33 19 för
797 2039 146 26 ersättningar
956 2039 24 20 åt|
1009 2045 9 13 »
1025 2034 24 37 |
1054 2039 40 20 358
1101 2034 29 37 |
1138 2051 28 2 —I
1203 2051 27 2 —J]
1265 2039 60 20 61|—
1321 2034 19 37 |
1348 2039 41 20 2581
1413 2038 98 21 505132:
1522 2040 25 18 49
1557 2034 15 37 |
1578 2039 33 20 32:
1623 2041 23 17 11

88 2071 100 20 arbetare
200 2077 29 13 m.
240 2070 22 20 fl.
275 2070 37 20 vid
326 2070 109 20 Salsåkers
447 2069 92 27 sågverk
551 2071 58 18 samt
620 2069 88 20 anvisar
720 2069 32 20 till
764 2069 58 20 vissa
834 2068 146 27 ersättningar

89 2100 24 20 åt
122 2100 100 21 arbetare
232 2100 36 20 vid
279 2099 110 21 Salsåkers
398 2099 92 26 sågverk
499 2105 29 14 m.
539 2099 22 20 fl.
571 2099 13 20 å
593 2099 133 26 tilläggsstat
737 2099 8 19 I
756 2099 26 20 63
791 2098 41 21 700
841 2098 32 20 kr.

495 2134 11 9 .

1053 1742 37 20 341
1101 1738 27 35 |
1138 1755 26 1 —|
1203 1755 26 2 —IJ]
1264 1742 60 20 61—]|
1348 1742 40 20 2541
1413 1742 40 20 4921
1477 1742 33 20 31:
1523 1744 23 17 14
1558 1738 14 35 |
1578 1742 33 20 31:
1622 1744 24 18 22

998 1742 27 50 z&
