1868 2363
1294 5 52 1 EERO
1375 1 474 19 EAS

1655 83 55 21 664a

1162 169 101 31 Motioner
1312 169 89 31 Utskott
1480 186 4 3 4
1562 173 94 17 Protokoll

1037 194 26 19 År
1059 190 20 32 |
1086 197 54 21 Prop.
1445 182 57 48 int
1511 209 193 3 SETS
1645 191 24 32 AA

1167 227 33 16 FK
1202 223 23 29 |
1232 228 34 16 AK
1288 228 85 16 |SmllAvd|
1396 228 26 16 Nr
1540 227 34 16 FK
1640 227 36 17 AK

129 289 81 24 KÖTT.

160 323 60 19 RD:s
232 323 104 26 yttrande
348 324 51 18 över
411 329 60 20 prop.
483 323 49 19 med
542 323 79 25 förslag
631 323 31 20 till
672 322 124 27 förordning
806 328 47 20 ang.
863 323 155 25 klassificering
1022 318 18 35 |
1039 323 25 19 41]
1094 323 42 20 299
1144 318 27 35 |
1177 335 29 2 —I
1242 323 125 21 —1]10|—]
1404 323 27 20 76
1453 323 43 20 1413
1519 322 35 20 141:
1567 324 37 18 105|
1619 323 35 20 42:
1666 325 25 17 36

130 359 28 13 av
169 353 57 19 kött.

161 383 25 19 Se
198 383 39 19 ock
250 381 106 21 Jordbruk
367 382 63 26 (1943
443 383 37 25 H).

130 419 253 29 KÖTTBESIKTNING;
395 430 22 13 se
428 424 144 20 Köttkontroll.

130 461 233 24 KÖTTKONTROLL.

163 495 17 19 1.
201 495 40 19 RD
261 495 102 23 anhåller,
381 497 35 18 att
432 495 64 20 KM:t
512 495 49 19 ville
579 495 86 20 utfärda
682 495 138 26 erforderliga
838 495 132 20 föreskrifter
988 495 31 20 tilll
1041 496 24 19 41]
1110 507 28 2 —
1194 495 13 21 8)
1244 496 124 20 —lI10|—]
1404 495 150 21 441248129:
1567 497 24 17 44
1596 491 19 35 |
1620 495 35 21 30:
1667 497 24 18 46

131 524 148 26 avhjälpande
295 531 28 13 av
340 525 126 19 nuvarande
478 525 138 25 olägenheter
628 525 36 19 vid
677 525 123 25 besiktning
811 531 28 14 av
851 525 91 26 älgkött,
955 527 65 18 även-

131 560 46 14 som
230 555 54 19 efter
296 555 40 19 den
349 556 99 18 närmare
460 555 115 25 utredning
586 555 5 19 i
604 555 75 25 frågan
691 561 45 13 som
746 555 35 19 må
791 561 62 14 anses
862 555 65 25 nödig
936 567 28 2 —
973 555 47 19 vid-

133 586 49 23 taga
200 584 25 19 de
242 584 125 25 ytterligare
384 584 100 25 åtgärder
500 584 4 19 i
520 584 96 23 ärendet,
632 584 58 20 vilka
702 584 74 20 kunna
788 584 99 20 befinnas
899 584 120 26 påkallade.

161 614 19 19 2.
200 613 42 19 RD
259 614 90 24 antager
366 614 79 24 förslag
462 613 31 20 till
507 613 125 26 förordning
644 620 34 13 om
691 613 43 20 viss
746 613 138 26 tillämpning
895 614 6 19 i
913 614 60 25 fråga
985 620 34 13 om]
1049 621 8 12 »
1069 609 23 35 |
1096 614 42 20 269
1147 609 23 35 |
1179 626 29 2 —I|
1244 614 125 21 —I110!|—]1
1405 613 150 21 671406139:
1568 615 24 18 70
1598 609 19 35 |
1620 614 36 20 41:
1668 616 24 17 83

132 643 85 25 älgkött
229 649 28 14 av
269 643 61 25 lagen
340 643 41 19 den
391 643 21 19 11
423 643 43 26 maj
477 643 51 20 1934
537 644 34 23 (nr
580 643 47 24 140)
635 649 48 20 ang.
692 643 175 26 köttbesiktning
875 644 39 19 och
922 643 98 20 slakthus

132 673 117 25 (avseende
261 673 123 25 besiktning
396 679 27 13 av
436 673 101 25 älgkött).

163 714 43 19 RD
218 716 90 23 antager
319 714 79 25 förslag
410 714 32 20 till
454 714 125 26 förordning
592 720 34 14 om
638 714 44 20 viss
694 714 137 26 tillämpning
842 714 6 20 i
858 714 60 26 fråga
927 720 35 14 om
971 715 50 19 kött
1025 710 18 35 |
1042 715 26 20 42]
1112 715 27 20 521
1180 727 29 2 —|
1245 715 124 20 —l|110l—]|
1420 714 12 21 71
1470 715 86 20 97113:
1568 717 24 17 73
1622 715 34 20 |13:
1668 717 25 18 99

133 749 27 14 av
172 744 34 24 älg
218 749 28 14 m.
257 744 21 19 fl.
292 744 49 25 djur
352 750 28 13 av
392 744 60 25 lagen
466 744 40 19 den
521 744 21 19 11
556 744 44 25 maj
615 744 52 20 1934
679 745 34 23 (nr
726 744 47 25 140)
785 749 48 21 ang.
845 744 176 26 köttbesiktning

133 773 39 19 och
190 773 105 23 slakthus,
313 779 28 13 m.
352 779 28 13 m.
398 773 214 26 (besiktningstvång
628 775 41 18 rör.
686 774 49 19 kött
747 780 27 13 av
787 774 69 25 björn,
869 774 101 23 vildsvin,
982 776 39 17 räv

133 803 39 19 och
191 803 114 25 grävling);
326 803 39 19 och
385 803 95 19 anmäler
500 803 48 23 RD,
568 805 34 18 att
620 803 36 20 vid
674 803 132 26 granskning
823 809 28 14 av
869 803 102 26 förslaget
988 803 32 20 till

133 832 125 25 förordning
275 838 34 13 om
327 833 82 19 ändrad
427 833 81 25 lydelse
524 839 27 13 av
568 833 6 19 1$
589 833 172 25 förordningen
774 833 41 19 den
830 833 21 19 11
865 833 43 26 maj
923 833 52 20 1934
987 834 34 24 (nr

135 862 47 25 141)
194 867 48 20 ang.
255 862 78 19 förbud
346 864 46 17 mot
404 862 43 19 viss
459 862 118 26 stämpling
589 862 49 20 eller
649 862 115 25 märkning
773 869 27 13 av
809 863 51 19 kött
869 863 39 19 och
917 863 104 19 köttvara
1727 867 6 7 S

135 891 41 20 RD
189 891 18 25 ej
220 891 72 20 funnit
305 891 45 20 skäl
363 893 33 18 att
408 893 47 18 mot
466 892 121 19 detsamma
599 892 120 20 framställa
731 892 70 26 någon
813 892 92 20 erinran.

164 933 40 19 RD
223 933 72 19 avslår
311 933 107 19 motioner
435 939 34 13 om
486 933 114 20 införande
616 939 27 14 av
660 933 108 25 enhetliga
785 933 237 26 ordningsföreskrifter
1042 934 27 20 146]
1111 946 29 2 —
1141 929 22 34 |
1182 934 189 20 781177110!|—]
1406 935 28 20 351]
1470 934 87 20 —|18:
1569 936 24 17 43
1624 935 33 20 |19:
1670 936 25 18 55

133 962 36 19 vid
182 962 140 20 slakterierna
334 962 5 19 i
352 962 106 20 samband
470 963 48 19 med
532 963 150 25 obligatoriskt
694 963 263 26 köttbesiktningstvång.

164 1004 40 19 RD
221 1005 90 23 antager
328 1004 33 25 lag
378 1010 34 13 om
430 1004 91 25 ändring
538 1004 5 19 i
561 1004 61 26 lagen
640 1004 40 20 den
700 1005 21 19 11
740 1004 43 26 maj
801 1004 53 20 1934
866 1007 34 21 (nr
914 1005 46 25 140)
972 1010 49 20 ang.
1026 1000 14 35 |
1043 1005 26 20 48]
1113 1005 27 20 631]
1181 1018 29 2 —|
1246 1005 125 20 —|10l—1|
1421 1005 13 20 61
1472 1005 122 21 89110:65
1603 1000 14 35 |
1624 1005 34 21 10:
1672 1007 36 18 103

133 1033 175 25 köttbesiktning
325 1034 39 19 och
381 1034 99 19 slakthus
496 1035 56 18 samt
566 1034 125 26 förordning
702 1039 48 21 ang.
763 1034 82 20 ändrad
858 1034 80 26 lydelse
949 1040 27 14 av
990 1035 32 24 1$

133 1063 153 25 förordningen
304 1063 41 20 den
362 1063 26 20 27
404 1069 57 14 mars
475 1063 52 20 1942
539 1064 34 22 (nr
586 1063 47 25 134)
646 1070 34 13 om
693 1064 43 19 viss
749 1064 137 26 tillämpning
896 1064 6 19 i
914 1064 60 26 fråga
987 1070 34 14 om

133 1093 50 19 kött
194 1098 28 14 av
234 1092 34 25 älg
279 1099 29 13 m.
319 1093 22 19 fl.
354 1093 49 25 djur
415 1099 27 13 av
454 1093 61 25 lagen
528 1093 40 19 den
580 1093 21 19 11
613 1093 43 26 maj
670 1093 51 20 1934
731 1094 34 24 (nr
775 1093 48 26 140)
832 1099 48 20 ang.
890 1094 132 19 köttbesikt-

134 1122 51 26 ning
197 1122 39 19 och
249 1122 99 20 slakthus
359 1129 28 13 m.
398 1129 28 13 m.

134 1160 208 28 KÖTTLAGRING;
354 1171 22 12 se
387 1164 69 20 Enkla
467 1164 69 25 frågor
548 1164 61 23 (1944
624 1164 28 20 H:
665 1167 38 22 14).

134 1201 84 24 KÖTT-
230 1205 53 20 OCH
296 1205 331 25 CHARKUTERIHANDELN;
638 1212 22 14 se
672 1206 69 20 Enkla
752 1206 68 26 frågor
832 1206 70 24 (1948:
914 1207 40 25 33).

134 1242 319 29 KÖTTRANSONERINGEN;
465 1254 21 13 se
501 1247 179 26 Interpellationer
691 1248 70 25 (1946:
778 1249 52 24 130).
