1820 2353
148 154 40 21 140
844 155 223 17 SAKREGISTER

161 447 168 26 Avskrivningar
344 446 36 20 och
395 446 115 26 eftergifter.

164 479 11 17 6
190 476 42 21 RD
251 476 117 27 medgiver,
387 478 36 18 att
439 476 68 20 förste
526 478 139 24 reparatören
683 476 37 20 vid
740 478 83 18 statens
840 476 117 27 järnvägar
976 477 24 20 E.

204 506 116 27 Hägglund
339 507 36 19 må
394 506 79 20 befrias
491 506 49 20 från
560 506 80 20 honom
658 506 88 26 jämlikt
765 503 113 23 Överluleå
897 506 104 27 tingslags

203 536 136 21 häradsrätts
352 536 72 26 utslag
437 536 41 20 den
492 536 26 20 27
532 536 45 20 okt.
593 536 52 20 1933
659 536 112 26 åliggande
785 536 124 27 skyldighet
922 538 34 19 att
969 537 32 20 till

203 568 83 19 statens
312 566 117 26 järnvägar
453 566 111 26 återgälda
589 566 58 20 vissa
675 566 141 26 ersättnings-
836 566 39 20 och
900 566 102 21 livränte-

203 596 85 26 belopp.

164 665 9 17 7
189 662 43 21 RD
244 662 117 26 medgiver,
374 664 34 18 att
420 662 64 21 KM:t
495 663 42 23 må,
549 662 34 20 för
594 662 122 20 beredande
728 668 28 14 av
767 663 137 26 erforderligt
914 662 88 21 rådrum

203 693 24 19 åt
248 692 141 20 intressenter
409 692 7 20 i
438 694 33 18 ett
488 692 7 20 i
512 692 109 26 trångmål
638 692 96 20 varande
752 692 249 27 torrläggningsföretag,

203 723 56 19 efter
274 722 108 27 prövning
397 728 29 14 av
440 722 147 26 föreliggande
603 722 105 20 särskilda
725 722 192 26 omständigheter,
934 723 68 20 under

204 752 59 20 tiden
284 752 8 20 1
312 752 40 26 juli
372 752 108 20 1934—30
498 752 47 26 juni
565 752 53 20 1935
636 752 100 26 medgiva
754 752 94 20 anstånd
867 752 49 20 med
935 752 67 27 erläg-

203 782 69 26 gande
290 788 29 14 av
336 782 125 20 annuiteter
478 782 12 20 å
508 782 35 20 lån
561 782 48 20 från
628 782 214 26 odlingslånefonden
860 782 40 20 och
918 784 83 18 statens

203 812 240 26 avdikningslånefond.

164 880 10 17 8
189 878 43 20 RD
248 878 117 26 medgiver,
382 879 35 19 att
432 878 101 19 arrendet
547 878 34 20 för
596 878 42 20 den
653 878 33 20 till
701 878 148 26 aktiebolaget
864 878 137 21 Järnforsens

203 907 144 21 möbelfabrik
363 907 34 21 för
411 907 61 20 tiden
488 907 33 20 till
537 908 41 19 den
596 907 25 20 14
636 913 58 15 mars
711 907 53 21 1940
780 908 106 26 upplåtna
902 908 99 20 arrende-

203 938 69 20 lotten
291 937 124 27 Brostugan
435 938 12 20 å
466 938 152 26 kronoparken
638 937 109 21 Klövdala
766 937 7 20 i
792 937 91 21 Kalmar
901 938 36 20 län
956 938 44 24 må,

202 968 81 19 räknat
297 967 48 20 från
361 967 41 20 den
416 967 26 20 14
453 973 58 14 mars
524 967 60 24 1933,
597 967 112 21 nedsättas
720 967 49 20 från
782 967 59 21 1500
852 967 33 21 till
899 967 58 21 1000
968 968 32 20 kr.

164 1036 10 17 9
189 1033 43 21 RD
248 1033 118 27 medgiver,
382 1030 35 24 att
431 1034 145 20 statsverkets
591 1034 87 20 fordran
695 1034 38 19 hos
748 1034 56 20 förre
819 1034 92 20 konsuln
928 1034 5 20 i
949 1034 52 20 New

203 1063 62 20 York
278 1063 28 20 K.
321 1063 84 20 Woxen
419 1063 35 20 må
469 1063 120 20 avskrivas.

151 1124 23 18 10
189 1122 43 21 RD
242 1122 111 26 medgiver
362 1122 142 26 avskrivning
513 1128 28 14 av
551 1122 26 20 de
587 1123 85 26 belopp,
683 1129 47 14 som
739 1123 68 26 enligt
816 1123 12 20 5
838 1123 40 20 och
888 1123 12 19 6
910 1123 20 25 $$
939 1123 62 26 lagen

203 1152 41 20 den
259 1152 13 20 9
287 1152 46 20 dec.
350 1152 53 20 1910
418 1158 35 14 om
467 1152 130 26 indragning
610 1152 34 20 till
658 1153 135 19 statsverket
807 1152 39 20 och
861 1152 141 27 avskrivning

203 1187 28 14 av
248 1182 175 26 prästerskapets
440 1182 75 20 tionde
533 1184 58 18 samt
608 1188 35 14 om
661 1182 122 26 ersättning
800 1182 74 20 därför
891 1182 60 20 skola
968 1182 34 21 till

203 1212 134 20 statsverket
355 1212 97 26 erläggas
470 1212 60 20 inom
549 1212 131 26 Grangärde,
700 1211 100 21 Ludvika
820 1212 39 20 och
878 1212 124 20 Norrbärke

203 1241 151 26 församlingar
371 1241 7 20 i
396 1242 155 26 Kopparbergs
569 1242 36 19 län
623 1241 55 20 efter
696 1242 41 19 den
755 1241 27 21 30
800 1242 55 26 april
874 1241 53 21 1934
944 1244 58 18 samt

203 1271 59 20 inom
277 1271 108 26 Silvbergs
398 1271 127 26 församling
538 1271 7 20 i
559 1277 83 14 samma
657 1271 35 21 län
707 1271 55 20 efter
776 1271 40 20 den
831 1271 27 20 30
871 1271 55 27 april
942 1271 59 21 1936.

151 1333 22 17 11
189 1330 42 20 RD
246 1330 118 27 medgiver,
378 1332 35 19 att
425 1331 58 27 vissa
498 1331 76 20 osäkra
588 1331 122 26 fordringar
722 1331 38 20 vid
773 1331 143 20 riksbankens
929 1331 73 20 avdel-

203 1360 143 26 ningskontor
364 1361 6 19 i
390 1361 109 25 Göteborg
518 1361 39 20 och.
576 1360 80 21 Malmö
674 1361 36 20 må
728 1367 26 14 ur
771 1361 175 26 räkenskaperna
965 1366 37 15 av-

202 1390 91 20 skrivas.

151 1458 23 17 12
189 1456 43 20 RD
243 1456 118 26 medgiver,
373 1457 34 19 att
419 1456 67 20 Södra
498 1456 106 21 Dalarnes
614 1456 240 27 järnvägsaktiebolags
864 1456 137 21 återstående

202 1486 64 20 skuld
278 1486 34 20 till
324 1487 72 19 staten
409 1486 28 26 på
448 1486 71 26 grund
531 1492 29 14 av
571 1486 93 20 statslån
676 1486 34 20 för
721 1486 131 26 anläggning
864 1492 28 14 av
904 1486 97 27 bolagets

202 1515 93 27 järnväg
308 1516 43 23 må,
366 1516 80 20 räknat
458 1516 26 20 fr.
500 1522 19 14 o.
533 1522 29 14 m.
577 1516 24 20 år
616 1516 59 24 1934,
690 1516 58 20 bilda
763 1518 34 18 ett
810 1517 52 25 nytt
874 1516 43 20 lån.

151 1583 23 17 13
189 1581 43 20 RD
245 1581 117 27 medgiver,
376 1583 35 18 att
422 1582 204 20 kontorsskrivaren
639 1582 6 20 i
657 1582 211 26 riksgäldskontoret
880 1582 121 26 Margareta

202 1611 96 26 Ahlberg
312 1611 36 20 må
363 1611 79 20 befrias
456 1611 49 21 från
520 1612 152 26 skyldigheten
687 1613 35 19 att
735 1613 83 19 ersätta
833 1618 26 14 en
873 1611 7 21 i
895 1612 106 20 samband

203 1641 49 20 med
268 1641 79 26 utbyte
362 1647 28 14 av
405 1641 225 27 premieobligationer
645 1642 147 26 uppkommen
807 1641 79 21 förlust
900 1642 34 20 för
947 1642 55 20 riks-

202 1670 166 26 gäldskontoret
385 1671 12 20 å
420 1671 59 20 1450
497 1671 32 20 kr.
548 1673 57 18 samt
623 1672 34 19 att
674 1671 34 21 till
724 1671 109 21 täckande
851 1677 29 14 av
896 1671 105 21 förlusten

203 1706 83 14 samma
301 1701 79 26 belopp
395 1701 36 20 må
446 1702 62 25 tagas
523 1701 7 20 i
545 1701 95 26 anspråk
655 1707 28 14 av
697 1701 190 26 förslagsanslaget
901 1701 33 20 till
949 1702 54 19 kon-

203 1731 157 25 torsexpenser,
379 1730 254 27 inlösningsprovisioner
652 1731 39 20 och
710 1731 68 20 andra
797 1731 154 20 omkostnader
968 1731 34 21 för

203 1760 155 20 statsskulden.

152 1821 23 17 14
190 1819 42 20 RD
247 1820 117 26 medgiver,
380 1821 35 19 att
429 1820 15 20 f.
455 1820 20 20 d.
492 1820 130 26 byråchefen
638 1820 21 20 J.
677 1820 56 20 Döss
748 1820 40 20 och
803 1820 15 21 f.
828 1820 20 20 d.
864 1821 137 20 kamreraren

204 1849 24 20 G.
247 1849 25 20 E.
290 1849 89 20 Heimer
395 1850 36 20 må
448 1850 80 20 befrias
545 1850 47 20 från
611 1850 49 20 dem
676 1850 88 26 jämlikt
781 1850 74 20 KM:ts
872 1850 72 27 utslag
960 1850 41 21 den

203 1879 26 20 23
241 1885 50 14 nov.
304 1879 53 21 1933
369 1880 39 20 och
420 1880 41 20 den
473 1880 12 20 9
496 1884 58 16 mars
567 1880 53 20 1934
631 1880 113 27 åliggande
755 1880 247 27 betalningsskyldighet

203 1908 33 21 till
255 1909 244 27 generalpoststyrelsen
519 1911 59 19 samt
596 1912 36 18 att
650 1910 255 27 generalpoststyrelsens
925 1910 77 27 ifråga-

203 1939 96 20 varande
314 1939 88 20 fordran
418 1940 39 20 hos
474 1940 56 20 Döss
546 1940 39 20 och
601 1940 89 20 Heimer
704 1940 36 20 må
755 1946 26 14 ur
795 1940 116 26 styrelsens
926 1941 76 20 räken-

203 1969 78 26 skaper
295 1969 121 20 avskrivas.

150 2029 24 18 15
190 2028 42 20 RD
255 2029 72 20 avslår
349 2029 84 20 motion
456 2036 35 14 om
513 2029 183 21 efterskänkande
718 2036 29 14 av
770 2030 96 21 Svenska
888 2030 114 21 kvarnför-

203 2058 102 27 eningens
321 2059 63 21 skuld
400 2059 34 21 till
449 2059 148 27 aktiebolaget
612 2060 159 21 Kreditkassan
787 2066 28 14 av
830 2060 25 21 år
871 2060 59 21 1922.

1298 232 97 18 Utskotts-

1467 232 56 17 Riks-

1082 255 56 34 Kungl.
1192 281 3 3 É
1275 257 128 30 utlåtanden,
1460 257 69 30 dagens
1613 250 94 34 RARE

1085 289 53 18 Maj:ts]
1150 281 93 16 Motioner]
1270 292 95 17 memorial
1378 292 44 17 eller
1427 277 22 42 |
1472 292 45 17 skri-
1579 280 140 21 RE

1030 312 27 21 År
1085 322 51 14 [propir
1280 322 133 17 betänkanden
1456 318 67 31 velser
1605 310 87 21 fprotsnr)

1092 348 36 14 eller
1147 358 49 2 J-—-

1085 378 21 14 AK
1152 389 88 16 FKIAK
1261 376 16 38 é
1303 384 16 41 Z
1344 388 90 17 Nummer
1431 384 13 30 |
1450 388 92 16 Nummer
1563 372 68 48 Sadang
1699 376 35 40 da

1262 416 16 11 n

1020 477 53 20 1934]
1098 478 26 20 57
1128 473 27 34 |
1160 490 14 2 —
1269 478 51 20 61
1383 478 26 20 25
1491 478 26 20 56
1555 478 67 20 12:20
1655 477 68 20 13:25

1020 663 54 21 1934]
1098 664 26 20 25
1134 659 27 35 I
1160 676 27 2 —|
1214 664 115 20 —H0O|—
1385 664 24 20 18
1491 664 24 19 61
1554 663 67 20 [12:43
1656 663 31 20 113:
1698 665 24 17 57

1020 879 53 20 1934]
1097 879 27 20 94
1135 875 22 34 I
1159 890 27 3 —I
1213 879 117 20 —H0|—
1383 879 27 19 22
1490 878 27 21 65
1555 878 67 21 HH2:43
1656 878 67 19 13:58

1020 1034 53 21 1934]
1091 1034 39 21 123
1136 1030 14 35 |
1159 1046 27 2 —
1188 1030 14 35 I
1213 1047 28 2 —I
1268 1035 12 20 61]
1298 1030 18 35 1
1370 1030 40 34 34
1490 1033 28 21 84
1555 1033 67 21 H5:18
1655 1033 68 20 116:59

1020 1124 53 20 1934]
1098 1124 26 20 73
1137 1106 26 51 |
1159 1136 28 2 —-|
1213 1136 28 2 —l
1268 1125 12 19 6)
1312 1123 8 20 1|
1383 1123 27 20 36
1424 1106 32 51 |
1479 1123 38 20 104
1554 1123 68 20 hh5:18
1649 1110 74 32 16:59

1021 1332 53 20 1934]
1097 1344 28 2 —
1133 1328 27 34 |
1159 1344 28 2 —!
1213 1345 28 2 —]
1268 1332 62 20 81—
1384 1332 24 20 15
1485 1343 28 2 —
1554 1330 31 20 17:
1598 1333 37 17 122
1656 1330 30 20 119:
1698 1332 24 17 46

1020 1458 54 20 1934]
1092 1457 38 20 146]
1159 1469 28 2 —!|
1213 1470 28 2 —I1
1268 1458 12 20 81
1302 1469 28 2 —
1384 1457 25 20 16
1477 1456 39 20 139
1551 1456 70 21 122:24
1653 1455 56 21 123:4

1020 1583 53 20 1934]
1096 1595 28 2 —
1130 1579 27 34 |
1159 1594 27 3 —I1
1213 1595 27 2 —1
1267 1583 63 20 81—
1369 1578 40 34 24
1486 1593 28 2 —
1552 1581 34 20 123:
1597 1582 25 18 48
1632 1580 55 21 dl24:
1698 1582 24 17 61
1734 1580 12 20 d

1020 1821 53 21 1934]
1090 1821 41 21 229]
1159 1833 28 2 —
1188 1816 14 35 I
1213 1833 28 2 —I
1268 1820 51 21 611
1383 1820 23 20 71
1478 1819 38 20 172
1552 1819 68 20 124:51
1653 1818 27 20 125:
1698 1819 25 18 64

1020 2030 53 21 1934]
1097 2042 28 3 —
1152 2030 40 20 |238
1213 2041 27 3 —1I
1268 2029 52 20 611
1383 2029 27 20 72
1487 2040 28 3 —
1552 2027 33 22 124:
1597 2029 24 18 52
1632 2027 55 21 dl25:
1698 2028 25 18 64
1734 2026 13 21 dj
