1801 2336
143 81 38 19 160
829 81 223 20 SAKREGISTER

159 267 275 26 Bostadsproduktionen

177 303 7 14 1
204 297 40 20 RD
261 297 124 25 medgiver,
402 298 35 19 att
451 297 75 20 under
542 297 137 25 budgetåret
696 297 91 21 1957/58
803 296 151 27 preliminära
969 296 77 21 beslut

203 332 39 15 om
259 327 47 23 lån,
323 332 51 15 som
391 327 59 20 skall
467 327 56 25 utgå
540 327 54 20 från
610 327 142 21 lånefonden
768 327 37 20 för
821 326 224 26 bostadsbyggande,

204 356 39 20 må
252 357 118 20 meddelas
379 357 61 20 intill
451 357 32 20 ett
491 356 85 26 belopp
585 363 28 14 av
623 356 41 21 730
674 356 42 21 000
726 356 42 22 000
777 356 35 21 kr.

176 391 9 15 2
204 386 39 20 RD
261 386 124 25 medgiver,
402 387 34 20 att
451 387 75 20 under
541 386 138 26 budgetåret
695 386 91 22 1957/58
803 387 151 25 preliminära
969 387 77 21 beslut

204 422 39 14 om
259 416 46 24 lån,
321 422 51 14 som
388 416 59 20 skall
463 416 55 25 utgå
534 416 54 21 från
604 417 104 25 anslaget
722 417 36 20 till
774 416 114 21 räntefria
902 416 39 21 lån
956 417 35 20 till
1006 416 39 21 bo-

205 445 194 26 stadsbyggande,
412 445 39 21 må
464 446 118 21 meddelas
594 446 62 20 intill
669 447 34 20 ett
714 446 84 26 belopp
811 452 29 15 av
853 446 41 21 135
904 446 41 21 000
955 446 42 22 000
1010 446 35 21 kr.

205 476 62 20 samt
278 475 94 21 anvisar
383 475 35 21 till
430 475 114 21 räntefria
556 475 38 21 lån
606 476 34 20 till
652 476 217 26 bostadsbyggande
881 476 13 21 å
905 476 139 26 tilläggsstat

205 505 20 20 II
237 505 27 20 45
273 505 42 21 000
324 505 43 21 000
379 505 34 20 kr.

176 540 10 15 3
205 535 39 20 RD
257 534 77 21 avslår
345 535 115 20 motioner
470 541 39 14 om
520 535 153 21 överförande
683 536 8 20 i
702 535 91 21 enskild
805 536 42 25 ägo
858 542 28 14 av
896 536 149 24 bostadshus,

204 570 52 14 som
268 564 99 21 innehas
381 570 28 15 av
422 565 140 20 kommuner
574 565 44 21 och
631 565 152 21 kommunala
795 565 194 27 bostadsföretag.

177 599 10 15 4
205 594 68 25 Prop.
289 600 28 14 nr
334 594 40 21 119
390 599 51 21 ang.
456 595 81 25 anslag
552 594 37 21 för
603 595 138 25 budgetåret
755 595 92 21 1958/59
861 595 35 21 till
912 595 134 26 främjande

205 630 29 14 av
246 623 272 26 bostadsförsörjningen
532 630 30 15 m.
575 630 30 15 m.
618 625 74 25 jämte
704 625 7 20 i
724 625 46 21 anl.
784 625 72 21 därav
867 625 84 21 väckta
964 625 81 21 motio-

205 659 42 15 ner
261 653 50 21 FK:
322 653 114 21 406—412
451 654 43 20 och
509 654 51 21 AK:
570 654 116 21 511—517
701 654 206 22 slutbehandlades
921 655 21 26 ej
957 661 29 15 av
999 655 47 21 RD.

177 689 10 14 5
205 684 147 21 Motionerna
363 684 50 20 FK:
424 684 26 20 19
462 684 44 20 och
517 684 51 20 AK:
579 684 27 21 22
618 690 38 14 om
668 684 62 21 vissa
742 685 127 25 ändringar
879 685 9 21 i
898 685 145 21 bestämmel-

205 719 69 15 serna
283 714 45 20 rör.
338 714 93 25 statliga
440 714 136 20 bostadslån
585 714 206 21 slutbehandlades
801 715 20 25 ej
832 721 29 15 av
869 715 48 21 RD.

177 748 10 15 6
205 743 147 21 Motionerna
366 743 49 21 FK:
427 743 40 21 162
483 744 44 20 och
542 744 50 20 AK:
604 744 41 21 185
660 750 38 15 om
714 744 166 26 avvecklingen
894 751 29 14 av
937 745 28 21 de
979 750 67 21 gene-

204 773 57 20 rella
281 772 196 22 subventionerna
496 773 35 21 till
550 773 271 26 bostadsproduktionen
840 774 206 21 slutbehandlades

205 802 21 25 ej
238 808 29 15 av
276 802 47 21 RD.

178 838 9 15 7
205 833 147 20 Motionerna
363 833 49 21 FK:
422 833 43 21 283
476 833 44 20 och
531 833 51 21 AK:
592 833 42 21 370
646 839 39 15 om
696 834 134 21 ersättande
841 840 29 14 av
881 834 163 26 långivningen

204 862 36 21 till
257 862 182 26 flerfamiljshus
455 863 44 20 och
516 863 113 25 egnahem
646 863 51 20 med
715 863 257 26 kreditgarantisystem
989 863 57 22 slut-

205 892 158 21 behandlades
373 892 21 25 ej
407 898 28 15 av
445 892 47 21 RD.

176 927 11 15 8
205 922 147 20 Motionerna
365 922 49 20 FK:
424 922 43 20 284
480 922 44 20 och
536 922 51 21 AK:
597 922 40 20 371
653 928 38 14 om
705 922 134 26 främjande
852 929 29 15 av
893 923 152 27 småhusbyg-

204 952 85 25 gandet
299 951 206 21 slutbehandlades
515 952 21 25 ej
548 958 28 14 av
586 952 47 21 RD.

179 1011 6 14 1
205 1005 9 20 I
227 1005 46 20 anl.
286 1011 29 15 av
327 1005 64 20 RD:s
404 1005 125 21 revisorers
541 1006 122 21 uttalande
674 1007 45 20 rör.
731 1006 63 21 vissa
805 1006 108 26 åtgärder
924 1007 38 21 för
973 1013 28 15 en
1013 1007 32 21 ef-

204 1034 162 26 fektivisering
383 1040 29 15 av
429 1035 208 25 gruppbyggandet
653 1035 8 20 i
679 1035 110 21 Sollefteå
806 1041 30 16 m.
854 1041 30 16 m.
901 1036 64 26 giver
982 1036 39 21 RD
1038 1036 7 20 i

205 1064 112 20 skrivelse
329 1064 35 20 till
378 1064 27 20 K.
418 1064 45 21 M:t
476 1070 50 15 som
539 1064 37 21 sin
589 1065 94 25 mening
694 1065 117 21 tillkänna
822 1066 45 20 vad
879 1065 115 22 utskottet
1007 1071 39 15 an-

205 1093 54 21 fört.

175 1129 10 14 2
203 1123 40 21 RD
261 1124 136 25 godkänner
414 1124 129 25 ändringar
560 1125 7 20 i
584 1124 63 21 olika
664 1125 131 21 avseenden
812 1131 29 15 av
859 1125 134 26 grunderna
1010 1125 38 20 för

205 1153 45 21 den
262 1154 94 25 statliga
367 1154 62 20 låne-
440 1154 44 20 och
495 1154 274 26 bidragsverksamheten
779 1155 37 21 till
826 1154 134 26 främjande
970 1161 30 15 av
1008 1155 39 21 bo-

203 1183 253 26 stadsförsörjningen;
474 1184 44 20 och
535 1184 94 21 anvisar
646 1184 39 21 RD
702 1185 36 20 till
755 1184 291 26 kapitalmedelsförluster

204 1213 44 20 och
261 1213 198 26 ränteeftergifter
472 1213 14 21 å
498 1214 63 21 vissa
573 1214 258 26 bostadsbyggnadslån
845 1215 42 21 150
896 1215 42 21 000
947 1215 43 21 000
1003 1215 42 24 kr.,

203 1243 36 20 till
255 1243 201 21 bostadsrabatter
473 1244 41 20 150
524 1244 42 20 000
575 1244 42 20 000
634 1244 35 21 kr.
685 1244 44 21 och
744 1244 36 21 till
795 1244 83 26 bidrag
892 1244 36 21 till
944 1244 48 21 viss
1007 1244 39 21 bo-

204 1272 371 27 stadsförbättringsverksamhet
585 1274 27 20 22
622 1274 42 21 000
673 1274 42 21 000
725 1274 46 24 kr.;
782 1274 44 21 och
835 1274 118 26 medgiver
962 1274 40 21 RD
1011 1275 35 20 att

204 1303 75 20 under
289 1302 138 26 budgetåret
437 1303 92 21 1958/59
539 1303 76 21 beslut
625 1310 39 14 om
673 1304 82 25 bidrag
764 1304 35 21 till
810 1304 135 21 inrättande
954 1310 29 15 av
991 1309 55 20 pen-

205 1332 147 21 sionärshem
364 1332 39 21 må
415 1333 118 20 meddelas
545 1333 61 21 intill
619 1334 33 20 ett
664 1333 84 26 belopp
760 1340 29 14 av
802 1334 26 21 15
837 1334 43 21 000
889 1334 42 21 000
943 1334 47 24 kr.;
1002 1334 43 21 och

205 1362 94 20 anvisar
310 1362 39 21 RD
360 1362 36 21 till
406 1362 82 26 bidrag
497 1363 36 20 till
544 1363 134 21 inrättande
688 1369 29 15 av
726 1363 193 26 pensionärshem
929 1364 14 21 8
951 1363 43 21 000
1003 1364 42 21 000

204 1392 42 24 kr.,
264 1392 35 21 till
317 1392 82 26 bidrag
415 1393 35 20 till
468 1392 47 21 viss
532 1393 306 25 upplysningsverksamhet
855 1394 45 20 rör.
916 1393 130 26 byggnads-

204 1422 110 20 tekniska
328 1422 80 25 frågor
421 1422 27 20 25
458 1422 42 20 000
514 1422 45 24 kr.;
574 1422 44 20 och
632 1422 117 26 medgiver
762 1423 40 21 RD
816 1424 34 20 att
863 1423 75 21 under
950 1423 96 26 budget-

204 1451 50 21 året
264 1451 92 21 1958/59
365 1452 152 25 preliminära
525 1452 77 20 beslut
611 1457 52 20 ang.
673 1452 46 24 lån,
728 1458 51 15 som
788 1453 59 20 skall
857 1453 55 25 utgå
921 1453 54 20 från
984 1452 62 21 låne-

204 1481 88 21 fonden
309 1481 37 21 för
362 1481 225 26 bostadsbyggande,
604 1482 38 20 må
658 1482 118 21 meddelas
792 1482 61 21 intill
870 1484 33 19 ett
918 1482 84 26 belopp
1019 1489 27 14 av

205 1511 42 20 700
256 1511 42 20 000
308 1511 42 21 000
365 1511 45 24 kr.;
424 1512 44 20 och
482 1512 94 20 anvisar
589 1512 39 20 RD
642 1512 35 21 till
691 1512 141 21 lånefonden
846 1512 37 21 för
895 1512 152 26 bostadsbyg-

204 1541 75 25 gande
291 1541 42 20 600
343 1541 42 20 000
395 1541 42 21 000
448 1541 35 21 kr.
495 1541 44 20 och
550 1541 35 21 till
597 1541 141 21 lånefonden
749 1542 38 20 för
797 1542 250 26 maskinanskaffning

204 1571 65 20 inom
284 1570 254 26 byggnadsindustrien
555 1571 41 21 100
612 1571 46 24 kr.;
674 1571 44 21 och
734 1571 117 26 medgiver
867 1571 39 22 RD
923 1573 34 20 att
972 1572 75 21 under

205 1600 138 25 budgetåret
359 1600 91 21 1958/59
464 1600 152 25 preliminära
631 1601 77 21 beslut
722 1606 52 21 ang.
789 1601 47 25 lån,
850 1607 51 15 som
916 1602 60 21 skall
990 1602 56 25 utgå

205 1629 54 21 från
269 1630 106 25 anslaget
384 1630 35 20 till
430 1630 113 21 räntefria
553 1630 38 21 lån
601 1630 35 21 till
646 1630 225 27 bostadsbyggande,
880 1631 39 21 må
928 1632 118 21 meddelas

205 1659 61 21 intill
279 1661 33 19 ett
323 1660 84 25 belopp
419 1666 28 14 av
460 1660 41 21 130
510 1660 42 21 000
562 1660 42 21 000
616 1661 45 23 kr.;
673 1661 44 20 och
729 1661 95 21 anvisar
834 1661 40 21 RD
885 1662 36 20 till
933 1661 113 21 räntefria

205 1689 39 20 lån
254 1689 36 21 till
300 1689 218 26 bostadsbyggande
530 1690 40 21 180
579 1690 43 21 000
631 1690 42 21 000
683 1690 46 24 kr.;
740 1691 44 20 och
794 1690 77 22 avslår
881 1691 40 21 RD
932 1692 114 20 motioner

205 1725 38 14 om
256 1719 128 25 uttagande
397 1725 28 14 av
437 1725 29 15 en
479 1720 101 20 särskild
594 1719 137 26 låneavgift;
744 1720 44 21 och
801 1721 94 20 anvisar
908 1721 39 21 RD
960 1721 35 21 till
1007 1721 40 21 bo-

205 1749 191 25 stadsstyrelsen:
420 1749 137 26 avlöningar
580 1749 64 21 4502
654 1750 42 21 700
719 1750 35 21 kr.
769 1750 45 21 och
828 1750 36 21 till
880 1751 167 21 omkostnader

205 1779 42 20 673
257 1779 42 20 500
312 1779 42 24 kr.,
367 1779 35 20 till
415 1779 306 21 länsbostadsnämnderna:
734 1780 138 26 avlöningar
884 1780 14 21 4
905 1780 42 21 072
957 1781 42 21 000
1011 1781 35 20 kr.

204 1809 44 20 och
257 1809 35 20 till
302 1809 167 20 omkostnader
477 1809 43 21 603
529 1809 42 21 000
581 1809 35 21 kr.

177 1871 7 14 1
204 1865 40 20 RD
261 1865 124 26 medgiver,
402 1866 34 20 att
452 1866 75 20 under
542 1865 138 26 budgetåret
696 1866 91 22 1958/59
803 1867 152 25 preliminära
970 1866 77 22 beslut

204 1900 39 15 om
254 1894 45 24 lån,
312 1900 50 15 som
373 1895 59 20 skall
444 1895 56 25 utgå
510 1895 54 20 från
574 1895 141 21 lånefonden
726 1896 37 20 för
773 1896 225 26 bostadsbyggande,
1008 1896 38 21 må

205 1924 118 21 meddelas
337 1924 61 21 intill
412 1925 33 20 ett
457 1925 84 25 belopp
555 1931 28 14 av
596 1925 42 21 830
648 1925 42 21 000
699 1925 42 22 000
755 1926 35 21 kr.
803 1926 44 20 och
860 1926 94 21 anvisar
966 1926 35 21 till
1015 1926 31 21 lå-

205 1954 118 20 nefonden
336 1954 37 20 för
385 1954 218 26 bostadsbyggnade
615 1955 13 20 å
641 1955 141 26 tilläggsstat
794 1956 20 20 II
827 1955 28 21 50
864 1955 43 22 000
915 1956 43 20 000
971 1956 35 21 kr.

176 1989 10 15 2
204 1984 40 21 RD
261 1984 124 26 medgiver,
402 1986 34 19 att
452 1985 75 20 under
542 1985 137 25 budgetåret
696 1985 91 21 1958/59
803 1985 152 25 preliminära
970 1985 77 21 beslut

204 2020 39 14 om
253 2014 46 24 lån,
309 2020 51 14 som
369 2014 60 20 skall
439 2014 55 25 utgå
504 2014 53 20 från
567 2015 105 25 anslaget
681 2015 35 20 till
726 2015 114 21 räntefria
849 2015 38 20 lån
896 2015 36 20 till
941 2015 106 21 bostads-

204 2043 128 26 byggande,
347 2044 39 20 må
400 2044 118 20 meddelas
532 2044 61 20 intill
608 2045 33 20 ett
654 2044 84 26 belopp
752 2050 29 15 av
795 2044 41 21 150
846 2045 41 20 000
897 2044 42 21 000
953 2044 35 22 kr.
1003 2045 43 20 och

204 2074 95 20 anvisar
315 2074 35 20 till
368 2073 114 21 räntefria
498 2073 39 21 lån
554 2074 35 20 till
605 2074 218 25 bostadsbyggande
839 2074 14 21 å
869 2074 140 26 tilläggsstat
1025 2074 21 21 II

204 2103 28 21 25
241 2103 42 21 000
293 2103 42 21 000
346 2103 35 21 kr.
