1867 2361
174 159 43 21 258
906 164 137 16 SAKREGISTER

206 225 2 2 ;
1119 226 40 35 2
1391 237 4 4 :
1501 233 53 17 Riks-

1065 256 17 27 3
1119 259 35 32 2R
1219 281 3 3 r
1333 247 96 43 Uskorus
1491 259 72 31 dagens
1621 263 118 17 Kamrarnas

1066 287 16 26 RA
1143 286 17 35 =
1177 276 94 33 Motioner
1312 276 122 42 utlåtanden
1508 293 43 17 kpl.
1606 292 145 22 förhandlingar

1066 318 17 27 2
1120 314 40 34 Ze
1169 320 2 42 |
1298 311 47 17 eller
1358 310 98 18 memorial
1497 323 63 17 völker
1777 324 2 31 |

1119 346 40 23 läg
1777 360 1 7 I

1066 365 17 34 >
1120 370 35 28 2
1181 389 32 17 RR
1232 389 35 17 AG
1292 367 13 33 ER
1333 377 71 26 Pla
1414 371 28 36 |
1447 379 17 18 2)
1500 389 3 7 a
1522 371 19 36 |
1547 379 17 18 2
1594 377 67 17 Första
1666 371 23 36 |
1695 377 65 17 Andra
1777 368 2 40 |

1120 398 35 31 ”S
1170 408 1 26 |
1292 397 27 33 2
1333 403 28 32 &|
1388 398 75 26 oo
1532 421 1 14 |
1547 400 17 24 &|
1590 401 64 17 kamm.
1663 396 24 32 |
1692 402 63 16 kamm
1777 409 1 23 |

192 443 176 28 Beskickningar
384 443 37 21 och
437 443 106 21 konsulat.
1170 443 2 37 |
1277 443 85 33 SE
1477 443 2 27 le
1777 450 1 13 |

194 480 9 16 6
221 474 43 21 Till
287 474 120 27 personliga
429 474 137 26 gottgörelser
584 474 32 20 för
632 474 90 20 mistade
741 474 190 26 konsulatavgifter
947 474 83 20 anvisas
1046 473 55 20 19251
1119 473 52 31 1:3]
1298 475 22 23 6)
1340 466 22 33 11
1402 474 12 20 81
1449 472 30 22 10)
1518 474 17 30 3
1555 480 9 15 61
1595 474 33 21 30:
1640 470 37 25 125
1670 466 10 39 |
1696 475 33 20 189:

237 505 33 20 för
286 504 125 27 budgetåret
429 503 124 29 1925/1926
571 506 30 19 ett
616 506 61 19 extra
692 504 73 26 anslag
781 511 26 13 av
824 504 11 20 5
845 504 42 20 000
904 504 30 20 kr.
1122 508 33 22 p.6
1171 525 1 8 |
1319 507 1 18 I
1361 505 1 38 |
1533 505 2 15 I
1676 509 2 17 I

1171 540 1 3 I
1777 534 1 10 I

1319 562 1 6 I
1777 550 1 16 |

194 575 10 15 7
222 570 43 20 Till
280 569 143 27 förstärkning
439 576 27 14 av
481 569 44 21 ord.
539 570 236 25 reservationsanslaget
785 570 34 20 till
830 570 106 20 attachéer
946 570 85 20 anvisas
1032 565 9 35 |
1068 577 8 9 >»
1119 569 19 20 |1:
1148 565 23 53 SÅ
1298 570 11 20 6
1340 544 22 48 1
1402 570 11 19 3)
1448 569 174 21 INEESPAES0:
1642 570 107 21 TESSr0:

237 600 33 20 för
285 600 126 25 budgetåret
428 598 125 29 1925/1926
570 601 30 19 ett
616 603 59 17 extra
691 600 73 26 anslag
780 607 26 13 av
821 600 28 20 44
859 600 42 20 000
918 600 30 20 kr.
1122 604 33 23 pd
1278 610 1 15 |
1361 593 1 31 |
1777 600 1 15 I

1171 630 1 10 I
1278 627 1 3 I
1777 634 1 7 |

194 671 10 15 8
222 666 42 20 Till
288 665 144 26 förstärkning
454 672 26 14 av
503 665 44 20 ord.
571 666 236 26 reservationsanslaget
830 666 34 20 till
888 666 87 20 militär-
991 666 39 20 och)
1069 672 7 10 >
1119 659 54 42 1:3|
1278 656 1 15 I
1298 666 11 20 6
1340 657 22 46 1
1403 656 67 29 3110
1517 666 12 20 3)
1555 671 9 15 71
1595 666 83 21 30:11
1665 652 29 44 |,
1696 667 54 20 38:90
1777 659 1 7 |

237 696 178 20 marinattachéer
431 695 83 21 anvisas
529 695 33 21 för
573 695 125 27 budgetåret
710 695 125 28 1925/1926
847 697 31 19 ett
888 698 60 18 extra
959 696 73 26 anslag
1123 701 33 21 p.8
1171 703 1 23 |
1278 698 1 15 I
1676 702 2 8 I
1777 704 2 24 |

238 732 27 14 av
282 726 26 20 10
318 725 43 21 000
378 725 31 20 kr.
1171 736 1 20 |
1278 733 1 39 |
1426 743 1 17 |
1676 749 1 19 |
1777 745 2 48 |

195 790 10 16 9
223 785 42 21 Till
280 785 145 26 förstärkning
440 792 26 13 av
482 785 44 21 ord.
543 786 236 26 reservationsanslaget
790 786 34 20 till
834 785 198 21 handelsattachéer|
1070 792 8 10 >»
1119 786 18 21 |1:
1148 775 24 37 3
1278 773 31 33 [58
1341 786 9 20 1D
1403 786 126 19 Sales
1554 792 8 16 7.1
1595 786 66 21 30:11
1665 781 21 41 |
1696 786 53 21 33:9
1777 796 1 22 |

238 816 84 20 anvisas
333 815 33 20 för
383 815 123 26 budgetåret
522 814 126 28 1925/1926
665 818 31 18 ett
711 818 60 18 extra
786 816 74 25 anslag
871 822 26 14 av
909 816 26 20 75
946 816 42 20 000
1000 816 31 20 kr.
1123 821 32 23 p.9
1171 814 1 58 |
1278 812 1 57 |
1361 821 2 28 |
1777 828 1 45 |

181 886 24 16 10
223 881 74 21 Såsom
320 881 120 27 ytterligare
462 881 70 20 medel
555 881 34 20 för
611 881 134 21 anställande
761 889 26 13 av
803 883 60 19 extra
879 882 97 20 biträden
992 882 38 20 och/|
1070 888 8 11 >
1120 875 53 29 |1:3]/
1298 878 23 24 6)
1341 877 22 25 1!
1403 881 12 20 381
1449 874 35 31 an
1518 881 11 20 3
1555 888 9 15 71
1595 870 82 33 30:11)
1696 883 54 20 33:90
1754 866 24 48 |

237 911 148 26 vaktbetjänte
402 911 36 20 vid
454 911 163 26 beskickningar
632 912 40 20 och
687 912 102 20 konsulat
804 912 84 20 anvisas
902 912 33 20 för
945 912 86 25 budget-
1117 918 45 22 p.10
1278 920 43 10 Prd
1778 922 1 23 |

1778 966 1 12 I

237 942 46 19 året
300 939 125 30 1925/1926
442 943 31 19 ett
488 943 60 19 extra
563 941 74 27 anslag
653 949 26 13 av
696 942 26 20 30
733 942 42 20 000
792 942 31 20 kr.
1278 966 2 5 |
1362 931 1 39 |

1278 978 2 4 I
1362 974 1 25 |
1778 981 1 8 |

182 1007 21 15 11
223 1001 50 21 Ord.
285 1001 236 26 reservationsanslaget
531 1001 113 21 underhåll
656 1002 40 20 och
706 1002 121 26 reparation
837 1008 27 14 av
872 1004 80 18 statens
961 1002 70 26 fastig-|
1070 1009 8 9 »
1120 1003 40 20 |1:3
1279 1008 1 29 |
1696 1003 33 19 33:
1742 1007 23 16 15

237 1032 60 19 heter
315 1032 8 19 i
339 1031 103 24 utlandet,
464 1031 83 20 möbler
568 1038 28 13 m.
616 1038 29 13 m.
668 1032 77 20 sänkes
766 1031 50 21 med
841 1031 78 21 10000
943 1032 30 20 kr.
998 1032 33 20 till
1117 1028 42 37 p.21
1279 1039 1 16 |

239 1061 27 20 50
274 1060 43 20 000
333 1060 30 21 kr.
1171 1058 2 21 |
1278 1056 2 70 |
1320 1055 1 26 |

181 1125 24 16 12
223 1120 42 21 Till
281 1120 140 26 ersättningar
437 1121 22 19 åt
474 1120 56 20 vissa
546 1120 210 26 befattningshavare
772 1121 34 19 för
820 1120 78 21 förlust
913 1128 26 13 av
953 1121 7 20 i
971 1121 60 26 Ryss-|
1071 1128 8 10 »
1120 1121 40 21 |1:3
1225 1137 1 3 |
1298 1122 23 19 6,5
1341 1110 22 32 def
1380 1106 29 46 128

238 1150 52 20 land
305 1150 140 20 kvarlämnad
461 1150 103 26 egendom
581 1150 84 21 anvisas
681 1151 33 19 för
725 1150 125 26 budgetåret
862 1149 126 29 1925/1926
1002 1152 30 19 ett
1117 1152 56 27 Pos
1225 1151 1 18 Hj
1279 1151 42 21 kad

239 1182 60 19 extra
315 1180 73 26 anslag
404 1187 25 14 av
446 1180 27 20 20
483 1180 42 20 000
542 1180 31 21 kr.
1120 1181 40 20 189
1225 1187 1 21 |
1320 1181 1 4 I

241 1269 125 28 1925/1926
383 1271 30 19 ett
429 1272 59 18 extra
504 1269 73 26 anslag
593 1276 26 14 av
635 1269 42 20 425
688 1269 41 21 000
746 1270 30 19 kr.
1118 1275 45 23 p.24

182 1340 24 16 14
224 1335 42 21 Till
291 1335 134 21 bestridande
450 1342 26 13 av
498 1335 116 20 kostnader
632 1335 68 20 under
717 1335 124 26 budgetåret
858 1334 125 28 1925/1926
1000 1336 33 20 för|
1071 1344 8 10 >
1135 1325 38 31 :3|
1519 1331 46 27 310]
1596 1337 33 20 30:
1641 1342 37 15 22
1666 1327 16 41 |
1697 1337 83 26 33:15
1763 1327 16 41 |

182 1245 23 16 13
223 1240 43 20 Till
288 1240 67 26 inköp
378 1246 26 14 av
427 1239 193 26 beskickningshus
638 1240 8 19 i
664 1240 54 20 Rom
742 1240 85 20 anvisas
851 1240 33 20 för
908 1240 125 26 budgetåret
1033 1235 10 35 |
1071 1248 7 10 >
1120 1241 53 34 1:31
1225 1244 1 22 I
1279 1230 1 30 |
1299 1241 22 21 6)
1342 1242 21 20 1]

1172 1296 1 22 |
1362 1253 1 61 |

1172 1336 1 28 |
1362 1326 1 43 |

239 1366 53 26 hyra
308 1372 26 14 av
349 1365 101 26 fastighet
461 1366 7 19 i
479 1365 95 25 Moskva,
591 1365 150 26 inrymmande
758 1365 128 20 kanslilokal
897 1368 56 18 samt
965 1365 66 21 bostä-
1117 1371 45 23 p.25
1172 1366 1 31 |
1362 1383 1 6 I

239 1395 37 21 der
299 1396 22 20 åt
344 1395 177 26 beskickningens
544 1395 49 20 chef
612 1395 38 20 och
667 1395 104 26 personal,
788 1396 67 26 jämte
871 1395 114 21 kostnader
1000 1396 33 20 för
1172 1399 1 21 I

239 1426 139 25 fastighetens
401 1426 164 25 uppvärmning,
589 1425 114 27 belysning
724 1432 28 13 m.
770 1432 28 13 m.
823 1426 84 20 anvisas
927 1427 30 19 ett
973 1428 59 18 extra
1172 1425 1 12 I

239 1456 74 26 anslag
328 1462 27 14 av
370 1455 28 21 40
408 1455 42 20 000
466 1455 31 20 kr.
1171 1452 2 59 |
1225 1463 1 30 |

197 1520 8 15 1
224 1515 37 20 RD
278 1515 93 20 besluter
392 1514 128 27 indragning
542 1515 25 19 fr.
585 1521 18 14 o.
621 1521 29 13 m.
670 1514 41 21 den
729 1514 7 20 1
756 1514 41 27 juli
815 1514 56 21 1926
888 1522 25 13 av
930 1515 41 20 den
987 1515 44 20 ord.
1047 1515 91 22 192611:
1149 1513 24 39 3/
1225 1516 2 22 |
1698 1512 32 35 10:
1741 1516 26 20 sd
1778 1523 2 31 |

239 1545 239 26 kanslistbefattningen
501 1544 37 21 vid
560 1544 208 26 generalkonsulatet
783 1545 7 19 i
807 1545 116 26 Shanghai;
944 1545 39 20 och
1000 1545 32 20 be-
1123 1551 34 22 p.4
1172 1560 1 5 |
1225 1543 1 25 I

239 1575 66 20 slutes
329 1574 153 27 upprättandet
504 1575 25 19 fr.
547 1581 17 13 o.
582 1581 28 13 m.
628 1574 40 20 den
687 1574 10 20 1
714 1574 41 27 juli
773 1574 55 20 1926
845 1574 36 21 vid
897 1575 134 26 generalkon-
1172 1570 55 13 (SNES
1243 1566 33 40 Ae

239 1604 79 21 sulatet
332 1605 8 19 i
356 1605 108 25 Shanghai
480 1611 26 13 av
522 1611 27 13 en
565 1604 43 20 ord.
625 1604 263 26 vicekonsulsbefattning,
904 1604 128 21 tillhörande
1171 1608 2 2 1
1237 1596 30 40 RE

239 1634 128 26 lönegraden
383 1635 14 19 B
400 1634 44 25 26,
461 1634 49 20 med
526 1636 31 18 ett
572 1634 117 26 ortstillägg
705 1641 26 13 av
743 1634 11 19 6
765 1634 42 20 600
818 1634 39 24 kr.;
874 1635 38 19 och
924 1635 108 25 medgiver
1225 1635 1 15 |

239 1664 38 20 RD
293 1666 31 18 att
339 1664 118 26 ortstillägg
473 1665 35 19 må
523 1664 26 20 fr.
566 1671 18 13 o.
602 1671 27 13 m.
647 1664 42 20 den
706 1664 10 20 1
733 1664 42 26 juli
787 1663 56 21 1926
854 1665 51 25 utgå
916 1664 33 20 till
960 1664 72 21 sände-
1320 1659 1 29 |

240 1694 66 20 budet
321 1695 7 19 i
345 1694 140 26 Washington
501 1694 50 20 med
568 1694 26 20 35
603 1693 42 20 000
656 1694 37 24 kr.;
710 1694 39 20 och
762 1694 128 20 bestämmes
902 1696 31 18 att
944 1695 24 19 fr.
977 1701 18 13 o.
1004 1701 27 13 m.
1171 1697 1 17 I
1225 1704 1 16 I
1320 1689 2 35 |

1320 1739 1 24 |

1320 1766 1 14 I

239 1724 41 20 den
293 1724 10 20 1
315 1724 42 26 juli
374 1723 55 21 1926
447 1724 55 20 skall
517 1724 34 20 till
566 1723 133 21 sändebudet
709 1724 7 20 i
727 1724 141 26 Washington
879 1725 70 19 såsom
961 1726 70 19 ersätt-

239 1754 51 26 ning
305 1754 33 20 för
353 1754 158 27 uppvärmning
527 1754 40 20 och
583 1753 112 27 belysning
711 1760 25 14 av
753 1754 279 26 beskickningsfastigheten
1171 1764 1 4 I
1225 1773 1 3 |

239 1784 108 20 därstädes
363 1784 51 26 utgå
430 1784 12 20 3
453 1784 41 20 000
511 1784 39 24 kr.;
567 1784 40 20 och
623 1783 109 26 medgiver
747 1784 44 24 RD,
808 1786 31 18 att
855 1784 61 20 KM:t
931 1785 36 19 må
982 1786 50 24 göra
1171 1784 1 12 I
1225 1800 1 9 I

239 1814 25 20 de
280 1814 161 26 omflyttningar
457 1821 25 13 av
498 1814 209 25 befattningshavare
718 1814 8 19 i
736 1813 151 27 lönegraderna
903 1814 17 20 B
930 1813 34 25 30,
977 1814 17 20 B
1004 1814 26 20 26

238 1844 40 20 och
293 1844 16 20 B
320 1844 26 20 21
364 1844 80 20 mellan
460 1844 26 20 de
497 1844 7 20 i
516 1846 68 18 staten
600 1844 33 20 för
648 1843 118 27 ortstillägg
782 1844 91 25 angivna
889 1843 84 27 platser,
986 1850 45 14 som

238 1874 7 20 i
261 1874 156 26 sammanhang
433 1873 50 21 med
499 1873 146 26 befordringar
660 1873 74 20 kunna
749 1874 69 19 finnas
835 1874 112 26 påkallade
956 1881 28 13 m.
994 1881 36 17 m.;

238 1904 40 20 och
294 1904 76 20 sänkes
386 1904 36 20 det
437 1904 44 20 ord.
498 1903 185 26 förslagsanslaget
699 1903 163 27 beskickningar
878 1904 39 20 och
932 1904 100 20 konsulat

238 1934 50 20 med
305 1934 27 20 13
342 1934 41 20 600
400 1934 31 20 kr.
450 1933 63 21 1610
523 1933 43 21 400
583 1933 31 20 kr.

195 2010 10 15 2
223 2005 41 20 Till
282 2005 92 20 arvoden
390 2006 39 19 och
446 2005 118 26 ortstillägg
579 2006 22 19 åt
616 2005 42 20 viss
675 2007 60 18 extra
750 2005 98 26 personal
864 2005 6 20 i
882 2005 148 27 utrikesrepre-|
1069 2013 8 10 »
1119 2005 40 21 |1:3

238 2036 133 19 sentationen
387 2036 84 19 anvisas
487 2035 32 20 för
535 2035 125 26 budgetåret
677 2034 124 28 1926/1927
819 2037 30 18 ett
864 2037 59 18 extra
934 2035 96 26 förslags-
1122 2040 33 22 p.5

237 2065 74 26 anslag
327 2072 26 14 av
369 2065 42 20 240
422 2065 41 20 000
480 2065 30 20 kr.

1427 2017 1 73 |
1463 2005 40 21 43
1512 2005 18 19 Al
1555 2011 9 15 81
1596 2006 68 20 10:39
1667 2001 18 34 |
1698 2006 53 20 10:9

1677 2032 1 12 I
