1847 2359
159 152 42 21 142
892 160 136 16 SAKREGISTER

178 437 175 27 Avskrivningar
368 437 36 22 och
420 437 125 28 eftergifter.

163 473 23 15 11
205 468 38 20 RD
254 468 115 26 medgiver,
381 470 31 18 att
422 471 75 18 sexton
510 469 245 26 istatsrådsprotokollet
764 469 143 21 omförmälda
915 476 100 20 personer

220 499 36 19 må
272 498 78 21 befrias
366 499 48 19 från
430 498 49 21 dem
495 498 111 27 åliggande
622 499 124 26 skyldighet
761 501 32 19 att
808 499 34 21 till
858 499 81 21 kronan
956 500 58 20 inbe-

219 528 44 20 tala
279 530 31 18 ett
325 528 78 27 belopp
420 535 26 14 av
464 528 64 20 1124
544 529 31 20 kr.
596 529 28 20 64
642 531 35 18 öre
695 529 33 20 för
747 530 12 19 å
777 530 149 26 kronoparken
945 530 69 20 Remb

219 558 96 26 tillhörig
330 558 61 20 mark
407 558 105 21 avverkad
529 559 56 26 skog.

177 628 8 16 1
204 624 38 20 RD
261 624 115 26 medgiver,
396 626 32 19 att
445 624 55 21 förre
519 624 81 21 furiren
619 625 36 20 vid
674 621 115 30 Älvsborgs
808 628 120 23 regemente
947 626 25 19 A.
990 626 22 20 F.

219 654 139 21 Fredriksson
375 655 35 19 må
421 654 78 21 befrias
510 655 47 20 från
568 655 79 20 honom
658 655 88 27 jämlikt
756 655 258 26 regementskrigsrättens

218 684 72 26 utslag
305 684 42 20 den
367 684 26 20 25
414 687 53 24 sept.
486 684 55 20 1926
558 685 111 26 åliggande
689 685 122 26 skyldighet
829 687 32 18 att
879 685 34 21 till
932 686 82 20 kronan

219 715 74 25 utgiva
309 715 118 25 ersättning
441 714 50 21 med
508 714 42 21 184
566 715 30 20 kr.
616 715 26 20 10
659 717 40 18 öre.

177 785 10 15 2
204 780 38 20 RD
258 780 116 26 medgiver,
391 782 31 19 att
437 781 54 20 förre
508 780 112 27 korpralen
633 781 36 20 vid
680 781 75 20 Första
765 781 248 27 livgrenadjärregemen-

220 812 31 18 tet
267 811 25 19 ÅA.
308 810 24 21 E.
350 810 121 21 Andersson
488 811 35 20 må
539 811 77 20 befrias
635 811 47 20 från
702 811 79 20 honom
800 812 88 26 jämlikt
905 812 108 25 krigshov-

219 842 81 18 rättens
316 840 71 26 utslag
402 840 41 21 den
460 840 27 20 28
507 847 56 14 mars
584 840 55 21 1927
659 841 112 26 åliggande
790 841 123 27 skyldighet
931 844 32 18 att
980 841 34 21 till

220 870 82 21 kronan
318 870 73 27 utgiva
407 871 117 25 ersättning
539 870 50 21 med
606 871 41 20 322
665 871 30 20 kr.
713 871 27 20 43
757 873 41 22 öre,
816 874 56 18 samt
890 873 32 19 att
939 872 75 25 ifråga-

220 900 93 21 varande
329 900 77 27 belopp
422 901 36 20 må
473 907 26 14 ur
514 901 144 26 vederbörliga
674 901 143 27 räkenskaper
833 901 115 21 avskrivas.

177 971 10 15 3
205 966 38 20 RD
259 966 115 26 medgiver,
391 968 31 18 att
437 968 123 25 sergeanten
573 966 37 21 vid
620 967 204 20 intendenturkåren
836 968 22 19 C.
871 968 24 19 A.
908 967 107 26 Svedberg

221 996 36 20 må
273 996 78 20 befrias
370 996 47 20 från
436 996 79 20 honom
534 996 88 27 jämlikt
640 997 75 25 högsta
734 997 131 20 domstolens
884 997 70 26 utslag
973 997 41 20 den

222 1025 27 21 30
266 1028 53 24 sept.
338 1026 54 20 1927
410 1026 110 26 åliggande
536 1026 124 27 skyldighet
675 1028 31 19 att
722 1027 33 20 till
766 1027 81 20 kronan
858 1027 74 26 utgiva
943 1028 71 19 ersätt-

221 1056 52 25 ning
288 1056 33 19 för
337 1056 52 19 brist
407 1056 8 19 i
434 1063 25 12 av
478 1056 80 20 honom
581 1056 167 20 omhänderhaft
770 1057 71 19 förråd
865 1063 26 14 av
914 1057 28 19 hö
965 1056 49 20 med

222 1085 64 20 2926
303 1085 30 20 kr.
351 1085 27 20 62
395 1087 41 23 öre,
453 1088 56 17 samt
524 1088 32 17 att
571 1086 142 20 omförmälda
730 1086 77 26 belopp
823 1087 36 19 må
869 1093 26 13 ur
905 1086 109 20 vederbör-

221 1115 43 26 liga
279 1115 143 26 räkenskaper
438 1115 116 21 avskrivas.

178 1185 9 16 4
205 1181 38 20 RD
259 1180 115 27 medgiver,
391 1182 31 19 att
437 1181 123 25 föreningen
577 1181 197 20 Faktoribostäders
789 1188 21 13 u.
827 1188 20 19 p.
864 1188 18 13 a.
899 1181 64 20 skuld
982 1181 33 20 till

220 1210 42 21 den
278 1217 26 14 av
320 1211 152 20 statskontoret
485 1211 118 20 förvaltade
615 1211 79 20 fonden
708 1211 181 20 »Lantförsvarets
900 1211 115 20 fonderade

221 1240 172 21 arrendemedel»
415 1252 29 3 —
463 1240 42 21 300
515 1240 43 21 000
577 1241 31 20 kr.
628 1241 67 26 jämte
714 1242 60 19 ränta
792 1252 29 3 —
840 1241 36 20 må
899 1241 115 24 avskrivas,

221 1272 46 19 mot
283 1270 36 20 det
335 1272 31 19 att
381 1270 124 26 föreningen
521 1270 34 21 till
571 1271 82 20 kronan
667 1271 104 20 överlåter
782 1271 99 25 samtliga
891 1271 124 26 föreningen

220 1300 114 26 tillhöriga,
351 1301 13 19 å
382 1300 93 21 kronans
494 1301 61 19 mark
574 1300 107 27 uppförda
699 1300 128 27 byggnader,
847 1300 58 20 vilka
924 1301 92 20 därefter

221 1330 73 21 ställas
305 1330 68 20 under
383 1330 52 21 vård
446 1331 39 19 och
496 1330 131 26 förvaltning
637 1337 26 14 av
674 1330 227 26 arméförvaltningens
914 1330 101 21 fortifika-

221 1360 206 26 tionsdepartement
445 1360 33 21 för
496 1362 31 19 att
546 1361 70 20 såsom
638 1360 253 27 uthyrningsfastigheter
908 1360 108 21 redovisas

221 1390 68 20 under
305 1390 160 21 lantförsvarets
481 1390 44 21 ord.
542 1390 170 26 förslagsanslag.

179 1461 10 14 5
207 1456 37 20 RD
260 1456 115 26 medgiver,
387 1456 45 20 dels
444 1458 32 18 att
486 1456 34 20 till
531 1456 56 20 vissa
598 1456 209 25 befattningshavare
822 1456 87 26 oriktigt
924 1456 93 20 utbetalt

222 1485 159 27 dyrtidstillägg
395 1486 13 20 å
423 1485 49 21 dem
489 1486 7 19 i
512 1486 107 26 egenskap
635 1492 27 14 av
680 1485 146 21 vikarierande
845 1486 171 26 undervisnings-

222 1515 38 20 råd
276 1515 39 21 hos
331 1515 202 27 skolöverstyrelsen
549 1515 166 21 tillkommande
726 1515 118 26 dagarvode
855 1516 36 19 må
902 1515 114 20 efterskän-

222 1545 45 25 kas,
287 1545 55 20 dock
361 1547 31 19 att
411 1545 190 21 efterskänkandet
619 1546 36 19 må
673 1545 57 26 gälla
749 1545 75 21 endast
842 1546 7 19 i
869 1545 26 21 de
914 1545 45 25 fall,
979 1545 38 20 där

222 1575 187 26 utbetalningarna
424 1575 63 24 skett,
503 1576 66 19 innan
585 1575 27 20 de
628 1581 46 14 som
690 1575 123 26 redogörare
829 1575 111 26 ansvariga
950 1575 67 21 första

222 1605 82 26 gången
321 1605 85 20 erhållit
421 1605 34 20 del
472 1612 26 13 av
514 1605 261 27 riksräkenskapsverkets
794 1605 166 26 anmärkningar
976 1607 39 18 rör.

222 1635 161 25 ifrågavarande
405 1635 167 25 utbetalningar;
592 1634 46 21 dels
657 1635 39 20 ock
715 1636 38 23 att,
773 1635 70 20 därest
861 1635 156 26 återbetalning

223 1664 57 21 skett
295 1671 26 14 av
340 1665 70 26 dylikt
429 1665 164 26 dyrtidstillägg,
617 1664 34 21 till
674 1664 158 21 vederbörande
856 1666 35 19 må
914 1665 48 20 från
983 1665 33 20 8:e

222 1694 58 20 HT:s
291 1694 74 27 anslag
376 1694 32 21 till
420 1694 158 27 dyrtidstillägg
588 1695 22 20 åt
621 1695 208 26 befattningshavare
840 1696 8 19 i
858 1697 81 18 statens
950 1696 67 26 tjänst

223 1725 55 26 ånyo
294 1724 112 25 utbetalas,
423 1724 41 21 vad
480 1724 91 21 sålunda
586 1724 165 21 återlevererats.

181 1794 10 15 6
208 1790 38 20 RD
265 1790 114 26 medgiver,
404 1792 31 18 att
458 1790 132 20 återstående
614 1790 78 26 belopp
714 1797 26 13 av
759 1791 7 19 i
785 1790 232 27 statsrådsprotokollet

223 1821 49 19 över
290 1820 186 20 försvarsärenden
495 1820 41 20 den
557 1821 12 19 2
586 1827 57 13 mars
663 1820 56 20 1928
739 1820 149 25 omförmälda,
908 1820 34 20 till
960 1821 57 20 vissa

223 1850 145 20 officerskårer
385 1850 123 20 utlämnade
527 1850 36 20 lån
582 1850 48 20 från
649 1850 41 20 den
709 1850 69 20 under
796 1850 162 20 statskontorets
977 1851 39 19 för-

223 1880 97 26 valtning
343 1880 87 20 stående
445 1886 16 14 s.
479 1880 20 20 k.
516 1886 161 19 gemensamma
700 1880 79 20 fonden
798 1881 36 19 må
852 1881 8 19 i
873 1880 145 26 huvudsaklig

224 1909 211 21 överensstämmelse
451 1909 51 21 med
518 1916 26 14 av
559 1910 76 20 chefen
651 1910 33 20 för
699 1910 263 26 försvarsdepartementet
978 1910 39 20 och

224 1939 159 21 statsutskottet
406 1940 91 25 angivna
520 1939 92 26 grunder
635 1939 45 20 helt
703 1939 51 21 eller
772 1939 67 21 delvis
855 1940 115 25 avskrivas,
987 1941 31 19 att

224 1970 72 25 övriga
311 1969 8 20 i
334 1976 84 13 samma
428 1969 209 26 statsrådsprotokoll
648 1969 149 24 omförmälda,
809 1970 57 20 vissa
876 1970 90 20 officers-
978 1970 40 20 och

224 1999 215 20 underofficerskårer
454 1999 113 26 påvilande
583 1998 88 21 skulder
686 2006 28 13 m.
732 2006 28 13 m.
777 2000 42 23 må,
839 1999 103 21 likaledes
958 2000 7 19 i
981 2000 37 19 hu-

224 2029 114 26 vudsaklig
353 2029 211 20 överensstämmelse
580 2028 50 21 med
645 2029 147 26 nyssnämnda
802 2029 98 26 grunder,
912 2029 45 20 helt
968 2029 51 20 eller

225 2058 67 21 delvis
308 2058 73 27 gäldas
397 2065 26 14 av
439 2058 130 25 statsmedel,
586 2060 56 19 samt
652 2060 32 19 att
694 2059 66 21 härav
770 2059 125 20 föranledda
906 2059 114 20 kostnader

1051 254 17 16 -
1104 223 41 32 o
1320 232 86 42 Utskotts
1487 231 54 17 KI

1105 253 35 16 =B
1409 259 6 3 -

1051 274 17 5 =
1104 268 42 20 [28
1204 278 4 3 2
1477 256 73 31 dagens
1607 261 118 18 Kamrarnas

1104 291 41 28 2
1150 274 107 30 Motioner
1296 278 126 47 TEE
1491 291 47 17 SRS
1593 291 144 22 förhandlingar

1046 314 23 44 2
1104 311 40 43 32
1284 313 47 13 eller
1344 309 99 17 memorial
1485 321 61 17 felder

1051 361 12 10 a
1104 355 36 17 [Ce
1411 364 2 12 I

1051 375 18 11 >
1105 372 35 23 Jag
1277 369 59 22 gel»
1411 378 2 3 I
1432 376 17 19 a
1534 377 17 19 2)
1580 375 68 18 Första
1654 371 20 32 |
1681 375 66 18 Andra

1051 390 12 9 T
1104 385 36 41 28
1166 386 33 17 ELO
1277 382 17 44 E
1319 392 17 31 å
1373 386 17 27 Z
1432 397 18 25 &
1486 387 17 26 2
1533 397 18 25 &)
1576 399 71 18 kamm.
1652 393 22 33 |
1678 400 71 17 kamm.

1029 471 114 21 192711:
1124 467 10 34 9
1268 471 25 20 10
1388 472 10 20 1
1418 477 38 16 110619
1475 472 74 20 Also]
1580 472 69 21 21:85)
1682 472 68 21 22:31

1093 506 58 22 p.108

1029 625 57 23 1928]
1108 626 27 21 21
1282 626 232 22 61:11-251--11:69
1581 627 68 21 15:25
1651 622 23 35 |
1683 627 51 21 15:1

1106 662 32 22 p.1

1410 717 2 13 I

1053 784 82 19 For
1282 783 117 21 GT-11005
1447 789 9 15 FaR
1580 783 68 21 JO:
1682 784 53 20 öeLöGT

1105 818 34 23 p.2

1053 976 8 10 >
1077 965 23 35 |
1109 970 25 20 81
1283 969 11 20 6
1325 969 10 20 11
1374 969 26 21 36
1488 969 28 20 83
1583 970 67 20 19:32).
1684 969 68 21 18:24

1054 1190 8 10 >
1075 1180 26 34 I
1109 1184 27 20 49
1283 1182 53 21 GET
1374 1184 27 20 60
1475 1183 40 21 101
1582 1184 69 20 22:28
1652 1180 18 34 |
1684 1184 33 20 22:
1729 1189 24 16 82

1263 1370 2 16 I

1263 1387 2 41 |

1055 1464 8 10 »
1163 1457 93 21 1361325|
1284 1458 11 20 6
1299 1453 13 34 |
1326 1457 9 20 11
1375 1458 26 20 63
1475 1458 42 20 104
1582 1458 33 19 22:
1626 1463 25 15 28
1654 1454 22 34 |
1683 1458 33 20 22:
1728 1463 23 15 32

1263 1523 2 28 |

1264 1556 1 12 I

1056 1799 8 10 »
1106 1791 40 20 |146
1285 1791 52 21 6)
1320 1776 42 48 1|
1376 1792 27 20 86)
1477 1792 41 20 145)
1542 1776 30 48 |
1583 1780 181 32 25:71|28:5sd

1265 1846 1 32 |

1266 1917 1 16 |
