1820 2356
750 159 222 17 SAKREGISTER

1622 159 12 20 bo

1635 159 13 20 00

1650 158 12 21 in

1194 232 111 31 Utskotts-
1378 236 54 17 Riks-

993 258 56 33 Kungl.|
1198 258 117 32 utlåtanden,
1371 258 68 33 dagens
1501 255 115 16 Kamrarnas

997 292 53 18 Maj:ts]
1062 285 92 17 Motioner
1180 297 95 16 memorial
1288 297 43 16 eller
1381 296 21 16 fl
1489 284 140 21 förhandlingar

941 317 27 20 År
995 326 51 14 [prop:r
1191 326 132 17 betänkanden
1375 326 60 17 velser
1515 315 87 20 (protnn

993 342 47 35 eller
1183 374 4 4 -
1560 362 9 2 .
1642 368 5 3 SS

996 382 54 15 skam
1064 393 33 16 FK
1115 393 35 16 IAK
1171 380 16 50 i
1213 386 16 43 Z
1253 393 90 16 Nummer|
1361 393 90 16 Nummer
1573 381 70 40 Feng

73 448 71 25 BÖLA
159 450 159 23 LILLEGÅRD
332 453 28 20 Nr
373 452 13 20 2
402 453 54 20 OCH
470 447 72 25 BÖLA
556 448 187 24 VÄSTERGÅRD
758 452 28 19 Nr
799 452 23 20 3:
837 458 21 13 se
873 452 41 19 Av-
1106 446 1 30 |
1200 451 2 4 fo

100 483 126 26 söndringar
239 483 70 26 (1936:
322 483 26 25 8).
1201 479 1 6 |
1242 482 2 87 |

72 543 90 26 BÖLEAÅ
178 549 29 19 Nr
221 549 23 24 6;
260 555 21 14 se
297 549 159 25 Avsöndringar
471 548 70 26 (1932:
553 549 40 25 40).
1242 571 1 16 |
1591 566 5 6 5

72 609 150 29 BÖRJESON,
235 614 26 20 D.
273 614 36 26 Hj.
320 614 47 25 Th.,
378 614 155 26 reserykapten
544 614 6 19 i
562 614 86 21 flottan;
661 620 21 13 se
693 613 113 20 Pensioner
817 613 79 25 (1939).

72 668 198 30 BÖRSVINSTER;
284 680 20 13 se
322 674 103 25 Taxering
439 673 69 26 (1935:
521 674 26 25 8).
1242 661 2 64 |

1105 708 2 15 I

72 724 98 42 BÖTER.
1106 739 1 3 |
1243 742 1 21 |

101 763 42 19 RD
160 763 83 20 bifaller
258 769 60 20 prop.
336 763 48 19 med
400 763 79 25 förslag
496 762 31 20 till
542 763 34 25 lag
592 769 34 13 om
642 762 95 20 ändrade
753 761 231 21 bestämmelser[1933]
1014 762 12 19 5
1039 757 33 36 |
1069 774 27 1 —|
1123 774 27 1 —I
1178 762 12 18 91)
1221 761 23 22 11
1292 763 12 17 3
1401 760 92 20 17-),9:
1505 761 89 20 20419:
1606 764 23 16 22
1641 762 12 19 d

115 793 6 19 i
136 792 56 21 vissa
208 793 36 19 fall
259 794 41 18 rör.
315 793 121 25 fördelning
451 799 27 13 av
493 793 63 19 böter
569 799 29 13 m.
608 798 28 14 m.

142 829 22 16 Se
183 829 34 16 ock
237 828 137 20 Bötesandelar;
395 828 116 20 Bötesstralft;
532 828 107 20 Dagsböter;
658 828 113 20 Ersättning:
791 828 120 15 Landsstaten
1201 816 1 28 |

117 853 60 19 (1936:
188 853 34 19 12);
236 852 94 20 Villkorlig
343 853 104 16 straffdom.

72 900 229 26 BÖTESANDELAR.

101 936 42 19 RD
156 937 90 25 antager
258 936 34 25 lag
305 942 35 14 om
353 936 146 26 upphävande
512 942 27 14 av
552 936 56 19 vissa
622 936 110 25 åklagares
745 937 46 18 rätt
804 935 31 20 till
848 935 136 20 andel|1937|
1008 934 27 20 88
1044 930 28 36 |
1073 947 24 1 —
1131 947 20 2 —I
1178 935 24 22 9)
1222 934 6 19 11
1280 935 24 19 17
1386 934 38 20 118
1462 934 31 19 119:
1505 933 33 20 2d
1563 935 30 19 118:
1606 937 37 17 124

114 966 6 19 i
136 966 61 19 böter
211 972 28 14 m.
249 972 29 14 m.
1201 968 1 20 I

142 1002 22 16 Se
183 1002 35 16 ock
238 1002 106 20 Ersättning
364 1002 59 19 (1932:
433 1005 14 16 1;
468 1002 51 15 1935:
528 1004 15 17 2;
564 1002 75 16 1936:1;
658 1002 75 18 1937:1;
750 1001 74 17 1938:1;
846 1001 66 16 1939:1

120 1026 49 15 1940:
180 1026 22 19 1);
217 1026 121 16 Landsstaten
352 1025 60 20 (1936:
422 1027 34 18 12);
471 1025 96 20 Villkorlig
580 1026 98 15 strafidom
691 1025 67 20 (1933).

72 1074 274 29 BÖTESFÖRDELNING;
360 1086 22 13 se
399 1080 66 23 Böter;
483 1079 153 20 Bötesandelar.
1201 1095 1 9 |

72 1133 151 30 BÖTESLAG:
242 1145 21 13 se
285 1139 117 25 Dagsböter;
426 1139 66 23 Böter;
515 1138 130 26 Bötesstraff;
667 1138 207 25 Sammanträffande
889 1143 25 15 av

101 1168 56 20 brott.

72 1222 201 26 BÖTESSTRAFF.

77 1260 7 17 1
102 1257 42 20 RD
159 1260 91 24 antager
264 1258 33 19 för
312 1258 32 19 sin
360 1258 34 19 del
409 1258 34 25 lag
459 1264 34 14 om
509 1258 164 25 verkställighet
688 1263 28 14 av
731 1257 132 23 bötesstraff,
879 1257 35 25 lag
931 1255 52 20 ]1937]
1008 1256 26 20 35
1039 1251 24 37 |
1069 1268 22 3 —
1106 1275 1 5 |

1106 1232 50 55 1405
1177 1257 12 19 Nile
1221 1256 81 19 bird
1387 1255 34 20 101
1462 1254 30 20 117:
1504 1256 24 17 80
1539 1254 54 21 dl17:
1605 1257 24 17 53
1640 1256 12 18 d

115 1294 35 13 om
162 1288 92 25 ändring
266 1288 6 19 i
285 1288 56 19 vissa
354 1288 59 19 delar
425 1294 27 13 av
466 1288 61 25 lagen
540 1288 40 19 den
594 1288 26 19 28
631 1288 47 25 juni
692 1287 52 20 1918
757 1287 34 26 (nr
803 1287 49 25 531)
864 1292 48 20 ang.
1106 1286 1 18 |

1106 1323 1 15 |

1106 1353 1 15 I

1106 1370 1 10 |

114 1317 108 26 villkorlig
236 1318 123 23 straffdom,
374 1318 33 25 lag
422 1323 34 14 om
470 1318 92 25 ändring
576 1318 5 19 i
595 1317 57 20 vissa
666 1317 59 20 delar
738 1323 28 14 av
779 1316 133 26 strafflagen,

115 1347 33 26 lag
162 1353 35 14 om
212 1347 74 26 tillägg
300 1348 32 19 till
346 1348 61 25 lagen
423 1348 40 19 den
480 1347 25 20 14
517 1347 47 26 juni
580 1347 52 20 1917
647 1347 34 26 (nr
694 1347 49 25 380)
758 1353 34 13 om
807 1347 86 19 införsel
907 1347 6 19 i

114 1377 109 26 avlöning,
240 1377 88 26 pension
344 1377 51 20 eller
410 1377 101 23 livränta,
528 1377 33 26 lag
576 1382 48 21 ang.
641 1377 82 20 ändrad
739 1376 80 26 lydelse
834 1382 28 14 av
877 1377 12 19 2
904 1377 9 24 $

116 1407 8 19 1
138 1407 39 20 och
188 1408 13 19 2
212 1413 65 14 mom.
289 1408 58 19 samt
356 1407 12 20 8
379 1408 10 24 $
399 1407 13 20 2
423 1413 65 14 mom.
500 1407 61 26 lagen
573 1407 40 20 den
627 1407 23 20 17
662 1407 45 20 okt.
720 1406 52 20 1900
783 1407 34 25 (nr
827 1406 27 20 82
864 1412 16 14 s.
893 1406 20 26 1)

115 1442 35 14 om
161 1437 161 25 straffregister,
334 1437 34 26 lag
380 1443 35 13 om
427 1437 83 20 ändrad
521 1437 81 26 lydelse
613 1443 28 13 av
654 1437 8 19 1
676 1437 10 24 $
697 1436 67 20 andra
776 1436 87 26 stycket
874 1436 39 20 och

114 1467 12 18 4
138 1467 10 24 $
160 1467 60 26 lagen
234 1467 40 19 den
287 1467 12 19 6
310 1467 48 25 juni
371 1467 52 19 1924
435 1467 35 25 (nr
481 1466 49 27 206)
542 1467 151 19 innefattande
705 1466 162 20 bestämmelser
878 1471 35 14 om
1105 1476 1 4 I
1555 1463 2 21 |

115 1496 135 20 förfarandet
266 1497 6 19 i
290 1497 104 19 brottmål
412 1498 40 18 rör.
471 1496 57 20 vissa
545 1496 150 26 minderåriga,
713 1496 34 26 lag
764 1501 48 20 ang.
830 1495 82 20 ändrad
1105 1515 1 12 |

115 1526 80 25 lydelse
208 1532 28 14 av
251 1526 7 19 1
273 1527 10 24 $
296 1526 60 25 lagen
370 1527 41 19 den
425 1526 11 20 7
449 1526 43 26 maj
508 1526 52 20 1918
574 1526 34 25 (nr
620 1526 49 26 294)
682 1532 35 14 om
729 1525 104 21 särskilda
847 1525 66 26 tings-

115 1556 177 20 sammanträden
308 1556 33 20 för
357 1556 160 26 handläggning
532 1562 28 14 av
575 1556 57 20 vissa
648 1556 43 19 mål
707 1556 39 19 och
762 1555 100 23 ärenden,
880 1555 33 26 lag
1105 1536 1 69 |

115 1592 34 13 om
163 1586 92 25 ändring
267 1586 5 19 i
286 1586 56 20 vissa
355 1586 59 20 delar
426 1592 28 14 av
466 1585 126 26 strafflagen
604 1586 34 19 för
649 1585 156 26 krigsmakten,
818 1585 34 25 lag
864 1590 48 21 ang.

115 1616 83 19 ändrad
209 1616 80 25 lydelse
300 1622 27 13 av
338 1616 26 19 39
375 1616 40 19 och
425 1615 26 20 46
461 1616 21 24 $$
491 1616 62 26 lagen
565 1616 40 19 den
616 1615 27 20 23
654 1616 44 19 okt.
712 1615 51 20 1914
774 1615 34 25 (nr
818 1614 49 26 325)
878 1621 34 13 om
1105 1606 1 63 |

115 1645 179 26 krigsdomstolar
308 1646 39 19 och
360 1646 141 25 rättegången
516 1645 112 20 därstädes
642 1647 57 18 samt
712 1645 34 26 lag
759 1650 48 20 ang.
822 1644 91 26 ändring

115 1675 5 19 i
131 1675 57 20 vissa
201 1675 59 20 delar
269 1681 29 14 av
309 1675 61 26 lagen
381 1675 41 20 den
435 1675 25 20 12
470 1675 46 25 juni
530 1675 49 19 1931
593 1675 34 23 (nr
637 1675 50 25 233)
698 1680 34 14 om
744 1674 131 25 behandling
885 1680 28 14 av
1105 1671 1 25 |

113 1704 141 20 alkoholister
268 1704 177 27 (alkoholistlag).

1105 1888 1 17 I

1105 1911 1 20 I

76 1767 10 16 2
103 1764 40 19 RD
159 1766 90 24 antager
264 1764 126 26 förordning
405 1770 34 14 om
455 1764 145 26 upphävande
615 1770 28 14 av
658 1764 26 20 46
698 1765 10 24 $
723 1764 12 19 3
750 1769 65 15 mom.
831 1762 151 21 förord-11937|
1007 1762 26 19 36

115 1794 78 26 ningen
208 1794 41 20 den
265 1794 23 20 11
304 1794 46 26 juni
367 1794 52 20 1926
434 1794 34 26 (nr
481 1794 50 26 207)
545 1800 48 20 ang.
610 1794 138 26 tillverkning
762 1793 39 21 och
816 1793 97 20 beskatt-

116 1824 50 25 ning
181 1830 28 14 av
226 1824 114 23 brännvin,
357 1824 125 25 förordning
498 1830 34 14 om
549 1824 145 26 upphävande
709 1830 28 14 av
753 1823 26 20 32
794 1824 9 24 $
820 1823 9 20 1
847 1829 64 14 mom.

115 1854 68 19 andra
196 1854 87 25 stycket
296 1854 153 26 förordningen
464 1854 40 19 den
520 1854 8 19 1
543 1854 39 25 juli
597 1854 52 19 1918
663 1854 34 26 (nr
710 1853 49 26 308)
772 1858 48 21 ang.
834 1853 78 20 handel

115 1884 49 19 med
178 1884 102 19 skattefri
293 1884 61 26 sprit,
368 1884 126 25 förordning
508 1890 35 13 om
557 1884 146 26 upphävande
717 1889 27 14 av
760 1883 24 20 18
798 1883 9 25 $
822 1883 8 19 1
847 1889 65 14 mom.

115 1913 68 20 andra
199 1914 87 25 stycket
301 1914 153 25 förordningen
470 1914 41 19 den
529 1914 7 19 1
554 1913 39 26 juli
611 1913 52 21 1918
678 1913 34 26 (nr
727 1913 49 26 564)
791 1918 48 21 ang.
856 1913 56 20 vissa

115 1943 170 26 alkoholhaltiga
305 1945 103 24 preparat
426 1949 29 14 m.
465 1949 36 18 m.,
521 1943 126 26 förordning
666 1949 35 14 om
720 1943 146 26 upphävande
885 1948 28 14 av

115 1972 26 20 58
154 1973 9 25 $
176 1973 153 26 förordningen
344 1973 40 20 den
399 1973 9 20 1
422 1973 47 26 juni
484 1973 52 20 1923
550 1973 34 26 (nr
598 1973 47 25 140)
659 1978 48 21 ang.
721 1972 139 27 tillverkning
874 1972 39 20 och

116 2003 140 26 beskattning
272 2009 28 14 av
316 2003 155 26 maltdrycker,
487 2005 57 18 samt
560 2003 126 25 förordning
701 2008 49 21 ang.
768 2002 145 27 upphävande
1106 2001 1 15 |
1242 2017 1 6 I

114 2038 29 13 av
159 2032 24 20 12
197 2033 9 25 $
221 2033 67 19 andra
303 2033 87 25 stycket
403 2033 153 25 förordningen
571 2033 41 19 den
627 2032 12 20 3
654 2032 42 25 maj
714 2032 51 20 1929
780 2032 34 25 (nr
828 2032 35 25 62)
878 2038 34 13 om
1106 2032 1 3 I
1242 2028 1 14 I
1555 2034 1 9 |

114 2062 91 20 särskild
220 2063 60 19 skatt
294 2063 11 19 å
321 2062 74 20 bensin
411 2062 37 20 och
465 2062 132 26 motorsprit.
1554 2047 2 40 |
