1869 2365
829 162 136 33 SAKREGISTER
1655 165 42 20 257

1419 239 53 17 Riks-

1410 264 71 31 dagens
1538 269 118 17 Kamrarnas

1413 294 56 31 skri-
1523 298 145 23 förhandlingar

1415 329 63 17 velser

1252 256 94 18 Utskotts-

1095 282 94 32 Motioner
1240 286 112 18 utlåtanden

1216 316 47 18 eller
1275 316 99 18 memorial

980 263 22 144 IVSTEPSAIY

1038 310 17 104 TIS[9ALIAS
1037 250 17 48 I9][9

1057 380 16 54 ”doad
1052 308 31 72 sy:ley
1056 252 22 45 Bun

1236 371 2 41 |
1305 394 17 17 2
1418 394 17 16 2
1466 385 17 31 2
1512 367 64 43 Första
1593 371 1 31 |
1612 379 65 31 Andra

1310 413 7 8 A
1430 409 17 29 SE

1099 395 29 17 ÄR
1142 395 43 36 FR
1509 407 70 17 kamm.
1593 407 1 29 |
1609 407 70 17 kamm.

1210 377 17 58 "Tvueg

1251 382 18 49 ”PAy

1364 385 17 45 BvpIS

111 449 174 28 Beskickningar
300 449 37 22 och
353 449 105 22 konsulat.
1088 448 2 43 |
1395 448 1 29 |

99 486 22 16 14
140 481 41 20 Till
198 480 117 26 ersättning
325 481 22 20 åt
358 479 115 21 framlidne
485 480 95 26 envoyén
592 480 21 19 P.
623 480 26 19 H.
658 480 24 19 E.
692 479 149 21 Brändströms
853 479 97 26 arvingar
966 480 54 20 |1924
1088 496 2 7 |
1215 480 12 20 61
1258 479 9 20 T
1321 480 12 20 3!
1365 485 31 15 41ll
1435 480 46 20 3291
1513 480 68 20 38:49

155 511 39 20 och
218 510 102 21 likaledes
343 509 115 21 framlidne
477 509 178 26 generalkonsuln
672 510 21 19 C.
710 510 24 19 A.
752 509 78 20 Askers
846 509 56 20 änka
917 509 33 20 för
1088 509 2 4 I

155 541 103 25 mistning
280 547 26 13 av
323 540 69 26 bohag
410 540 84 20 anvisas
510 540 33 20 för
559 539 126 27 budgetåret
702 538 125 29 1924/1925
844 541 30 19 ett
890 540 59 19 extra
1088 536 2 18 |

156 570 74 26 anslag
246 577 26 13 av
288 570 77 20 20000
383 570 30 20 kr.

1613 480 33 20 37:
1658 485 23 15 25

1034 480 17 57 =

1057 480 22 52 FD

100 629 21 16 15
140 624 37 20 RD
194 623 114 26 medgiver,
333 624 31 19 att
379 624 30 19 ett
425 623 27 26 på
468 623 33 20 sin
518 622 31 21 tid
565 622 7 20 i
588 622 104 20 samband
709 622 49 20 med
774 622 84 21 förvärv
874 629 26 14 av
917 623 31 21 be-|
987 631 8 9 »
1036 622 41 21 11:3
1215 622 53 21 GET
1321 623 12 20 3/1
1365 627 31 22 42/

155 653 165 26 skickningshus
339 653 7 20 i
360 653 144 26 Köpenhamn
515 653 7 19 i
533 652 99 26 stämpel-
648 652 39 20 och
704 652 56 20 vissa
776 652 66 20 andra
860 653 90 26 avgifter
1033 658 46 21 p-19
1395 654 1 10 |

155 683 33 21 till
212 683 82 20 danska
318 684 69 19 staten
406 682 72 26 erlagt,
496 689 49 13 men
561 688 89 14 numera
667 682 31 20 till
716 682 91 20 svenska
822 683 127 20 statsverket
1395 667 1 44 |

155 713 112 20 återbetalt
290 712 78 27 belopp
387 719 26 13 av
431 712 78 20 12608
526 712 82 20 danska
623 712 38 23 kr.,
679 712 149 20 motsvarande
844 712 53 21 efter
912 713 37 20 vid
1394 712 2 17 I

154 743 33 20 för
198 743 181 25 återbetalningen
396 742 98 26 gällande
510 742 103 26 dagskurs
630 741 64 20 8623
711 742 31 20 kr.
760 742 27 20 87
804 743 41 23 öre,
862 743 36 19 må
914 749 33 14 an-
1194 760 2 3 |
1394 756 2 3 |

154 773 80 20 vändas
257 773 34 20 för
309 772 205 26 iordningställande
531 778 26 14 av
573 772 42 20 den
631 771 32 20 för
679 771 161 27 tjänstelokaler
856 772 92 20 avsedda
1194 796 2 6 I
1394 768 2 16 |

154 803 61 20 delen
239 809 27 14 av
289 802 160 26 ifrågavarande
473 801 193 26 beskickningshus
684 803 56 18 samt
755 802 33 19 för
804 802 144 26 anbringande
1087 809 2 19 I
1194 805 2 4 I
1394 796 6 30 I

154 840 26 13 av
196 835 30 18 ett
242 832 88 21 svenskt
345 832 114 26 riksvapen
476 833 49 19 över
541 832 74 20 husets
630 831 154 27 huvudportal;
808 832 40 20 och
864 832 84 20 anvisas
1394 832 6 17 I

153 863 32 20 för
201 869 84 14 samma
301 862 100 20 ändamål
417 862 34 20 för
467 861 125 26 budgetåret
609 859 125 26 1924/1925
746 863 31 19 ett
788 864 60 17 extra
859 868 88 14 reserva-
1394 854 1 26 |

154 892 130 26 tionsanslag
300 899 25 13 av
342 892 27 20 37
380 891 42 21 500
439 892 30 20 kr.

1379 628 10 15 td

1435 623 47 19 330]
1512 622 69 21 38:49
1581 618 23 34 |
1613 622 33 20 37:
1657 628 24 14 25

97 958 23 15 16
138 952 42 20 Till
196 952 136 20 bestridande
349 958 26 14 av
391 952 87 25 utgifter
494 952 33 19 för
542 952 143 25 reparationer
700 952 13 19 å
728 953 80 18 statens
825 951 101 27 fastighet
941 952 6 19 i|
986 960 8 9 >»
1034 951 42 21 1228
1213 952 12 20 61
1255 950 78 22 11108
1434 952 47 20 33801
1511 952 55 20 42:9
1574 947 27 36 |
1612 951 69 21 42:33

154 982 120 26 Leningrad
297 982 84 20 anvisas
397 981 69 21 under
482 981 32 20 3:e
531 981 40 20 HT
586 981 33 20 för
635 981 124 26 budgetåret
777 980 123 28 1924/1925
918 983 30 19 ett

154 1014 60 18 extra
229 1011 215 26 reservationsanslag
459 1018 27 14 av
502 1010 27 21 30
540 1011 42 20 000
599 1011 30 20 kr.

112 1071 7 15 1
139 1066 37 20 RD
192 1065 115 26 medgiver,
324 1066 32 19 att
371 1065 34 20 till
416 1064 119 21 beredande
546 1071 27 14 av
583 1065 174 20 ministerbostad
768 1065 40 20 och
819 1065 128 20 kanslilokal
963 1064 55 22 [19251
1035 1065 40 20 167
1086 1077 2 9 |
1213 1065 12 20 61
1256 1064 75 21 11-50
1405 1065 42 21 138
1512 1065 33 20 25:
1556 1070 9 15 7]
1613 1065 32 20 28:
1657 1069 24 16 85

159 1096 33 19 för
207 1095 167 25 beskickningen
387 1095 7 20 i
406 1095 140 25 Washington
562 1095 36 20 må
608 1095 33 20 för
652 1097 30 18 ett
694 1095 12 20 å
717 1095 126 20 statsverket
854 1095 93 21 fallande

154 1125 77 27 belopp
255 1132 26 13 av
304 1125 62 25 högst
384 1125 40 20 125
435 1124 41 21 000
493 1124 79 21 dollars
595 1125 33 20 för
651 1125 91 20 svenska
760 1127 80 18 statens
858 1125 90 26 räkning

89 1152 2 18 |
154 1156 107 20 förvärvas
277 1155 130 26 fastigheten
423 1154 57 20 2249
496 1155 18 19 R
526 1155 74 24 Street,
609 1155 25 20 N.
647 1154 40 25 W.,
699 1155 7 19 i
717 1154 95 21 nämnda
823 1154 47 21 stad
880 1155 67 26 jämte

154 1185 128 21 tillhörande
298 1185 135 20 inventarier.

110 1244 10 15 2
140 1239 35 20 RD
192 1239 129 20 bestämmer
337 1238 81 20 antalet
433 1238 209 26 befattningshavare
658 1239 12 19 å
686 1238 44 20 ord.
747 1239 42 19 stat
805 1238 32 20 för
853 1238 94 21 beskick-|
985 1246 8 10 »>
1034 1238 41 20 11:3
1213 1238 12 21 6:
1255 1236 11 21 [ikdir
1377 1243 9 16 rr
1433 1239 12 19 lars
1470 1242 9 15 el
1510 1237 68 20 SÖNLE
1588 1232 15 37 |
1612 1236 54 21 188::0

153 1269 76 25 ningar
244 1268 40 20 och
300 1268 101 20 konsulat
416 1268 25 20 fr.
454 1274 18 14 o.
485 1274 28 13 m.
528 1268 41 20 den
582 1268 10 19 1
605 1268 41 26 juli
659 1267 66 25 1925;
741 1268 39 20 och
797 1268 108 26 medgives
917 1271 31 18 att
1037 1273 34 22 p.3

153 1299 27 20 de
199 1299 32 20 för
247 1305 26 13 en
289 1298 65 20 andre
370 1297 124 21 vicekonsul
509 1297 37 21 vid
556 1298 207 26 generalkonsulatet
774 1299 6 19 i
792 1298 88 20 London
895 1304 51 21 upp-

153 1328 61 21 förda
223 1328 220 26 avlöningsförmåner
454 1328 36 20 må
500 1328 25 19 fr.
535 1334 18 14 o.
564 1335 28 13 m.
605 1327 40 21 den
656 1328 8 19 1
676 1328 41 26 juli
730 1327 55 21 1925
797 1328 74 20 kunna
881 1328 67 26 enligt

153 1359 72 20 KM:ts
249 1357 134 27 beprövande
407 1357 109 21 användas
540 1358 33 19 för
592 1357 118 21 avlönande
730 1364 26 14 av
772 1365 26 13 en
814 1358 65 20 andre
895 1358 52 21 vice-

153 1388 77 21 konsul
255 1388 49 20 med
327 1388 108 26 placering
450 1388 13 20 å
478 1387 82 24 Irland;
585 1388 39 20 och
648 1387 93 21 besluter
760 1388 43 24 RD,
828 1390 31 18 att
874 1388 72 26 frågan

153 1418 107 21 huruvida
283 1418 43 20 viss
349 1417 213 26 kanslistbefattning
583 1417 55 20 skall
658 1417 86 21 tillhöra
760 1417 41 21 den
817 1418 63 25 högre
897 1418 51 20 eller

152 1448 57 26 lägre
228 1448 128 26 lönegraden
373 1448 55 20 skall
444 1448 116 20 ankomma
576 1448 12 19 å
604 1447 71 21 KM:ts
690 1448 105 26 prövning
810 1448 6 19 i
833 1448 58 26 varje
907 1450 40 18 sär-

153 1478 51 21 skilt
220 1478 48 24 fall;
283 1478 39 20 och
340 1477 114 26 medgives,
472 1479 31 19 att
518 1477 140 26 ortstillägget
673 1478 33 19 för
722 1477 133 21 sändebudet
870 1478 6 19 i
893 1478 53 20 Rom

153 1509 35 19 må
204 1509 25 19 fr.
246 1515 18 13 o.
282 1515 28 13 m.
328 1507 41 21 den
386 1507 11 20 1
414 1507 41 27 juli
473 1507 56 20 1925
545 1508 52 25 utgå
612 1507 50 20 med
679 1508 11 19 5
691 1507 50 20 800
753 1508 39 23 kr.;
808 1508 39 19 och
857 1508 89 20 bestäm-
1392 1507 1 7 I

153 1545 53 19 mes,
230 1540 31 18 att
279 1538 47 20 från
343 1544 83 14 samma
441 1537 104 26 tidpunkt
560 1538 23 19 år
600 1537 55 20 1925
672 1537 55 20 skall
743 1537 33 20 till
792 1537 133 21 sändebudet
940 1538 6 19 i
1341 1544 1 10 |

153 1568 135 26 Helsingfors
303 1568 51 25 utgå
370 1569 31 19 ett
416 1567 78 27 belopp
510 1574 26 13 av
552 1567 14 20 4
576 1567 42 20 000
630 1567 30 20 kr.
673 1567 39 20 och
725 1567 33 20 till
769 1567 177 26 generalkonsuln

153 1598 7 19 i
176 1598 113 25 Hamburg
314 1597 63 20 1600
394 1597 29 20 kr.
449 1598 69 19 såsom
539 1597 121 26 ersättning
682 1597 33 20 för
734 1597 158 26 uppvärmning
907 1597 39 21 och

153 1627 112 27 belysning
288 1634 26 13 av
330 1627 158 20 vederbörande
504 1627 104 20 boställen
625 1628 100 19 ävensom
742 1627 33 20 till
792 1627 132 20 sändebudet
940 1628 6 20 i
1234 1653 1 3 |
1341 1632 1 20 |

153 1658 53 19 Rom
231 1657 61 27 dylik
311 1657 116 25 ersättning
445 1656 50 20 med
513 1656 62 20 1200
591 1657 39 23 kr.;
647 1657 39 19 och
702 1657 76 20 sänkes
794 1656 37 21 det
845 1656 44 21 ord.
907 1657 38 21 för-

153 1687 152 26 slagsanslaget
321 1686 33 21 till
371 1686 163 26 beskickningar
549 1686 39 20 och
604 1686 101 21 konsulat
720 1686 50 21 med
786 1686 63 20 8000
865 1686 31 21 kr.
913 1687 33 20 till

155 1717 10 20 1
177 1717 42 20 624
229 1717 42 20 000
288 1717 30 19 kr.

110 1782 9 15 3
138 1777 30 20 Ur
183 1776 113 21 riksstaten
312 1776 104 20 uteslutes
432 1776 45 21 ord.
493 1776 185 26 förslagsanslaget
693 1776 33 20 till
743 1776 157 26 övergångsstat
914 1776 33 20 för
1212 1776 12 20 6
1509 1774 33 20 30:
1556 1779 21 16 11
1579 1770 23 35 |
1611 1774 32 20 33:
1655 1780 9 15 9

1234 1711 1 33 |

1234 1746 1 10 |

1234 1761 1 40 |

152 1807 277 26 utrikesrepresentationen
445 1807 13 19 å
473 1806 13 20 8
496 1806 42 20 000
554 1806 31 20 kr.
1233 1803 2 37 |

1234 1848 1 16 |

1254 1773 10 20 [a

1318 1776 11 19 we

1433 1731 16 101 SR
1429 1729 29 15 äts

1469 1781 9 15 e

110 1872 9 15 4
138 1866 42 20 Till
204 1866 91 21 arvoden
316 1866 39 20 och
371 1866 118 26 ortstillägg
505 1867 22 19 åt
542 1866 43 20 viss
601 1865 97 27 personal
714 1866 7 19 i
737 1866 208 26 utrikesrepresenta-|
984 1873 8 10 >
1034 1865 98 20 11:3/143
1212 1865 12 20 6
1234 1876 1 4 |
1469 1870 9 15 61
1510 1864 67 20 30:11
1578 1860 19 35 |
1611 1864 33 20 33:
1655 1869 9 15 9

153 1897 71 20 tionen
241 1896 85 21 anvisas
342 1896 33 20 för
391 1896 125 25 budgetåret
533 1895 125 28 1925/1926
673 1897 30 19 ett
714 1897 59 19 extra
783 1896 164 25 förslagsanslag
1038 1900 32 22 p.4

153 1933 26 13 av
196 1926 42 20 240
248 1926 42 20 000
307 1926 38 24 kr.;
363 1926 82 20 motion
460 1932 36 14 om
512 1925 74 27 anslag
601 1925 33 21 till
651 1928 30 18 ett
695 1925 101 21 konsulat
806 1926 33 19 för
855 1926 91 20 Sibirien

153 1956 49 20 med
218 1957 44 19 säte
278 1956 7 19 i
301 1956 68 20 Omsk
385 1956 75 20 avslås.

110 2016 9 14 5
138 2010 41 20 Till
196 2011 60 19 extra
271 2009 118 26 ortstillägg
400 2010 22 19 åt
432 2009 44 20 ord.
489 2009 39 20 och
540 2011 59 18 extra
611 2009 96 26 personal
719 2009 7 20 i
737 2009 209 26 utrikesrepresenta-|
985 2016 8 10 »
1034 2008 40 20 |1:3
1212 2008 12 20 6
1235 2016 1 21 |

153 2040 72 20 tionen
249 2040 84 19 anvisas
356 2040 33 19 för
412 2039 125 26 budgetåret
562 2037 125 27 1925/1926
712 2041 28 18 ett
757 2040 60 19 extra
832 2038 74 27 anslag
921 2045 26 14 av
1037 2043 34 22 p.5
1235 2038 1 4 |

153 2069 42 20 315
206 2068 42 21 000
265 2069 30 20 kr.
1235 2043 1 51 |

1364 2013 23 15 10
1433 2004 45 49 3jCe
1510 2007 67 21 30:11
1581 2003 11 39 1
1611 2007 54 20 33:9
1692 2008 2 30 |

86 2121 29 18 33.
129 2124 90 18 Sakregister
228 2124 13 15 1.
