1852 2355
899 158 136 16 SAKREGISTER

174 1303 23 15 10

172 1608 22 16 13

170 1733 23 16 14

169 2003 24 15 16

185 434 140 28 Ersättning.

229 466 8 20 i
253 466 222 21 överenskommelsen
498 465 90 27 angiven
606 465 117 26 ersättning
742 466 22 20 åt
783 465 130 21 Karlskrona
928 466 47 20 stad
991 466 33 21 för

230 496 126 26 budgetåret
372 494 126 30 1929/1930
515 495 67 21 under
597 495 126 21 riksstatens
739 496 33 20 4:e
789 496 39 20 HT
839 497 31 19 ett
880 497 60 20 extra
951 496 73 27 anslag

230 533 27 14 av
274 526 41 20 225
326 526 42 20 750
384 526 30 20 kr.

215 592 37 21 RD
267 592 124 26 godkänner
407 592 78 21 mellan
502 592 61 20 KM:t
579 592 39 20 och
629 592 82 20 kronan
722 598 76 20 genom
810 592 212 25 kasernkommittén,

230 623 12 19 å
258 629 39 14 ena
320 622 68 25 sidan,
413 624 56 19 samt
491 622 75 21 staden
586 621 121 26 Halmstad,
724 623 13 19 å
752 621 67 21 andra
834 622 67 24 sidan,
918 622 104 26 ingången

230 652 124 27 preliminär
369 652 214 24 överenskommelse,
600 652 54 20 dock
671 652 48 20 med
736 651 35 21 det
784 651 112 25 förbehåll,
908 659 45 13 som
965 652 57 20 inne-

229 683 65 20 fattas
310 682 7 20 i
333 682 195 27 domänstyrelsens
544 682 99 27 yttrande
659 682 41 20 den
717 681 12 21 6
744 682 52 20 febr.
810 681 66 26 1928;
888 682 40 20 och
939 683 83 20 anvisas

230 712 32 21 för
278 712 135 21 bestridande
429 719 26 14 av
471 713 43 20 viss
529 712 126 26 gottgörelse
671 712 34 20 till
721 712 162 26 telegrafverket
893 712 33 20 för
936 712 86 27 budget-

229 743 45 20 året
299 741 125 29 1929/1930
449 742 68 21 under
538 742 125 20 riksstatens
682 742 33 20 4:e
731 742 40 20 HT
787 743 30 19 ett
833 743 60 19 extra
908 742 74 26 anslag
997 749 26 14 av

230 772 64 20 5000
314 772 30 20 kr.
365 774 32 19 att
412 772 124 27 disponeras
552 773 27 25 på
595 774 42 18 sätt
652 772 7 20 i
676 771 232 27 statsrådeprotokollet
924 773 97 25 angivits.

214 838 38 20 RD
268 838 114 26 medgiver,
398 840 31 19 att
440 838 34 21 till
485 838 152 21 lantbrukaren
649 838 24 20 O.
686 838 108 20 Carlssons
805 838 7 19 i
823 837 127 27 Lillgården,
962 834 61 25 Östra

230 868 103 25 Tollstad,
349 868 77 21 hustru
442 868 69 26 Helga
527 868 97 20 Carlsson
641 869 42 23 må,
695 868 70 20 såsom
777 868 116 25 ersättning
903 868 33 20 för
946 875 76 19 genom

231 898 108 26 brottsligt
357 898 122 20 förfarande
495 899 6 19 i
518 899 93 26 tjänsten
628 905 26 14 av
665 898 186 20 lantbrevbäraren
867 898 26 20 K.
911 899 25 19 A.
953 898 69 21 Karls-

229 935 38 13 son
283 928 90 20 orsakad
389 928 83 24 förlust,
482 935 26 14 av
524 928 118 26 postmedel
659 928 106 21 utbetalas
776 929 31 19 ett
817 927 78 27 belopp
906 935 26 13 av
945 928 26 20 19
980 928 42 22 833

229 958 30 21 kr.
278 958 27 20 50
321 960 40 19 öre.

214 1024 37 21 RD
267 1024 124 26 godkänner
406 1024 80 20 mellan
502 1024 61 20 KM:t
579 1024 38 20 och
630 1024 81 21 kronan
723 1030 75 20 genom
810 1023 213 26 kasernkommittén,

229 1054 12 19 å
257 1060 40 13 ena
312 1053 68 25 sidan,
397 1055 57 19 samt
468 1054 69 20 Umeå
552 1053 54 25 stad,
623 1055 13 18 å
651 1053 66 20 andra
732 1053 68 25 sidan,
815 1054 105 26 ingången
932 1054 91 26 prelimi-

229 1085 38 18 när
290 1083 213 25 överenskommelse,
527 1083 49 21 med
595 1083 91 26 ändring
705 1090 45 14 som
768 1090 25 13 av
809 1083 158 21 statsutskottet
983 1084 40 20 till-

229 1113 85 26 styrkts.

214 1172 82 21 Motion
312 1179 35 14 om
364 1172 73 27 anslag
453 1172 33 21 till
502 1172 208 26 skadeersättningar
725 1173 22 19 åt
763 1173 55 20 vissa
834 1172 190 28 fiskexportfirmor

229 1203 28 25 på
271 1202 69 26 grund
356 1209 26 14 av
398 1203 96 20 inträffat
510 1202 102 27 dröjsmål
629 1202 36 20 vid
681 1204 107 24 transport
798 1203 13 20 å
822 1204 80 19 statens
912 1204 112 26 järnvägar

229 1232 75 21 avslås.

214 1298 81 20 Motion
311 1304 35 14 om
363 1298 118 25 ersättning
492 1299 22 19 åt
524 1298 26 20 K.
563 1298 20 20 S.
595 1297 100 21 Bexelius
706 1298 33 20 för
750 1298 112 26 olycksfall
874 1298 68 20 under
952 1299 71 20 arbete

229 1327 35 21 vid
273 1329 30 19 ett
312 1334 26 14 av
346 1327 320 21 arbetslöshetskommissionen
676 1328 104 20 anordnat
788 1328 152 26 arbetsföretag
948 1329 74 20 avslås.

214 1388 82 20 Motion
319 1394 36 14 om
380 1387 118 26 ersättning
516 1387 33 21 till
568 1387 130 21 Nottebäcks
717 1387 50 21 med
783 1388 118 20 Granhults
918 1388 104 21 kommun

229 1418 33 20 för
277 1417 147 26 förskingrade
440 1417 240 27 kommunalutskylder
694 1418 39 20 och
745 1418 190 26 pensionsavgifter
946 1418 75 21 avslås.

214 1477 38 20 RD
277 1477 139 27 bemyndigar
437 1477 65 25 KM:t,
519 1479 31 19 att
566 1477 49 20 med
631 1477 139 21 Landskrona
786 1477 47 21 stad
849 1478 63 20 träffa
927 1479 95 20 överens-

229 1507 118 21 kommelse
363 1507 8 20 i
387 1507 144 26 huvudsaklig
546 1507 211 21 överensstämmelse
768 1507 49 21 med
829 1507 25 21 de
865 1508 98 26 grunder,
975 1515 46 13 som

229 1544 26 14 av
271 1537 159 21 statsutskottet
445 1537 98 26 angivits.

214 1603 80 20 Motion
310 1610 35 13 om
362 1603 116 26 utgivande
494 1603 33 20 till
544 1604 96 26 majoren
656 1603 24 20 E.
698 1603 127 27 Holmquist
835 1609 26 14 av
873 1604 52 20 visst
937 1603 83 27 belopp,

227 1633 117 26 utgörande
367 1633 34 20 till
425 1633 127 21 statsverket
575 1633 143 20 återbetalade
742 1632 158 27 dyrtidstillägg
922 1634 22 19 åt
966 1633 56 21 vissa

227 1663 115 24 officerare,
360 1663 75 20 avslås.

211 1728 38 20 RD
265 1728 114 26 medgiver,
397 1730 31 19 att
438 1730 80 19 statens
530 1728 112 21 domäners
654 1728 53 21 fond
718 1729 41 24 må,
771 1729 7 19 i
789 1728 105 21 samband
904 1728 50 21 med
965 1730 55 19 över-

226 1758 74 21 låtelse
316 1759 12 19 å
344 1758 126 21 Halmstads
494 1758 47 21 stad
564 1765 26 14 av
614 1758 41 21 den
672 1758 7 20 i
695 1759 13 25 8
725 1758 12 20 5
755 1765 25 13 av
800 1758 42 21 viss
859 1759 90 26 angiven
965 1760 55 19 över-

226 1788 157 21 enskommelse
399 1788 143 20 omförmälda
553 1788 135 26 fastigheten,
701 1788 124 21 nedskrivas
836 1788 50 21 med
899 1788 25 21 10
935 1788 42 20 000
989 1789 31 20 kr.

210 1848 42 20 Till
269 1848 136 21 bestridande
422 1855 26 13 av
463 1848 126 26 gottgörelse
606 1848 49 20 med
671 1848 116 27 anledning
803 1855 26 14 av
840 1848 52 21 visst
903 1855 26 14 av
940 1848 81 21 danske

225 1878 135 25 undersåten,
385 1878 124 27 ingenjören
532 1878 23 20 E.
573 1879 74 20 Bruun
666 1878 116 21 framställt
801 1878 52 21 krav
869 1880 46 19 mot
930 1878 91 21 svenska

225 1910 70 18 staten
308 1909 84 20 anvisas
404 1908 68 21 under
482 1908 125 21 riksstatens
620 1908 32 21 3:e
665 1909 38 19 HT
714 1909 33 20 för
758 1908 124 26 budgetåret
896 1907 124 26 1929/1930

225 1940 31 19 ett
271 1939 61 19 extra
347 1938 74 26 anslag
437 1945 26 14 av
480 1938 27 20 50
517 1938 42 20 000
576 1938 30 20 kr.

211 1998 40 20 AK
267 1998 70 21 avslår
353 1998 81 20 motion
446 2005 46 19 ang.
506 1998 119 21 beredande
636 1999 21 20 åt
668 1998 85 21 enskild
764 2000 127 19 restauratör
907 2005 26 13 av
949 2000 71 19 ersätt-

226 2028 52 26 ning
293 2028 33 20 för
341 2028 85 26 intrång
442 2028 7 20 i
464 2028 54 20 hans
534 2028 204 25 restaurantrörelse,
751 2028 101 20 föranlett
862 2035 26 13 av
899 2028 121 27 rusdrycks-

226 2058 173 26 lagstiftningens
415 2058 144 26 tillämpning.

1059 372 17 24 28

1136 220 16 19 RF

1112 238 12 11 e

1112 240 35 46 Få
1319 241 102 41 Utskotts-
1612 250 117 30 Kamrarnas

1113 286 7 30 em
1136 279 17 37 2
1322 270 106 44 tlätenden:
1598 286 144 22 förhandlingar

1112 309 36 22 25
1291 304 46 18 eller
1350 304 98 18 memorial

1112 328 36 23 32

1112 343 40 49 ös
1285 365 16 24 g
1326 358 28 29 >|
1379 382 17 17 2
1418 359 1 39 |
1439 372 17 18 2
1585 370 68 18 Första
1657 366 24 30 |
1686 370 66 17 Andra

1113 392 34 25 Mc
1269 390 32 25 0
1326 383 65 30 Ålle
1439 393 17 24 5
1582 394 70 18 kamm.
1654 388 24 32 |
1683 394 70 18 kamm.

1136 419 3 3 :
1284 408 70 20 FR

1162 437 2 11 |
1311 437 43 51 =
1667 436 2 33 |

1311 488 43 23 bend)
1667 511 1 7 |

1352 514 2 30 )
1667 537 1 5 |

1352 559 2 31 |
1667 570 1 21 |

1289 594 12 20 6
1332 594 22 32 1|
1380 593 26 21 37
1586 593 82 21 21:45
1656 589 13 33 |
1687 593 68 21 28:77

1311 625 43 22 rag
1667 620 1 20 |

1311 656 1 7 VS
1667 659 1 3 I

1311 665 42 43 2

1310 713 2 15 kö

1352 728 1 11 I
1418 733 1 12 I

1310 748 43 33 Jäsan

1310 782 43 37 bal

1313 805 34 37 ene

1289 839 52 21 61]
1380 840 40 25 501
1579 838 134 20 21:104|28:
1725 842 38 16 123

1311 936 2 5 la

1312 973 1 23 I
1668 976 1 6 I

1290 1022 23 54 s
1333 1025 87 31 11-62]
1580 1024 33 20 24:
1624 1023 46 33 20d/
1688 1023 69 20 30:72

1354 1088 1 4 ad
1419 1094 1 9 |
1669 1075 1 4 |

1312 1114 43 32 JEN

1354 1155 1 10 I
1419 1157 1 10 I

1223 1174 41 20 144
1290 1138 23 75 6)
1333 1172 87 25 kä-001
1587 1171 179 21 24:51
1657 1166 19 36 |
1675 1166 46 36 30:
1720 1166 46 36 84d

1354 1214 1 14 |
1419 1205 1 24 |
1668 1204 1 18 |

1270 1273 1 3 I
1354 1268 1 8 I
1419 1264 1 27 |
1669 1290 1 7 |

1222 1299 49 20 260)
1290 1299 12 20 8)
1333 1298 22 20 11
1381 1299 39 21 321
1587 1298 83 19 25:86.)
1689 1296 32 20 31:
1733 1302 24 15 67

1275 1323 36 36 sta

1270 1359 1 19 EO
1419 1376 1 3 |
1668 1371 1 9 |
1769 1363 2 9 I

1236 1379 35 53 er
1290 1375 45 61 ella
1382 1389 25 20 75
1406 1375 13 46 |
1587 1386 33 20 26:
1626 1373 31 50 1d
1668 1382 1 37 |
1688 1373 32 50 32:
1732 1386 23 21 2d

1216 1445 1 13 I
1311 1435 1 32 |
1353 1434 1 25 |
1418 1446 2 20 I
1667 1428 2 8 I

1216 1463 1 40 |
1250 1459 62 62 16)
1332 1478 22 20 1)
1379 1470 40 35 80]
1586 1457 33 52 26:
1631 1481 24 16 66
1667 1493 2 9 |
1687 1475 69 21 33:
1725 1457 33 52 46

1216 1517 1 22 |
1311 1518 1 25 |
1418 1507 1 40 |
1668 1512 1 21 |

1289 1604 23 52 el
1332 1603 22 20 1|
1380 1604 28 20 84
1587 1597 33 45 26:
1632 1607 24 16 66
1668 1617 2 21 |
1681 1597 33 45 33:
1725 1601 41 20 51d

1269 1724 43 38 101
1352 1707 2 52 |
1380 1729 27 20 68
1587 1727 70 21 31:30
1681 1727 33 20 37:
1727 1732 37 15 102

1352 1772 67 44 be
1769 1784 2 16 |

1161 1824 1 11 |
1352 1814 1 15 |
1417 1831 2 2 I

1108 1834 37 54 232
1161 1838 1 46 |
1269 1854 1 11 |
1289 1839 51 40 6|
1367 1837 52 31 1115]
1587 1847 33 20 32:
1632 1852 23 15 89
1668 1852 1 18 |
1688 1847 68 23 40:87

1161 1885 1 23 |
1268 1882 2 3 Is
1668 1877 1 9 |

1161 1930 1 3 |
1310 1904 1 30 |

1161 1934 1 4 |
1310 1944 1 45 |
1417 1957 1 19 |

1417 1978 1 10 |
1668 1974 1 17 |

1288 1998 54 20 81:2
1469 2001 1 9 |
1668 2004 1 21 |
1680 1996 33 20 37:
1725 1995 41 21 90d
