1819 2346
706 585 321 47 Upplysningar

702 671 20 25 1)
753 670 101 21 Rörande
871 670 167 26 förkortningar:

138 725 35 16 AK
212 733 17 6 =
245 725 58 16 andra
313 725 113 16 kammaren,
656 724 17 15 H
729 731 17 6 =
762 724 141 16 höstsessionen.
1172 723 34 16 RD
1246 731 17 6 =
1278 723 104 21 riksdagen.

138 756 20 15 bf
213 763 16 5 =
246 754 167 16 bondeförbundet.
657 753 32 16 HT
730 761 16 6 =
763 753 112 17 huvudtitel.
1171 753 33 16 RF
1246 761 17 6 =
1278 753 168 20 regeringsformen.

138 785 12 15 d
213 793 17 5 =
246 784 104 16 diskussion
359 784 43 16 eller
411 784 94 20 yttrande.
656 784 11 15 k
730 791 17 6 =
763 783 163 16 kommunisterna.
1172 783 33 16 RO
1247 791 16 6 =
1279 783 191 20 riksdagsordningen.

138 819 9 11 e
213 822 16 6 =
245 818 44 16 egen
300 814 70 16 motion
380 815 26 19 (se
416 814 74 19 nedan).
657 814 16 15 K
731 821 17 6 =
763 813 190 20 kapitalinvestering.
1172 817 7 11 s
1246 821 17 5 =
1279 813 203 16 socialdemokraterna.

138 845 7 15 f
215 852 15 2 =
266 843 127 21 förslagsanslag.
657 843 49 16 LAK
730 850 17 6 =
763 843 81 16 ledamot
854 847 23 12 av
887 843 57 16 andra
954 843 113 16 kammaren,
1172 847 14 11 $.
1247 850 16 6 =
1280 843 39 16 sida

140 874 33 16 FK
214 882 16 6 =
254 875 50 15 första
314 874 113 16 kammaren.
656 873 49 16 LFK
730 880 17 6 =
763 872 80 17 ledamot
853 877 24 12 av
885 872 57 16 första
952 873 113 15 kammaren,
1172 873 30 16 TF
1247 880 17 6 =
1279 872 256 21 tryckfrihetsförordningen.

139 904 19 20 fp
214 912 16 5 =
246 904 114 20 folkpartiet.
656 903 21 20 pt
730 910 17 6 =
764 902 66 21 punkt.
1173 902 43 16 UfK
1247 910 17 6 =
1280 903 75 20 utgifter
1364 903 28 15 för
1401 902 146 21 kapitalökning.

139 935 11 15 h
214 941 16 6 =
247 934 74 19 högern.
656 937 8 11 r
730 940 17 6 =
762 932 193 20 reservationsanslag.

689 992 21 26 2)
742 991 101 21 Rörande
861 992 189 26 personregistret:

140 1047 31 20 De
187 1047 50 20 med
253 1047 84 20 mindre
353 1047 36 19 stil
407 1046 86 27 tryckta
510 1046 83 20 årtalen
610 1045 106 21 beteckna
733 1045 25 20 de
774 1045 112 26 riksdagar
902 1045 45 20 före
963 1045 24 20 år
1004 1045 60 23 1941,
1082 1051 45 14 som
1144 1045 162 20 vederbörande
1323 1045 96 20 ledamot
1435 1045 103 20 bevistat.

140 1082 74 20 Under
229 1082 59 26 varje
299 1082 162 26 riksdagsmans
473 1088 65 14 namn
550 1084 36 17 äro
599 1087 90 14 numren
701 1081 11 20 å
724 1081 42 20 alla
777 1087 28 14 av
817 1081 79 20 honom
908 1081 176 20 undertecknade
1095 1081 108 20 motioner
1214 1081 98 23 anförda;
1324 1081 40 20 och
1375 1081 89 26 angiver
1475 1081 121 20 bokstaven

139 1124 11 13 e
162 1118 55 20 efter
228 1119 33 19 ett
272 1118 201 22 motionsnummer,
486 1119 34 18 att
531 1117 111 20 motionen
654 1116 77 21 väckts
743 1122 27 14 av
782 1116 162 20 vederbörande
955 1116 97 20 ledamot
1063 1116 103 26 antingen
1178 1122 73 14 ensam
1263 1116 50 20 eller
1324 1116 144 20 tillsammans
1478 1117 49 19 med
1540 1116 56 20 blott

139 1160 27 13 en
182 1160 73 13 annan
271 1153 116 23 motionär,
404 1153 50 20 eller
471 1153 64 19 också
552 1165 27 2 —
596 1158 34 14 om
645 1152 113 20 motionen
769 1152 170 20 undertecknats
950 1157 28 15 av
989 1158 45 14 mer
1045 1154 27 18 än
1084 1152 38 20 två
1134 1152 150 26 riksdagsmän
1295 1164 28 2 —
1335 1152 41 20 den
1387 1152 102 24 ledamot,
1502 1158 46 14 som
1560 1158 37 14 av-

141 1189 83 20 lämnat
235 1189 112 20 motionen
359 1189 39 20 och
410 1195 50 14 vars
472 1194 65 14 namn
549 1188 82 20 således
642 1188 45 20 står
698 1188 79 20 främst
787 1187 66 20 bland
865 1187 195 20 undertecknarna.

710 1253 22 26 3)
764 1253 101 20 Rörande
878 1252 151 27 sakregistret:

141 1308 8 20 I
162 1308 262 26 protokollskolumnerna
436 1307 91 20 hänvisa
538 1308 26 19 de
576 1308 67 19 större
655 1307 99 20 siffrorna
765 1306 34 20 till
810 1306 82 20 häftets
903 1312 105 17 nummer,
1020 1306 26 20 de
1057 1306 84 20 mindre
1152 1307 33 21 till
1196 1306 58 21 sidor
1264 1306 7 20 i
1283 1312 83 15 samma
1377 1306 66 24 häfte,
1456 1307 40 19 och
1506 1307 91 26 betyder

141 1344 122 20 bokstaven
275 1344 20 22 d,
307 1345 35 19 att
353 1344 122 19 diskussion
486 1343 50 20 eller
547 1343 104 26 yttrande
662 1344 38 24 ägt
711 1348 54 14 rum.
