1845 2354
810 161 136 15 SAKREGISTER

92 437 238 28 Folkskolinspektörer.

93 474 9 14 2
121 468 37 20 RD
183 469 135 26 bestämmer,
343 471 31 19 att
397 469 204 27 folkskolinspektör
619 470 55 20 skall
690 470 14 20 f.
722 476 18 14 o.
758 476 27 14 m.
802 470 41 20 den
861 470 10 20 1
889 470 40 27 juli

137 498 57 20 1924
218 500 38 24 äga
280 499 97 26 uppbära
400 500 202 26 tilläggsersättning
618 500 33 20 för
666 506 103 20 expenser
785 500 49 20 med
851 502 30 18 ett
897 500 33 20 till

136 528 42 20 200
202 528 31 20 kr.
258 529 33 20 för
314 530 23 19 år
360 529 63 21 sänkt
443 530 86 26 belopp;
546 530 40 20 och
603 530 84 20 anvisas
703 530 33 20 till
753 530 134 20 bestridande
904 537 25 13 av

135 558 205 26 tilläggsersättning
355 560 33 19 för
403 566 103 19 expenser
521 560 22 19 åt
559 560 227 25 folkskolinspektörer
800 560 32 19 för
844 560 85 25 budget-

136 588 45 20 året
199 586 125 29 1924/1925
341 590 31 19 ett
388 591 60 18 extra
463 589 74 25 anslag
553 596 26 14 av
598 589 25 20 10
634 588 42 21 400
694 589 30 20 kr.

93 652 9 15 3
120 647 50 20 Ord.
188 647 185 26 förslagsanslaget
389 648 33 20 till
438 648 268 26 resekostnadsersättning
719 649 22 20 åt
752 649 176 26 folkskolinspek-

135 678 55 19 törer
206 677 94 21 minskas
317 678 48 20 med
383 678 27 20 50
421 678 42 20 000
480 679 30 20 kr.
528 678 32 20 till
577 679 43 20 250
629 678 43 21 000
688 678 31 20 kr.

93 741 7 15 1
120 736 49 20 Ord.
193 737 186 26 förslagsanslaget
402 738 34 20 till
460 738 100 26 avlöning
576 745 28 13 m.
622 745 27 13 m.
666 739 22 19 åt
703 738 226 27 folkskolinspektörer

135 766 60 26 höjes
212 767 48 20 med
278 767 26 20 15
315 767 42 20 000
374 768 30 19 kr.
422 767 34 21 till
473 767 42 21 345
525 767 43 21 000
584 768 30 20 kr.

92 831 9 14 2
119 825 41 20 Till
181 826 135 21 bestridande
336 833 26 14 av
381 827 204 26 tilläggsersättning
600 828 34 19 för
649 834 103 20 expenser
767 828 22 19 åt
805 827 123 21 folkskolin-

134 855 109 26 spektörer
258 857 85 20 anvisas
359 857 32 20 för
408 857 125 26 budgetåret
551 855 125 30 1925/1926
693 859 30 19 ett
738 859 60 18 extra
813 857 74 26 anslag
903 864 25 14 av

136 885 26 20 10
172 885 42 21 400
232 886 30 20 kr.

92 950 6 15 1
118 945 40 20 AK
174 945 70 21 avslår
260 946 81 20 motion
358 953 35 14 om
410 947 154 26 överflyttande
579 948 13 19 å
608 949 79 18 statens
703 947 227 26 folkskolinspektörer

133 981 26 14 av
178 976 276 27 gymnastikinspektionen
470 977 39 20 och
526 977 72 26 övriga
613 977 196 26 fackinspektioner
824 977 36 21 vid
876 977 52 20 folk-

134 1005 106 21 skolorna.

91 1075 10 15 2
119 1070 41 20 Till
180 1071 135 20 bestridande
335 1078 25 14 av
379 1072 203 26 tilläggsersättning
600 1072 33 20 för
648 1079 103 20 expenser
767 1073 22 20 åt
804 1072 124 20 folkskolin-

134 1100 109 26 spektörer
259 1101 84 20 anvisas
359 1102 33 20 för
408 1102 125 26 budgetåret
551 1101 124 28 1926/1927
692 1104 31 19 ett
738 1104 59 19 extra
814 1102 73 26 anslag
903 1109 26 13 av

136 1130 26 20 10
170 1129 43 21 400
230 1130 31 20 kr.

92 1194 7 15 1
119 1189 41 20 Till
180 1190 135 20 bestridande
335 1197 25 14 av
380 1191 201 27 tilläggsersättning
599 1192 34 20 för
648 1198 103 20 expenser
767 1192 22 20 åt
804 1191 124 21 folkskolin-

134 1219 109 26 spektörer
259 1221 84 19 anvisas
359 1221 33 20 för
408 1221 124 26 budgetåret
550 1220 125 29 1927/1928
692 1224 30 18 ett
738 1224 60 18 extra
814 1221 73 26 anslag
903 1227 26 14 av

137 1249 26 19 10
173 1249 43 20 400
233 1250 31 19 kr.

92 1313 10 15 2
120 1309 38 19 RD
178 1309 99 25 besluter,
294 1311 31 19 att
341 1310 343 27 nomadskolinspektörstjänsten
701 1311 54 20 skall
772 1311 49 20 med
837 1310 91 26 tillämp-

136 1339 51 25 ning
202 1339 24 19 fr.
244 1346 18 13 o.
280 1346 28 13 m.
323 1340 40 20 den
377 1340 10 20 1
399 1340 41 27 juli
453 1340 55 20 1927
521 1348 26 13 av
558 1341 61 20 KM:t
629 1341 101 20 tillsättas
741 1341 100 25 antingen
852 1347 76 19 genom

136 1368 159 21 konstitutorial
312 1369 51 21 eller
378 1370 92 21 medelst
485 1370 142 21 förordnande
643 1372 28 25 på
684 1371 43 20 viss
738 1371 38 24 tid,
788 1373 56 18 samt
854 1372 32 18 att
896 1370 32 20 till

136 1398 239 28 nomadskolinspektör
398 1400 55 20 skall
477 1401 51 25 utgå
543 1401 101 26 avlöning
659 1401 67 26 enligt
742 1400 188 21 bestämmelserna

136 1429 7 19 i
159 1428 141 26 kungörelsen
324 1429 41 21 den
392 1430 26 20 19
442 1430 47 26 juni
515 1430 56 20 1919
595 1431 33 25 (nr
647 1431 51 25 520)
714 1437 46 19 ang.
778 1430 151 26 avlöningsför-

136 1458 74 20 måner
233 1459 22 19 åt
273 1459 228 27 folkskolinspektörer
519 1467 28 13 m.
564 1467 40 18 m.;
621 1461 39 20 och
676 1460 104 21 förklarar
798 1460 43 24 RD,
857 1461 31 19 att
904 1459 25 21 de

136 1488 77 24 medel,
233 1495 46 13 som
296 1489 105 21 erfordras
417 1490 33 20 till
467 1490 106 26 avlöning,
591 1490 95 26 tillfällig
697 1490 176 26 löneförbättring
884 1489 45 21 däri

136 1518 131 26 inbegripen,
287 1519 22 20 åt
325 1519 265 27 nomadskolinspektören
607 1527 29 14 m.
653 1527 37 17 m.,
707 1520 60 21 skola
782 1521 51 24 utgå
849 1526 25 14 av
890 1520 38 19 för-

136 1547 152 26 slagsanslaget
304 1548 33 21 till
353 1549 125 27 lappmarks
497 1550 194 26 ecklesiastikverk,
711 1549 218 26 folkbildningsända-

136 1577 50 20 mål.

122 1636 49 20 Ord.
189 1637 186 27 förslagsanslaget
393 1638 32 20 till
445 1639 101 26 avlöning
561 1646 28 13 m.
607 1646 29 13 m.
653 1640 22 19 åt
691 1638 240 27 folkskoleinspektörer

136 1667 102 25 uppföres
264 1667 33 20 för
324 1668 125 25 budgetåret
476 1667 125 29 1928/1929
628 1669 50 20 med
704 1668 123 21 oförändrat
853 1668 77 26 belopp

137 1696 41 20 345
190 1696 42 20 000
256 1697 41 22 kr.;
322 1698 39 19 och
384 1699 84 19 anvisas
492 1698 33 20 till
549 1699 203 26 tilläggsersättning
775 1699 33 20 för
828 1704 103 20 expenser

136 1726 22 19 åt
174 1726 228 26 folkskolinspektörer
417 1728 33 20 för
467 1728 124 26 budgetåret
604 1728 125 27 1928/1929
741 1730 31 19 ett
782 1730 60 18 extra
858 1727 73 26 anslag

137 1762 25 13 av
188 1755 79 21 10400
292 1756 40 24 kr.;
357 1757 40 20 och
422 1758 93 20 besluter
538 1758 45 26 RD,
607 1760 31 19 att
656 1758 211 27 folkskolinspektör,
884 1764 45 14 som

136 1787 23 18 är
183 1786 132 26 tjänstledig,
339 1787 54 20 skall
418 1794 26 14 av
468 1788 78 20 honom
571 1788 165 20 tillkommande
759 1788 117 26 ersättning
891 1788 39 20 och

136 1815 204 27 tilläggsersättning
355 1817 33 20 för
404 1824 103 20 expenser
523 1818 33 20 till
573 1819 32 19 sin
621 1818 81 20 vikarie
718 1819 61 19 avstå
794 1818 43 20 200
853 1818 31 20 kr.
899 1818 33 19 för

136 1846 22 18 år
177 1846 83 25 räknat,
280 1846 74 21 såvida
370 1847 46 20 icke
432 1848 62 20 KM:t
509 1848 7 20 i
532 1848 86 20 särskilt
634 1848 38 21 fall
689 1848 135 24 bestämmer,
842 1850 31 18 att
888 1847 42 20 han

137 1875 54 20 skall
208 1876 59 20 avstå
283 1876 64 26 högre
363 1877 84 27 belopp.

121 1934 49 20 Ord.
196 1935 185 27 förslagsanslaget
403 1937 33 20 till
460 1937 101 26 avlöning
577 1944 28 14 m.
623 1945 28 13 m.
668 1938 22 20 åt
705 1937 227 27 folkskolinspektörer

136 1965 102 26 uppföres
264 1966 32 19 för
321 1966 125 26 budgetåret
474 1965 126 29 1929/1930
627 1968 49 20 med
703 1967 123 21 oförändrat
853 1966 78 27 belopp

137 1994 42 20 345
189 1994 43 21 000
251 1995 42 24 kr.;
313 1996 39 20 och
372 1997 84 20 anvisas
475 1997 33 20 till
525 1997 203 26 tilläggsersättning
743 1998 33 19 för
792 2003 103 20 expenser
910 1997 22 19 åt

136 2024 227 26 folkskolinspektörer
378 2026 33 20 för
428 2026 124 26 budgetåret
569 2025 126 29 1929/1930
710 2029 31 18 ett
751 2030 60 17 extra
822 2026 73 26 anslag
905 2033 26 13 av

139 2053 25 20 10
174 2054 43 20 400
241 2054 41 24 kr.;
303 2055 38 20 och
360 2056 93 20 besluter
468 2056 44 24 RD,
529 2059 32 18 att
576 2057 80 20 vikarie
672 2057 33 20 för
721 2052 210 35 folkskolinspektör,

70 2106 28 17 T1.
112 2108 91 18 Sakregister
213 2109 11 14 I.

1637 156 41 20 561

1020 215 44 40 Sä
1261 216 55 1 SEG
1402 230 53 18 Rike-

967 253 17 26 EC
1020 253 36 29 lee
1119 278 4 3 r
1223 244 107 41 Utskotts-
1392 253 71 33 dagens
1521 259 118 18 Kamrarnas

967 284 17 26 7
1020 279 12 31 2
1040 274 21 49 je
1066 274 106 30 Motioner
1211 274 124 30 utlåtanden
1405 290 30 17 sk
1506 274 145 42 förhandlingar

967 314 17 27 5
1040 311 16 33 RR
1199 308 46 17 eller
1258 308 98 17 memorial
1398 320 62 17 belade

962 342 97 28 slås

967 374 17 11 &
1020 367 35 26 lag
1106 385 8 5 4
1192 368 17 12 ei
1347 376 17 18 2
1367 367 16 32 I
1401 386 10 8 ms
1427 367 16 32 |
1448 376 17 18 el
1494 374 66 17 Första
1567 367 20 32 |
1594 374 66 17 Andra

967 389 11 9 =
1020 384 36 41 28
1081 385 33 17 Peja
1192 381 17 45 ä
1233 392 18 31 å
1287 385 17 28 2
1347 396 17 25 &
1401 386 17 27 ä
1448 396 18 25 &|
1491 398 69 17 kamm.
1591 380 43 35 Kari

946 469 54 20 19241
1018 470 41 20 1:8
1197 471 12 20 6)
1239 471 10 20 1|
1302 471 13 20 81
1346 476 25 16 9618
1390 471 74 20 Alsel
1495 471 68 20 27:75
1564 466 19 35 |
1595 470 33 21 27:
1640 476 22 15 44

1010 505 56 22 p-140

968 648 90 20 108
1130 648 40 21 108!
1196 649 12 20 61
1239 649 9 20 1
1302 649 12 20 81
1346 654 24 17 9718
1389 649 74 21 Alsel
1494 649 68 21 27:75
1563 645 18 34 |
1595 649 33 20 27:
1639 654 24 15 44

1009 689 16 16 p.
1032 683 32 17 141

944 727 114 31 1925l1:8|]
1128 737 43 21 21381
1196 738 12 20 6)
1239 738 10 20 1]
1301 737 68 22 8l1r0o5|8
1389 739 74 20 Alsal
1495 738 67 20 19:26)
1594 738 69 20 21:56

1009 779 17 16 p.
1033 773 33 17 164

967 834 8 10 3
1017 827 41 21 KLuG
1196 827 12 21 6!
1238 827 10 20 1!
1301 826 69 22 51088
1388 828 74 20 Alss3]
1494 827 68 21 19:36)
1594 827 68 20 21:56

1009 862 56 23 p-165

945 944 55 23 1926
1127 946 81 21 30618)
1238 947 10 20 11
1301 946 12 20 3
1594 941 33 36 21:
1638 947 26 20 7d

968 1072 90 21 ÄG
1196 1072 52 20 6/1!
1301 1071 68 22 818718
1388 1072 81 21 Ali]
1494 1072 32 20 28:
1538 1077 23 15 66
1563 1067 14 35 |
1594 1072 68 21 28:78

998 1103 28 30 Ip.
1032 1107 34 18 145

944 1189 114 23 192711:
1039 1185 15 37 8
1195 1191 12 20 6!)
1238 1191 10 21 11!
1300 1191 13 20 81
1345 1196 25 16 8918
1388 1191 74 22 Alz4]
1494 1191 66 21 16:11]
1595 1190 67 21 17:36

1009 1226 56 23 p.167

968 1317 8 10 >»
1018 1311 40 20 1183
1196 1311 12 20 6!
1240 1311 8 20 11
1286 1310 27 21 63
1387 1310 40 21 1R5
1480 1306 46 34 21:
1537 1316 24 15 54
1565 1306 18 34 |
1586 1310 33 20 22:
1630 1310 40 21 e8d

1431 1358 2 21 |

1069 1567 2 13 I

1069 1588 2 46 |

946 1636 125 32 192811:8
1057 1632 15 40 |
1196 1638 12 20 6)
1238 1638 10 21 11
1301 1639 69 21 8liro6|8
1389 1638 74 21 Alsol
1494 1638 82 30 26:64
1564 1633 16 39 |
1594 1638 69 20 27:33

1010 1679 16 16 p.
1029 1665 37 34 180
1574 1690 2 13 |

1575 1704 1 11 I

1575 1720 1 18 I

1260 1905 2 30 |

945 1934 58 23 19291
1019 1936 41 20 1:
1042 1930 15 37 8
1197 1936 12 20 6)
1240 1936 9 20 1|
1302 1936 69 21 811818
1389 1936 74 20 Alzel
1494 1935 82 32 20:99
1564 1930 22 41 |
1595 1936 69 20 26:89

1011 1971 57 23 p-190
1575 1969 1 30 |
