1801 2339
147 71 27 21 90

833 68 222 21 SAKREGISTER

161 256 186 24 Avskrivningar
357 256 43 20 och
410 255 129 26 eftergifter

204 285 130 24 Bränfeldt,
353 285 209 26 hemmansägaren
581 286 20 20 J.
621 285 27 20 O.
668 285 88 20 Boman
775 285 44 20 och
838 284 209 26 gjuteriarbetaren

204 316 26 19 A.
248 315 26 21 R.
292 316 96 23 Boman,
406 317 34 19 att
456 315 27 20 K.
500 315 45 21 M:t
562 315 38 20 må
616 316 16 20 t.
649 321 20 14 o.
687 321 29 14 m.
733 314 117 26 utgången
867 320 29 14 av
911 314 136 25 budgetåret

206 345 91 21 1958/59
312 346 58 19 utan
385 345 63 20 RD:s
463 345 119 25 samtycke
596 345 7 20 i
617 345 65 24 varje
697 344 95 21 särskilt
807 344 48 24 fall,
869 344 7 20 i
890 343 157 26 huvudsaklig

205 375 232 20 överensstämmelse
448 375 51 20 med
510 375 28 20 de
549 374 125 25 riktlinjer,
686 380 49 14 som
745 374 38 20 vid
794 374 125 25 avgöradet
929 379 28 15 av
968 373 79 26 dylika

204 405 103 20 ärenden
322 405 85 20 hittills
423 404 66 21 blivit
504 404 82 25 följda,
603 404 65 20 avstå
684 404 90 20 kronan
791 403 77 21 såsom
883 404 104 19 danaarv
1002 403 45 20 till-

205 434 72 21 fallen
287 434 182 25 kvarlåtenskap
478 434 61 20 intill
549 435 32 19 ett
590 434 84 25 belopp
684 440 27 14 av
720 434 7 20 i
737 433 65 25 varje
812 433 95 20 särskilt
917 433 40 20 fall
969 433 26 20 10
1005 432 41 21 000

204 464 35 20 kr.
252 465 61 19 samt
325 465 34 20 att
371 464 45 20 den
428 464 118 20 allmänna
559 463 141 21 arvsfonden
712 463 111 21 tillfallna
835 462 211 25 kvarlåtenskapen

204 494 59 20 efter
279 494 123 20 montören
417 494 25 20 E.
457 493 26 21 N.
498 494 134 19 Andersson
648 493 53 20 från
716 493 135 20 Stockholm
866 492 38 20 må
919 492 77 21 avstås
1011 492 35 20 till

205 523 93 21 förmån
308 523 37 21 för
354 524 66 20 Ellen
430 523 111 20 Karolina
550 523 106 20 Viktoria
665 523 92 21 Olsson.

205 554 39 20 RD
259 553 118 25 medgiver
391 554 34 19 att
439 553 103 20 kronans
556 553 97 20 fordran
667 552 42 21 hos
724 552 112 21 dödsboet
850 552 59 20 efter
922 552 125 25 polisöver-

205 583 140 25 konstapeln
355 583 24 20 E.
389 583 25 20 B.
423 583 49 20 Jarl
482 583 38 19 må
529 583 120 19 nedsättas
658 583 35 19 till
704 582 26 20 10
740 582 42 20 000
792 582 34 20 kr.

205 613 39 20 RD
259 612 152 25 bemyndigar
425 612 26 20 K.
466 612 51 24 M:t,
531 613 35 19 att
579 612 7 20 i
600 612 47 20 viss
661 612 164 25 utsträckning
838 611 87 25 jämväl
940 611 37 20 för
989 611 58 20 bud-

204 642 89 26 getåret
308 642 91 20 1958/59
413 642 105 25 medgiva
532 642 108 20 befrielse
654 641 53 20 från
721 641 276 25 ersättningsskyldighet
1011 641 34 20 till

205 672 98 20 kronan.

205 702 39 20 RD
256 702 117 24 medgiver
382 701 108 20 befrielse
501 701 53 20 från
565 701 47 20 viss
623 700 276 26 ersättningsskyldighet
910 701 34 20 till
956 700 90 21 kronan

205 731 37 21 för
254 732 25 20 E.
292 731 24 20 G.
328 731 28 20 H.
367 731 131 23 Åkerblom,
511 731 24 20 L.
547 731 25 20 B.
585 731 144 23 Samuelson,
741 730 25 21 R.
779 730 24 21 G.
816 731 23 19 B.
852 730 138 21 Adenkrans
1003 730 43 21 och

204 761 76 20 Märta
290 761 63 21 Sofia
362 761 87 25 Tydén.

205 806 39 20 RD
255 805 124 26 medgiver,
390 806 33 20 att
433 805 193 25 skogsarbetaren
637 805 24 20 E.
672 805 26 20 A.
709 805 147 23 Lundhamn,
867 804 78 21 därest
953 804 48 21 han
1011 804 34 21 till

204 836 262 25 generalpoststyrelsen
478 835 115 20 inbetalar
606 836 32 19 ett
649 835 85 25 belopp
745 841 28 14 av
785 834 42 21 500
840 834 41 24 kr.,
893 834 87 20 befrias
993 834 52 20 från

204 865 147 20 återstående
362 864 288 26 skadeståndsskyldighet
660 865 35 20 till
706 864 91 20 kronan
808 864 7 20 i
826 864 45 20 anl.
882 870 29 14 av
920 864 54 20 dom
984 864 62 20 med-

204 895 66 21 delad
288 901 28 14 av
333 895 81 25 Pajala
430 895 43 20 och
490 894 174 26 Korpilombolo
680 894 112 25 tingslags
808 894 135 20 häradsrätt
958 894 45 20 den
1018 893 28 21 28

204 931 52 14 nov.
269 925 63 20 1957.

204 955 39 20 RD
258 954 153 25 bemyndigar
426 954 26 20 K.
467 954 45 20 M:t
527 955 34 19 att
574 954 8 20 i
597 954 47 20 viss
659 953 163 26 utsträckning
836 953 87 25 jämväl
939 953 37 20 för
989 953 57 20 bud-

203 984 89 25 getåret
308 984 90 20 1959/60
413 984 105 25 medgiva
531 984 109 20 befrielse
654 983 53 20 från
721 983 276 25 ersättningsskyldighet
1011 983 34 20 till

204 1014 98 20 kronan.

204 1043 39 20 RD
257 1043 124 24 medgiver,
394 1044 34 19 att
441 1048 28 15 en
482 1042 7 21 i
503 1042 256 25 statsrådsprotokollet
772 1042 54 20 över
839 1041 206 21 försvarsärenden

204 1072 36 20 för
250 1072 44 20 den
306 1072 25 20 12
341 1072 48 20 dec.
400 1072 56 20 1958
466 1072 92 23 avsedd,
569 1071 77 20 såsom
654 1072 21 20 J.
684 1071 129 21 betecknad
823 1071 142 25 värnpliktig
975 1071 71 25 flagg-

203 1102 95 24 korpral
308 1101 87 20 befrias
406 1101 53 20 från
469 1101 289 25 skadeståndsskyldighet
767 1101 35 20 till
812 1101 91 20 kronan
913 1101 71 25 enligt
994 1101 52 20 fält-

203 1131 154 25 krigsrättens
373 1131 37 20 vid
426 1131 127 20 Vaxholms
569 1131 285 24 kustartilleriregemente
869 1130 77 26 utslag
960 1130 44 20 den
1020 1130 25 20 17

203 1166 52 20 aug.
266 1161 63 20 1940.

204 1190 39 20 RD
257 1190 124 25 medgiver,
395 1191 34 19 att
442 1190 25 20 E.
480 1190 30 20 M.
523 1190 82 19 Norlin
617 1189 87 21 befrias
719 1189 52 20 från
784 1189 87 20 honom
884 1189 95 25 jämlikt
991 1189 55 20 hov-

203 1220 89 20 rättens
306 1219 36 21 för
355 1219 59 21 Övre
426 1219 116 20 Norrland
555 1220 54 19 dom
622 1219 44 20 den
680 1219 27 21 16
720 1225 62 14 mars
797 1219 54 20 1957
865 1219 107 20 åvilande
985 1219 61 25 skyl-

203 1250 79 24 dighet
291 1250 34 19 att
335 1250 87 19 ersätta
432 1249 103 20 kronans
545 1249 268 25 rättegångskostnader.

204 1279 38 20 RD
258 1279 124 25 medgiver,
397 1280 34 19 att
446 1279 25 19 E.
486 1279 24 20 B.
524 1279 21 20 J.
560 1279 142 23 Andersson,
717 1279 77 19 därest
808 1278 47 20 han
870 1279 64 19 inom
948 1278 33 20 tid
996 1284 50 14 som

203 1309 26 20 K.
248 1309 45 20 M:t
310 1308 142 21 bestämmer
469 1309 35 19 till
523 1308 126 20 försvarets
667 1308 198 25 civilförvaltning
882 1307 115 21 inbetalar
1014 1308 32 20 ett

202 1338 84 25 belopp
300 1344 28 14 av
341 1338 12 21 2
363 1338 42 21 000
419 1338 41 23 kr.,
474 1338 87 20 befrias
574 1338 54 20 från
642 1337 146 21 återstående
801 1337 245 25 ersättningsskyldig-

203 1369 39 19 het
256 1368 35 20 till
308 1368 91 20 kronan
414 1368 71 25 enligt
500 1367 178 21 rådhusrättens
693 1368 7 19 i
715 1367 109 20 Karlstad
839 1367 54 20 dom
908 1367 44 21 den
967 1367 14 20 4
993 1367 53 25 juni

204 1398 63 20 1957.

203 1428 39 20 RD
257 1427 124 25 medgiver,
394 1428 34 19 att
441 1433 28 14 en
482 1427 7 20 i
502 1427 256 25 statsrådsprotokollet
772 1427 53 20 över
839 1426 206 21 försvarsärenden

203 1457 37 20 för
253 1457 44 20 den
312 1457 26 20 12
352 1457 47 20 dec.
414 1457 55 20 1958
483 1457 92 23 avsedd,
589 1456 77 21 såsom
679 1457 21 20 S.
713 1456 129 20 betecknad
855 1456 100 24 förman,
968 1456 78 20 därest

202 1487 48 20 han
263 1487 65 20 inom
342 1487 33 20 tid
390 1492 50 15 som
454 1486 26 20 K.
494 1486 45 20 M:t
552 1486 140 20 bestämmer
706 1486 35 20 till
755 1486 127 20 försvarets
896 1485 150 21 civilförvalt-

202 1517 57 24 ning
273 1516 116 20 inbetalar
404 1517 33 19 ett
451 1516 83 25 belopp
549 1522 28 14 av
592 1515 13 21 6
614 1515 42 21 200
672 1516 42 23 kr.,
728 1515 87 21 befrias
831 1515 53 20 från
899 1515 146 21 återstående

203 1546 289 25 skadeståndsskyldighet
504 1545 34 20 till
552 1545 90 20 kronan
654 1545 71 25 enligt
738 1545 147 20 Stockholms
897 1545 148 20 rådhusrätts

202 1576 54 20 dom
266 1576 44 20 den
321 1576 27 20 16
357 1575 58 20 febr.
426 1575 62 20 1954.

203 1605 40 20 RD
256 1605 125 25 medgiver,
394 1605 33 20 att
440 1605 44 20 den
497 1605 76 19 staten
585 1609 83 20 genom
680 1604 79 23 Tveta,
771 1604 66 20 Vista
849 1604 43 20 och
905 1604 37 20 Mo
955 1604 90 20 domsa-

202 1640 41 20 gas
254 1635 147 20 häradsrätts
413 1635 54 19 dom
479 1634 44 20 den
534 1634 28 20 28
573 1639 52 20 aug.
638 1634 53 20 1951
705 1634 122 20 tilldömda
838 1634 160 25 ersättningen
1009 1633 37 20 för

203 1664 275 25 eldsläckningskostnad
488 1670 38 14 om
536 1664 12 20 3
558 1664 42 20 306
610 1664 34 20 kr.
655 1664 26 20 40
691 1664 39 20 öre
739 1663 170 21 efterskänkes.

203 1694 39 20 RD
258 1694 125 25 medgiver,
398 1694 34 20 att
447 1694 103 20 kronans
565 1694 7 19 i
588 1693 153 20 förevarande
756 1693 175 25 framställning
946 1693 99 25 angivna

203 1723 97 21 fordran
315 1723 13 20 å
343 1723 13 21 6
366 1723 41 21 500
422 1723 35 21 kr.
472 1723 38 20 må
524 1723 121 20 avskrivas
659 1723 74 20 under
748 1722 169 26 förutsättning
931 1723 34 20 att
979 1722 25 21 E.
1018 1722 27 21 O.

203 1753 104 25 Sjöqvist
316 1753 35 20 till
362 1753 200 25 domänstyrelsen
573 1752 99 21 kontant
681 1752 103 25 erlägger
794 1752 42 21 500
847 1752 34 20 kr.

203 1783 39 20 RD
255 1783 124 25 medgiver,
390 1783 34 19 att
434 1782 47 20 viss
493 1782 98 25 angiven
602 1782 103 20 kronans
717 1782 96 20 fordran
824 1782 13 20 å
848 1781 12 21 3
870 1782 42 20 058
923 1782 35 20 kr.
969 1782 27 20 38
1007 1782 38 20 öre

202 1813 74 25 jämte
286 1813 67 20 ränta
362 1812 38 20 må
410 1812 127 20 avskrivas.

202 1857 40 20 RD
258 1857 124 25 medgiver,
398 1857 33 20 att
447 1856 103 21 kronans
565 1857 7 20 i
588 1856 153 20 förevarande
756 1856 175 25 framställning
946 1856 99 24 angivna

202 1887 134 25 fordringar
346 1886 13 20 å
368 1886 98 25 tillhopa
475 1886 13 20 3
497 1886 42 21 609
549 1886 34 20 kr.
594 1886 26 21 57
631 1887 38 19 öre
679 1886 38 20 må
726 1886 127 20 avskrivas.

202 1916 40 21 RD
258 1916 124 25 medgiver,
398 1916 34 20 att
447 1916 103 20 kronans
565 1916 7 20 i
588 1915 153 21 förevarande
756 1915 175 26 framställning
946 1915 100 26 angivna

203 1946 97 20 fordran
310 1946 13 20 å
334 1946 9 20 1
355 1946 42 20 003
407 1946 34 20 kr.
450 1945 27 21 60
487 1946 40 20 öre
536 1945 38 21 må
583 1945 128 21 avskrivas.

203 1976 40 20 RD
256 1975 118 25 medgiver
386 1976 35 19 att
433 1975 103 20 kronans
549 1975 153 20 förevarande
715 1974 96 21 fordran
824 1974 13 20 å
849 1974 13 21 3
872 1974 41 21 725
926 1974 34 21 kr.
972 1974 74 25 jämte

203 2006 68 19 ränta
281 2005 38 20 må
329 2005 127 20 avskrivas.

203 2035 39 20 RD
261 2034 124 26 medgiver,
402 2035 34 19 att
454 2034 102 20 kronans
574 2034 153 20 förevarande
744 2033 96 21 fordran
858 2033 118 21 avskrives
994 2033 51 21 med

203 2065 33 20 ett
250 2064 85 25 belopp
349 2070 29 14 av
394 2063 25 21 15
429 2064 42 20 000
486 2064 42 23 kr.,
543 2064 35 19 att
592 2063 184 25 tillgodoräknas
791 2063 25 21 E.
830 2063 119 21 Melander
963 2068 83 20 genom

204 2094 87 25 avdrag
300 2093 13 21 å
323 2093 211 25 arrendeavgälden
544 2093 37 20 för
591 2092 148 21 arrendeåret
750 2092 98 21 1958/59.

1068 181 101 24 ls
1187 156 102 29 Motioner
1347 156 80 29 Utskott
1476 156 57 61 Skriv.
1578 156 102 29 Protokoll

1198 214 30 17 FK
1232 205 23 36 |
1263 214 32 17 AK
1315 214 88 17 |SmilAvd|
1426 214 27 17 Nr
1573 214 31 17 FK
1672 214 32 17 AK

1072 286 29 22 58

1069 553 30 22 58)
1135 555 28 20 47
1210 567 26 3 —)
1275 567 27 3 —I
1340 555 13 20 6]
1376 567 26 3 —H:
1432 555 91 20 84)1111
1555 555 59 20 8:26:
1629 549 25 35 I;
1656 555 21 20 8:
1692 560 22 15 30

1069 613 30 23 58)
1136 615 26 20 411]
1209 627 27 2 —|
1275 627 26 2 —]I
1341 615 13 20 6
1376 626 26 3 —]
1432 614 93 21 391122]
1556 615 57 20 9:95
1625 609 22 35 |
1656 615 58 20 9:146

1139 649 8 16 1

1069 703 30 21 58]
1135 704 26 20 411
1209 716 26 3 —I
1275 716 26 3 —I
1340 704 14 21 61
1376 716 26 2 —|
1431 704 94 20 391122]
1555 704 21 20 9:
1591 708 22 16 95
1622 699 23 35 1
1656 704 58 20 9:146

1107 738 48 16 2—5

1069 804 30 21 59|
1137 806 27 20 161
1209 817 26 3 —I
1275 817 26 3 —J]
1340 805 13 20 61
1376 817 25 3 —|
1431 805 29 20 281
1497 805 28 21 701
1555 805 21 20 4:
1592 809 9 16 6
1656 805 21 20 4:
1692 809 23 16 20

1069 953 30 22 59|
1135 955 28 20 251
1209 967 27 2 —I
1275 967 26 2 —I
1341 955 13 20 6
1376 967 26 2 —|
1431 954 29 21 29]
1497 955 26 20 71]
1555 954 21 20 4:
1591 958 10 16 6
1656 954 21 20 4:
1692 958 23 16 20

1139 989 7 16 1
1450 989 10 15 3

1069 1041 30 23 591:
1135 1044 28 20 251
1209 1056 26 2 —I
1275 1055 26 3 —I
1340 1044 13 20 6)
1376 1055 26 3 —
1431 1043 29 21 291
1497 1043 25 20 711
1555 1043 21 20 4:
1591 1047 10 15 6
1656 1042 21 21 4:
1692 1047 22 16 20

1138 1078 10 15 2
1450 1077 10 16 3

1069 1190 30 22 59]
1135 1192 28 20 251
1209 1203 26 3 —I
1275 1203 26 3 —I
1340 1192 13 20 6)
1376 1203 26 3 —|
1431 1191 29 21 291
1497 1191 26 20 711
1555 1190 21 21 4:
1591 1195 10 16 6
1656 1191 21 20 4:
1692 1195 22 16 20

1137 1226 10 16 3
1450 1225 10 15 4

1069 1279 30 22 59l|
1135 1281 28 20 251
1209 1292 26 3 —I
1275 1292 26 3 —I
1340 1281 13 20 61
1376 1292 26 3 —|
1431 1280 29 21 29]
1497 1280 26 20 711
1555 1280 21 20 4:
1591 1284 10 16 6
1656 1280 21 20 4:
1692 1284 22 16 20

1137 1315 11 16 4
1450 1314 11 16 4

1069 1427 29 22 59)
1135 1430 28 20 251
1209 1441 26 3 —I
1275 1441 26 3 —I
1340 1429 62 21 61.—1
1431 1429 28 20 291
1497 1429 26 20 711
1555 1429 21 20 4:
1591 1433 10 15 6
1614 1423 32 36 1
1656 1428 20 21 4:
1692 1433 22 15 20

1138 1464 9 15 5
1450 1463 11 15 4

1068 1605 30 23 591
1121 1608 42 20 140]
1209 1619 26 3 —I
1274 1619 26 3 —I
1340 1607 13 20 6)
1376 1619 26 3 —|
1431 1607 92 20 891247
1541 1606 72 21 116:127
1642 1606 72 20 116:227

1068 1695 30 22 59)
1136 1697 27 21 151
1209 1708 26 3 —I
1274 1708 27 3 —I
1326 1696 27 21 101
1376 1708 26 3 —
1446 1696 13 21 31
1497 1696 26 21 611
1555 1696 20 20 3:
1592 1700 21 16 14
1622 1691 23 36 |
1656 1696 21 20 3:
1692 1700 23 16 25

1138 1731 8 16 1
1440 1730 21 16 12

1068 1784 30 22 59]
1136 1786 27 21 151
1208 1798 27 3 —I
1274 1797 26 3 —I
1326 1785 27 21 10]
1375 1797 26 3 —
1446 1785 13 21 31
1496 1785 79 21 6113:
1592 1789 21 16 14
1622 1780 23 36 |
1656 1785 21 20 3:
1692 1789 23 16 25

1137 1820 11 16 2
1440 1820 20 15 13

1069 1856 25 22 60
1150 1858 13 20 61)
1209 1869 26 3 —I
1274 1869 27 3 —I
1326 1857 27 21 10
1375 1869 26 3 —|
1446 1857 13 20 31
1496 1857 29 20 541
1555 1857 20 20 3:
1592 1861 21 15 15
1656 1857 21 20 13:
1692 1861 23 15 38

1138 1892 8 15 1
1450 1891 10 16 an

1068 1915 30 22 600
1149 1917 14 21 61
1209 1928 26 4 —I
1274 1916 79 21 —J]10l
1375 1928 27 3 —|
1446 1916 79 21 31-541
1555 1916 20 21 3:
1592 1920 21 16 15
1622 1911 23 36 |
1656 1916 21 21 83:
1692 1920 23 16 38

1137 1951 10 16 2
1449 1950 11 16 8

1069 1974 29 23 60
1150 1976 14 21 61
1209 1988 26 3 —I
1275 1976 127 21 —]10l—]
1446 1976 13 20 31
1496 1975 28 21 541
1555 1975 58 21 3:15
1620 1970 28 36 1
1656 1975 21 21 8:
1693 1979 23 16 38

1137 2011 10 15 3
1449 2010 11 15 8

1069 2030 29 35 60!
1150 2036 14 20 61
1209 2047 26 3 —|I
1275 2047 26 3 —I
1326 2035 27 21 10]
1376 2047 26 3 —|
1446 2035 13 20 31
1496 2034 29 21 541
1555 2035 58 20 3:15
1622 2030 28 35 |
1656 2035 21 20 3:
1693 2039 22 15 38

1137 2069 11 17 4
1450 2069 11 16 9
