1848 2357
167 150 43 21 394
898 156 135 16 SAKREGISTER

185 434 178 28 Dyrtidstillägg.

188 471 9 15 3
215 466 38 20 RD
270 465 114 26 medgiver,
401 466 37 24 att,
455 464 70 21 därest
541 464 26 21 de
583 464 232 25 distriktsveterinärer,
832 465 33 20 till
885 465 69 21 vilkas
970 466 54 21 avlö-

232 496 51 25 ning
298 495 93 21 lämnats
410 494 134 26 statsbidrag,
560 494 34 21 för
609 494 58 21 tiden
685 494 11 21 1
713 494 42 27 juli
772 494 116 21 1929—30
903 496 48 26 juni
970 495 54 22 1930

232 525 87 21 beredas
343 525 159 27 dyrtidstillägg
517 525 13 20 å
545 524 49 21 dem
610 524 48 21 från
677 524 158 22 vederbörande
858 525 108 27 landsting
984 526 40 20 till-

231 555 131 21 kommande
378 555 106 26 avlöning,
501 554 158 27 dyrtidstillägg
674 561 26 14 av
716 555 124 21 statsmedel
853 556 36 20 må
899 556 33 20 för
943 562 82 15 samma

231 585 32 21 tid
273 585 34 21 till
319 585 49 21 dem
379 586 51 25 utgå
441 584 49 21 med
501 585 150 20 motsvarande
665 584 63 21 andel
739 592 26 13 av
776 585 157 27 statsbidraget,
949 586 75 21 ålders-

231 615 73 27 tillägg
323 615 46 20 däri
387 615 133 24 inberäknat,
540 614 55 21 dock
614 614 50 21 med
684 615 62 26 högst
762 621 25 14 en
804 615 104 27 tredjedel
924 622 26 14 av
966 618 59 19 stats-

231 646 137 25 avlöningen;
385 645 39 20 och
441 645 84 20 anvisas
540 644 34 21 till
585 644 135 21 bestridande
731 651 26 14 av
768 645 143 21 kostnaderna
921 646 33 20 för
964 646 62 21 dessa

231 675 158 27 dyrtidstillägg
405 675 33 20 för
457 674 125 27 budgetåret
598 674 127 28 1929/1930
741 676 30 19 ett
787 677 60 18 extra
862 675 164 27 förslagsanslag

231 713 25 13 av
274 706 27 20 75
311 705 42 21 000
370 705 31 20 kr.

188 771 9 15 4
215 765 43 21 Till
274 765 136 20 bestridande
426 771 26 14 av
467 764 144 21 kostnaderna
625 764 33 20 för
677 764 157 27 dyrtidstillägg
850 765 22 20 åt
887 765 138 27 befattnings-

230 796 78 20 havare
324 795 36 21 vid
376 797 80 18 statens
472 794 93 21 centrala
580 794 207 21 frökontrollanstalt
800 795 84 20 anvisas
895 795 33 20 för
939 795 85 27 budget-

231 826 45 20 året
293 825 126 28 1929/1930
436 826 30 19 ett
482 826 59 19 extra
556 824 163 26 förslagsanslag
735 831 26 14 av
777 824 65 21 8500
858 825 31 20 kr.

188 892 9 15 5
215 886 37 20 RD
272 885 115 27 medgiver,
407 886 32 19 att
457 884 69 21 under
544 884 59 21 tiden
621 884 10 21 1
648 884 41 27 juli
710 884 115 21 1929—30
844 885 49 27 juni
913 885 57 21 1930
989 887 36 19 må

230 916 33 20 till
280 915 226 22 distriktslantmätare
522 915 40 20 och
578 916 59 19 extra
653 914 127 21 lantmätare
792 914 49 21 med
853 915 83 24 arvode,
951 917 74 19 utöver

231 945 157 28 dyrtidstillägg
404 946 27 26 på
446 944 69 27 grund
532 952 26 13 av
574 945 35 20 lön
626 944 51 21 eller
693 944 83 26 arvode,
793 951 26 14 av
835 945 123 21 statsmedel
974 946 51 26 utgå

230 976 94 21 tillskott
339 975 73 21 därtill
427 976 28 26 på
470 975 68 26 grund
554 981 26 14 av
595 975 119 20 inkomster
724 975 33 20 för
768 975 71 20 arbete
850 975 66 26 enligt
926 975 98 26 gällande

230 1006 181 24 lantmäteritaxa,
428 1004 120 21 beräknade
563 1005 33 20 för
613 1004 225 21 distriktslantmätare
853 1005 34 20 till
903 1006 14 19 4
926 1005 42 21 000
985 1005 39 26 kr.,

230 1037 34 19 för
279 1038 60 18 extra
354 1035 127 20 lantmätare
501 1035 49 20 med
569 1034 78 22 arvode
666 1041 35 14 om
721 1034 65 21 2000
805 1035 31 20 kr.
856 1035 34 20 till
909 1035 12 20 3
931 1035 42 20 200
992 1035 31 21 kr.

230 1066 39 20 och
285 1066 33 20 för
334 1066 59 19 extra
409 1065 128 20 lantmätare
553 1064 50 21 med
619 1064 77 21 arvode
712 1071 35 14 om
765 1064 63 20 1500
845 1064 50 21 eller
913 1064 63 21 1000
992 1065 31 20 kr.

230 1096 34 20 till
281 1096 12 19 2
303 1095 43 21 400
362 1095 37 24 kr.,
416 1094 40 20 allt
470 1095 33 20 för
519 1095 23 19 år
556 1094 85 24 räknat;
661 1094 40 20 och
717 1094 114 26 medgives,
848 1096 31 19 att
894 1094 33 21 för
942 1101 83 14 samma

229 1125 32 21 tid
280 1126 37 20 må
335 1125 34 20 till
388 1126 60 19 extra
471 1124 127 21 lantmätare
620 1126 52 19 utan
691 1124 77 21 arvode
788 1131 26 13 av
832 1124 124 21 statsmedel
975 1126 50 25 utgå

230 1155 93 21 tillskott
331 1155 33 20 till
372 1154 119 21 inkomster
502 1154 33 21 för
545 1154 71 21 arbete
628 1154 66 26 enligt
704 1154 189 20 lantmäteritaxan
904 1154 120 21 beräknade

229 1185 34 20 till
275 1185 12 20 2
297 1184 42 21 400
353 1185 32 20 kr.
397 1184 33 20 för
445 1185 32 23 år;
494 1184 39 20 och
550 1184 103 20 förklarar
668 1184 45 25 RD,
730 1185 31 19 att
777 1184 132 20 beträffande
924 1184 99 25 tillskott,

230 1222 46 14 som
289 1221 30 14 nu
330 1216 93 22 nämnts,
440 1214 26 20 de
482 1214 108 26 angående
606 1213 159 27 dyrtidstillägg
780 1214 33 20 för
829 1214 148 21 motsvarande
993 1214 31 21 tid

229 1245 99 26 gällande
344 1244 162 21 bestämmelser
521 1244 60 20 skola
596 1244 8 20 i
620 1243 128 27 tillämpliga
764 1243 59 21 delar
838 1243 64 21 lända
918 1244 33 20 till
965 1244 58 21 efter-

229 1275 92 24 rättelse,
337 1274 50 21 med
402 1276 43 19 rätt
460 1274 33 20 för
508 1274 61 20 KM:t
585 1275 31 19 att
632 1273 99 21 meddela
741 1273 26 21 de
778 1275 97 19 närmare
886 1274 137 25 föreskrifter,

231 1312 46 13 som
293 1305 74 20 kunna
382 1311 50 14 vara
448 1303 135 27 erforderliga
602 1304 33 20 för
653 1303 138 27 tillämpning
809 1310 27 14 av
855 1303 60 21 dessa
934 1304 90 20 bestäm-

230 1335 86 24 melser;
334 1335 39 20 och
389 1334 116 26 medgives,
522 1336 31 18 att
568 1333 62 21 KM:t
645 1334 36 20 må
696 1335 39 24 äga
751 1335 36 23 att,
804 1333 49 21 med
869 1333 155 27 tillämpning
1004 1329 19 35 i

230 1365 41 20 den
293 1365 51 20 mån
364 1365 23 20 så
406 1364 42 21 kan
467 1364 38 20 ske
524 1370 26 14 av
569 1363 26 21 de
614 1363 109 27 angående
746 1363 157 27 dyrtidstillägg
926 1364 98 25 gällande

229 1395 98 26 grunder,
344 1395 33 20 för
392 1401 84 14 samma
491 1394 32 20 tid
538 1393 100 27 medgiva
653 1393 93 21 tillskott
761 1400 26 14 av
804 1393 123 21 statsmedel
943 1394 81 27 jämväl

229 1426 23 20 åt
262 1424 282 21 kommissionslantmätare
560 1424 40 20 och
616 1424 45 20 vice
677 1423 287 26 kommissionslantmätare,
977 1431 46 13 som

229 1454 132 22 fortfarande
376 1456 66 19 utöva
457 1454 97 27 praktisk
569 1453 145 25 verksamhet;
735 1453 39 21 och
793 1454 84 20 anvisas
893 1454 33 20 för
941 1460 30 14 nu
987 1461 36 13 an-

230 1486 63 25 givna
308 1484 101 21 ändamål
425 1485 70 20 såsom
512 1484 92 20 tillskott
620 1484 34 20 till
670 1483 157 27 dyrtidstillägg
842 1483 34 21 till
895 1484 57 20 vissa
971 1484 52 20 lant-

230 1517 81 19 mätare
334 1515 33 20 för
390 1514 125 27 budgetåret
539 1512 126 29 1929/1930
687 1515 31 19 ett
736 1515 60 19 extra
816 1513 163 27 förslagsanslag
998 1521 26 13 av

230 1545 42 20 330
282 1545 42 20 000
341 1545 31 20 kr.

186 1611 10 15 6
214 1605 42 20 Till
275 1604 136 21 bestridande
431 1610 25 14 av
476 1603 115 21 kostnader
613 1603 33 20 för
668 1603 158 27 dyrtidstillägg
845 1604 22 20 åt
886 1603 137 26 befattnings-

229 1635 78 20 havare
323 1634 36 21 vid
375 1634 25 20 de
420 1634 34 20 till
472 1633 286 27 jordbruksdepartementet
776 1633 94 21 hörande
889 1633 135 21 ämbetsverk

229 1665 40 20 och
285 1664 61 21 kårer
362 1664 84 20 anvisas
461 1663 33 21 för
514 1663 124 26 budgetåret
658 1662 126 27 1929/1930
804 1664 30 19 ett
850 1664 59 19 extra
928 1663 95 26 förslags-

229 1694 73 27 anslag
318 1701 26 13 av
362 1693 64 21 1100
436 1693 42 21 000
495 1693 30 21 kr.

186 1766 10 16 7
214 1761 38 20 RD
268 1760 94 21 besluter
377 1759 133 21 beträffande
527 1759 217 26 befattningshavare,
760 1758 94 21 hörande
873 1758 69 22 under
961 1759 63 20 2:a—

229 1790 34 21 8:e
279 1792 56 19 samt
353 1790 46 20 10:e
414 1789 47 25 HT,
481 1791 32 19 att
531 1789 26 20 de
576 1789 32 20 för
627 1788 125 27 budgetåret
777 1787 125 29 1928/1929
926 1789 98 25 gällande

229 1820 110 21 allmänna
362 1819 121 27 grunderna
505 1819 34 20 för
562 1818 158 28 dyrtidstillägg
742 1819 22 20 åt
788 1818 209 26 befattningshavare
1017 1819 7 20 i

229 1852 80 19 statens
325 1850 67 27 tjänst
408 1849 61 21 skola
483 1849 57 27 gälla
554 1849 81 27 jämväl
651 1849 33 20 för
699 1848 126 27 budgetåret
837 1847 135 29 1929/1930;
985 1849 39 20 och

228 1880 94 21 besluter
338 1880 44 24 RD,
400 1881 32 19 att
447 1879 158 27 dyrtidstillägg
621 1880 22 19 åt
659 1878 209 26 befattningshavare
884 1879 40 20 och
944 1879 80 26 pensio-

227 1912 62 19 närer
312 1910 37 20 vid
371 1909 130 27 postverket,
520 1908 168 27 telegrafverket,
709 1910 80 19 statens
808 1909 120 26 järnvägar,
944 1910 80 19 statens

228 1940 176 21 vattenfallsverk
420 1939 51 21 eller
487 1939 36 21 vid
539 1946 27 13 av
581 1939 96 20 nämnda
692 1938 51 21 verk
756 1940 115 24 övertagna
881 1939 82 26 företag
974 1938 51 21 eller

227 1970 143 26 inrättningar
388 1971 57 19 samt
464 1969 158 27 dyrtidstillägg
638 1969 22 20 åt
675 1968 210 27 befattningsbavare
904 1968 37 21 vid
960 1969 64 20 bank-

228 2001 40 20 och
284 1993 221 38 fondinspektionen,”
511 1998 283 27 försäkringsinspektionen
813 2000 57 19 samt
889 2000 79 25 patent-
985 1999 39 20 och

228 2029 221 28 registreringsverket
464 2029 60 20 skola
539 2029 51 26 utgå
606 2036 26 13 av
646 2028 26 21 de
686 2028 76 25 medel,
775 2035 25 14 av
811 2028 59 21 vilka
880 2028 83 21 verkets
974 2028 52 21 eller

229 2060 161 21 institutionens
410 2059 152 21 omkostnader
577 2059 7 20 i
600 2059 69 25 övrigt
688 2058 111 25 bestridas,
816 2060 56 19 samt
888 2060 37 23 att,
942 2058 38 21 där
996 2065 29 13 ar-

928 210 264 41 |

1112 237 18 17 e
1328 243 48 18 Utsk
1482 221 65 31 Riks-

1059 249 18 27 3
1113 252 41 33 2R
1181 273 35 18 foti
1339 245 21 46 Hu
1377 245 44 16 SKE
1484 255 72 23 dagens
1613 255 118 18 Kamrarnas

1060 280 64 26 al
1136 287 18 28 2
1170 270 94 43 Mokoner
1316 275 21 16 ut
1357 273 70 34 Anaen
1443 303 6 18 1
1499 281 46 32 skri-
1599 285 144 22 förhandlingar

1059 310 18 27 =
1113 307 41 34 Ze.
1270 315 2 4 |
1292 304 46 17 eller
1351 308 91 13 memorial
1490 315 63 18 eler

1055 341 16 25 &
1113 339 39 30 l3E
1286 364 17 12 -

1060 370 17 12 &
1113 368 35 12 Jeg
1286 370 57 19 sg!»
1432 364 28 32 [Cl
1541 372 17 19 el
1587 370 68 17 Första
1659 365 24 32 |
1688 369 65 18 Andra

1060 385 12 10 3
1113 381 35 40 25
1226 382 35 17 NS
1286 390 14 32 Ez
1326 388 18 31 å
1378 377 18 45 Zz
1440 392 17 25 &
1491 377 18 44 Zz
1541 392 17 25 &
1558 387 13 34 |
1583 394 71 17 kamm.
1656 387 26 34 |
1685 394 69 17 kamm.

1040 466 55 21 1929]
1113 467 40 21 1:9
1277 467 26 21 10
1397 467 8 20 1/|
1440 472 24 16 3919
1483 467 74 21 Alzol
1588 467 68 21 18:21
1658 462 57 36 126:
1721 462 45 36 110

1110 502 45 23 p-49

1063 767 90 20 sreklud
1277 768 27 21 10
1397 767 10 20 11
1440 772 24 16 49|9
1483 766 40 21 A|
1548 772 9 15 31
1590 767 125 20 18:22126:
1721 762 46 36 110

1110 808 18 16 p-
1131 802 25 22 70

1164 862 2 26 |

1063 887 103 28 AO
1278 888 25 21 10
1397 887 11 20 11
1440 892 25 16 9319
1485 887 73 22 Al25]
1590 886 68 22 18:26
1658 882 58 39 126:
1722 882 45 39 127

1096 911 70 38 p.134/
1271 936 1 9 |

1164 942 2 19 I
1271 960 2 9 I

1164 971 2 16 I

1164 1055 1 17 I

1164 1092 2 15 I

1164 1135 1 14 I

1164 1214 2 16 I
1420 1219 1 18 |

1420 1238 1 12 I

1164 1253 1 3 |
1420 1251 1 9 I

1420 1268 2 20 I

1420 1300 2 12 |

1421 1314 1 10 |

1421 1326 1 9 |

1421 1342 1 18 |

1421 1361 1 22 I

1272 1442 1 9 |

1272 1453 1 18 |

1217 1474 2 11 I
1272 1472 1 13 |

1217 1490 2 6 I
1271 1488 2 15 I

1271 1572 1 36 |

1062 1611 8 10 sö
1271 1603 32 47 1
1398 1603 68 21 1109
1485 1603 12 20 9
1506 1603 52 38 Als
1590 1598 32 36 18:
1634 1607 24 16 26
1662 1598 19 36 |
1683 1602 33 20 26:
1728 1607 38 16 127

1104 1638 56 22 p.158
1271 1651 1 34 |
1527 1643 2 11 |

1271 1686 1 9 I

1062 1766 9 11 >
1127 1758 9 20 1:
1170 1758 95 21 I115/218]
1291 1758 12 20 61
1334 1758 10 20 11
1382 1758 27 20 26
1497 1758 26 20 76
1591 1757 32 21 14:
1635 1757 25 21 7d
1665 1753 14 34 |
1684 1757 32 20 17:
1728 1757 40 20 44d

1114 1787 35 18 För
1223 1788 41 21 219

1112 1811 42 18 flera

1115 1835 32 17 HT

1119 1865 27 16 ge-

1097 1880 64 28 mens.
1272 1893 2 11 I

1115 1901 33 32 frå-
1272 1905 2 11 |

1111 1937 39 16 gor:

1104 1955 58 18 avd.
1146 1951 20 31 &

1421 2072 2 10 I
