1850 2363
169 148 42 34 212
903 154 135 15 SAKREGISTER

1114 211 52 36 SA
1275 215 2 30 |
1499 222 53 17 Riks-

1 256 1 30 |
1061 246 17 26 3
1115 246 35 28 ER
1165 247 1 14 I
1332 237 94 40 Utskotts-
1489 247 72 30 dagens
1620 246 117 30 Kamrarnas

1061 277 17 12 x
1089 266 23 29 |
1115 273 11 8 7
1139 275 17 11 —
1166 270 103 21 Motioner
1321 266 111 29 utlåtanden
1538 282 3 3 :
1615 283 6 3 BR
1697 282 3 3 b

1061 293 12 9 2
1115 293 12 9 la
1430 300 3 4 å
1493 278 57 31 skri-
1604 282 145 22 förhandlingar

1061 307 18 27 3
1116 304 35 34 32
1296 300 47 18 eller
1355 300 99 17 memorial
1496 312 62 17 völsör

1057 335 98 43 215
1273 352 74 30 [le
1422 356 1 32 |
1444 368 16 11 2
1546 367 17 12 za
1566 349 6 43 |
1592 366 14 17 Första
1674 354 1 23 |
1693 366 43 17 And

1062 377 148 35 TIER
1229 373 76 51 ARE
1384 377 179 47 ENSE
1589 367 70 40 känt
1690 371 70 36 Skåne

187 434 167 28 Avsöndringar
370 442 26 13 m.
413 441 26 14 m.
1220 432 1 26 [RR
1356 434 2 29 |
1422 432 2 29 |
1673 432 2 21 I

230 465 117 27 upprättad
363 465 60 20 karta
439 466 49 19 över
504 464 69 20 heden
588 464 91 26 angivna
690 463 101 21 områden
805 464 34 19 må
851 463 104 26 försäljas,
968 464 57 19 näm-
1041 462 55 21 [1929
1165 469 2 19 I
1219 459 2 39 |
1273 464 2 24 I
1315 432 1 64 |
1422 464 1 3 I

231 496 58 26 ligen
305 495 147 26 ägofigurerna
467 501 25 13 nr
508 494 34 24 38,
560 493 28 21 39
605 494 39 20 och
660 493 27 21 41
705 495 56 19 samt
776 493 93 20 kronans
880 492 63 21 andel
954 493 7 19 i
972 499 53 13 sam-
1165 496 56 25 fee
1422 468 2 44 |

231 525 68 21 fällda
314 525 140 26 soldattorpet
470 524 41 20 litt.
528 524 10 20 I
554 524 70 20 tillika
640 523 50 21 med
706 523 127 27 byggnader,
845 523 145 26 ägofigurerna
1001 529 26 13 nr
1165 533 2 10 ff
1231 517 28 42 Er
1315 499 1 69 |
1422 515 2 16 I

232 555 35 25 42,
284 555 35 25 43,
336 555 29 20 44
380 555 40 20 och
436 555 28 20 45
481 556 56 18 samt
553 561 25 13 av
594 554 146 26 ägofigurerna
755 560 25 13 nr
795 553 26 20 36
833 553 39 20 och
885 553 26 20 37
923 552 26 21 de
960 552 65 25 delar,
1165 562 56 11 FÖRR:
1315 569 1 6 |
1530 573 1 6 |

232 592 46 14 som
302 587 36 18 äro
362 585 89 25 belägna
466 586 70 19 väster
552 591 35 13 om
604 585 67 25 vägen
686 583 34 21 till
736 583 126 27 badplatsen
878 584 56 19 samt
949 584 32 19 att
996 583 29 19 in-
1166 592 1 4 late
1356 581 2 27 |
1674 595 1 3 |

232 615 95 27 flytande
350 614 168 27 köpeskillingar
541 615 42 23 må,
603 614 53 20 efter
672 613 79 26 avdrag
766 620 26 13 av
808 613 121 20 eventuella
944 612 81 27 försälj-
1166 608 1 31 |
1219 611 2 34 |
1315 584 1 56 |
1674 621 1 14 |

232 645 184 27 ningskostnader,
441 644 146 26 tillgodoföras
611 644 160 20 lantförsvarets
786 643 53 20 fond
856 643 32 20 för
904 642 122 27 byggnader
1165 641 56 32 RE
1529 647 2 31 |
1673 636 2 39 |

231 676 40 20 och
288 675 67 20 andra
369 674 200 21 försvarsändamål.
1186 667 20 35 Ne
1529 681 2 15 I

174 741 24 15 24
216 735 38 21 RD
276 735 115 26 medgiver,
416 736 30 19 att
469 736 31 19 ett
523 735 12 19 å
558 741 26 13 en
600 734 7 20 i
623 733 232 27 statsrådsprotokollet
870 732 113 27 åberopad,
1000 739 26 13 av|
1064 740 8 10 >»
1084 727 25 38 |
1120 731 28 20 94
1165 727 2 29 I
1279 731 26 21 10
1384 732 27 20 36
1416 727 14 36 |
1458 731 68 22 7I154
1584 732 90 26 21:104|
1685 732 85 21 28:1128

232 765 241 21 distriktslantmätaren
489 764 24 20 O.
531 764 124 26 Strindberg
670 764 23 20 år
711 763 55 20 1927
783 763 114 27 upprättad
914 763 61 20 karta
991 769 35 14 an-
1111 766 56 23 p.11|
1673 763 1 3 |

232 796 56 25 givet
304 794 87 21 område
406 794 50 21 med
472 801 26 13 en
514 794 56 20 areal
587 801 26 13 av
629 793 143 27 sammanlagt
783 793 78 21 27.898
873 793 76 20 hektar
960 800 26 13 av
997 790 27 29 1/3
1165 798 2 19 |
1672 795 1 19 I

232 825 82 21 mantal
330 824 107 21 Lönshult
452 831 25 13 nr
493 824 12 20 2
516 823 118 27 Norregård
645 824 8 20 i
664 823 103 21 Vislanda
778 823 77 21 socken
866 823 36 20 må
913 823 112 26 avstyckas
1165 819 2 31 |
1314 825 2 27 |
1672 821 1 3 |

231 855 48 20 från
302 855 184 26 stamfastigheten
509 854 40 20 och
572 855 50 19 med
641 854 13 20 å
669 853 126 26 lägenheten
812 853 115 26 befintliga,
944 853 80 20 kronan
1165 851 2 7 I
1314 854 2 26 |
1672 826 2 64 |

231 885 108 26 tillhöriga
362 884 122 27 byggnader
506 884 99 26 försäljas
624 883 50 21 med
689 883 150 21 hembudsrätt
854 883 33 20 för
902 882 123 21 nuvarande
1314 881 2 36 |
1672 902 2 6 I

230 915 138 20 arrendatorn
385 915 24 19 V.
426 914 85 26 Lining
521 916 57 18 samt
588 913 68 21 under
666 913 84 24 villkor,
762 915 32 18 att
804 913 82 20 kronan
896 912 129 21 förbehålles
1314 924 1 3 I
1673 912 1 16 |

231 946 43 19 rätt
289 946 32 19 att
337 944 98 21 använda
450 945 13 19 å
478 944 127 26 lägenheten
621 943 110 26 befintliga
747 945 69 24 vägar.
1314 946 2 24 |
1673 934 1 39 |

1673 975 1 18 I

174 1016 24 16 25
216 1011 38 20 RD
270 1010 109 27 medgiver
394 1010 128 27 försäljning
535 1016 26 14 av
572 1009 199 26 kronoegendomen
783 1007 27 28 ?/s
822 1008 82 21 mantal
915 1008 49 20 Hov
975 1015 25 13 nr
1012 1008 12 20 6
1025 1002 16 39 |
1063 1015 8 10 >»
1079 1002 30 39 |
1119 1006 28 20 94
1218 1028 1 3 I
1278 1006 27 21 10
1384 1008 27 20 36
1416 1002 14 36 |
1459 1006 67 22 7|154
1584 1002 33 35 21:
1630 996 44 47 104)
1686 1007 33 20 28:
1731 1012 38 16 128

231 1040 105 26 Norrgård
352 1041 7 19 i
376 1040 70 26 Växjö
462 1039 84 21 socken.
1110 1042 46 22 p.12
1673 1047 1 26 |

173 1105 25 15 26
216 1100 37 20 RD
270 1099 114 26 medgiver,
401 1101 31 18 att
447 1098 65 21 sedan
528 1097 200 27 kronoegendomen
742 1096 28 28 !/,
789 1097 82 20 mantal
882 1097 142 26 Häringetorp
1024 1091 19 38 |
1063 1104 8 10 »
1078 1091 30 38 |
1119 1095 28 21 94
1278 1095 27 21 10
1384 1096 27 20 36
1414 1084 11 42 |
1458 1090 73 28 8154)
1584 1088 185 29 |21:104|28:128

231 1136 25 13 nr
280 1128 11 21 1
316 1129 7 20 i
347 1128 113 27 Bergunda
483 1128 77 20 socken
577 1128 63 20 blivit
654 1127 98 21 fördelad
768 1127 6 20 i
791 1128 36 20 två
842 1127 70 25 lotter,
928 1127 41 20 den
985 1133 40 14 ena
1109 1123 46 36 p.138
1529 1120 2 33 |
1673 1118 1 22 |

230 1159 133 21 omfattande
379 1158 143 27 egendomens
537 1158 74 26 inägor
626 1157 70 21 tillika
712 1157 49 20 med
775 1157 7 20 i
793 1156 232 27 statsrådsprotokollet

231 1189 91 26 angiven
337 1188 87 21 utmark
440 1188 39 21 och
496 1188 41 20 den
551 1187 67 21 andra
629 1187 131 26 egendomen
771 1187 7 20 i
789 1187 74 26 övrigt,
875 1186 149 21 förstnämnda

230 1219 40 20 lott
285 1219 36 20 må
336 1218 105 27 försäljas.
1421 1224 2 37 |

172 1283 25 16 27
214 1279 38 20 RD
272 1278 114 26 medgiver,
404 1280 31 18 att
451 1278 36 20 två
502 1278 8 19 i
526 1276 232 28 statsrådsprotokollet
773 1276 92 26 angivna
880 1276 102 20 områden
998 1283 26 13 av|
1062 1283 8 10 >»
1111 1275 42 21 1225
1278 1274 26 21 10
1382 1270 41 27 64
1410 1266 21 40 |
1444 1275 81 21 10|283
1591 1275 33 21 29:
1636 1281 9 14 5
1672 1259 46 45 186:
1731 1280 37 16 11

230 1307 27 29 1/,
274 1308 82 20 mantal
373 1307 119 28 Björkeryd
507 1314 26 13 nr
550 1307 10 20 1
576 1307 7 20 i
594 1306 113 21 Härlunda
718 1306 83 25 socken,
813 1306 133 20 omfattande
958 1305 66 26 enligt
1114 1310 35 22 p.9
1421 1304 2 20 |
1672 1299 2 21 I

229 1339 8 19 i
252 1345 84 13 samma
351 1337 106 28 protokoll
474 1337 125 26 åberopade,
616 1343 26 14 av
658 1338 60 18 extra
728 1336 143 20 lantmätaren
882 1336 27 20 H.
922 1336 101 25 Wingren

230 1369 23 19 år
269 1367 57 21 1928
342 1367 128 27 upprättade
487 1367 72 20 kartor
574 1366 50 21 med
640 1366 129 21 tillhörande
785 1366 127 26 handlingar
928 1372 26 13 en
970 1372 54 14 sam-

229 1398 101 26 manlagd
353 1397 63 24 areal,
441 1396 154 26 huvudgården
617 1396 119 27 Björkeryd
755 1403 26 13 av
798 1396 77 20 77.515
893 1395 76 20 hektar
984 1395 39 21 och

229 1429 70 25 torpet
314 1427 103 27 Ljusadal
434 1434 25 13 av
478 1426 76 21 16.815
572 1426 82 24 hektar,
669 1427 36 19 må
716 1425 111 27 avstyckas
838 1425 46 20 från
897 1425 126 26 stamfastig-

229 1458 64 20 heten
309 1459 56 19 samt
380 1464 38 13 var
432 1457 34 20 för
481 1457 31 25 sig
528 1456 104 26 försäljas.
1420 1478 1 9 |

171 1522 25 16 28
214 1517 38 20 RD
268 1517 108 25 medgiver
389 1516 127 27 försäljning
527 1522 25 14 av
563 1515 200 26 kronoegendomen
775 1514 12 20 3
799 1514 81 21 mantal
888 1514 135 27 Kronobergs
1024 1509 20 38 |
1061 1521 9 10 »
1110 1513 42 20 |225
1277 1512 26 20 10
1382 1513 28 20 64
1409 1508 23 34 |
1442 1514 82 21 101283
1590 1513 54 21 29:'5
1684 1513 34 20 136:
1730 1518 37 15 111

229 1546 121 27 kungsgård
365 1553 25 13 nr
407 1546 10 20 1
435 1546 7 20 i
459 1546 70 26 Växjö
545 1545 84 21 socken.
1109 1548 46 23 p.10

172 1612 24 15 29
214 1607 38 20 RD
268 1606 114 26 medgiver,
400 1608 31 18 att
447 1607 31 19 ett
493 1606 8 19 i
516 1604 233 27 statsrådsprotokollet
764 1604 85 26 angivet
860 1604 87 20 område
957 1610 27 14 av
995 1602 28 29 1/31
1061 1610 8 11 »
1110 1603 42 20 1225
1277 1601 25 21 10
1382 1602 28 20 64
1408 1598 23 35 |
1442 1603 82 21 111283
1590 1603 54 20 29:5
1684 1603 82 20 |36:111

229 1636 82 21 mantal
328 1635 110 21 Varaböke
454 1642 26 13 nr
497 1635 10 20 1
525 1635 7 20 i
549 1634 104 27 Göteryds
670 1634 84 25 socken,
770 1633 134 21 omfattande
920 1634 66 26 enligt
996 1640 27 14 en
1108 1638 44 22 p.11

228 1667 8 20 i
260 1665 231 28 statsrådsprotokollet
514 1664 114 27 åberopad,
653 1671 26 13 av
698 1664 240 20 distriktslantmätaren
954 1664 25 19 A.
997 1664 24 20 G.

229 1696 127 21 Landström
372 1696 23 20 år
412 1695 56 21 1928
485 1694 115 27 upprättad
614 1694 61 20 karta
686 1694 50 20 med
747 1693 128 21 tillhörande
886 1693 137 26 beskrivning

229 1733 26 14 en
271 1725 148 27 sammanlagd
435 1725 56 20 areal
507 1731 27 14 av
546 1725 78 20 54.867
637 1724 82 22 hektar,
732 1724 35 20 må
778 1724 112 26 avstyckas
901 1723 47 20 från
960 1725 62 18 stam-

228 1756 128 26 fastigheten
372 1756 40 20 och
428 1755 105 26 försäljas.
1671 1777 1 3 |

1671 1782 1 10 |

197 1816 63 20 Inom
277 1814 94 22 Kalmar
386 1815 46 20 län:
1670 1812 2 12 |

170 1851 25 15 30
212 1846 38 20 RD
274 1845 115 26 medgiver,
408 1846 32 18 att
456 1851 26 13 av
501 1843 200 26 kronoegendomen
717 1842 27 28 ?/,
761 1843 81 20 mantal
858 1842 94 21 Marstad
968 1849 25 13 nr
1009 1842 12 20 3|
1061 1849 8 11 »
1109 1842 42 20 1225
1276 1840 26 21 10
1381 1841 28 20 64
1410 1837 19 36 |
1441 1841 82 21 111283
1589 1841 54 21 29:5
1683 1841 33 20 136:
1729 1846 37 15 111

227 1875 40 20 och
283 1875 14 20 4
313 1875 7 20 i
336 1874 116 27 Djursdala
468 1874 77 20 socken
561 1874 37 19 må
613 1873 99 26 försäljas
722 1874 71 25 torpet
803 1872 159 26 Kröningsberg
972 1872 50 20 med
1107 1876 46 23 p.12

227 1905 8 20 i
251 1904 233 26 statsrådsprotokollet
500 1903 90 26 angiven
606 1903 57 20 areal
678 1909 35 14 om
731 1903 27 19 25
775 1902 80 20 hektar.

170 1969 23 16 31
212 1964 38 20 RD
267 1964 115 26 medgiver,
398 1965 32 19 att
445 1963 48 20 från
509 1962 198 26 kronoegendomen
726 1962 9 19 1
754 1962 82 20 mantal
853 1962 106 26 Gryssebo
973 1968 25 13 nr
1010 1961 10 20 1|
1060 1968 9 12 »
1109 1960 42 21 1225
1276 1959 26 22 10
1381 1960 27 20 64
1408 1956 23 36 |
1441 1961 81 20 121283
1588 1961 55 20 29:5
1683 1960 33 20 136:
1728 1965 37 15 111

227 1995 8 19 i
258 1994 109 26 Fågelfors
385 1993 78 21 socken
479 1993 36 20 må
530 1992 99 27 försäljas
645 1992 45 20 dels
707 1992 106 26 Gryssebo
829 1991 128 26 huvudgård
972 1991 50 20 med
1107 1988 46 34 p-13
1353 1997 2 3 I

227 2030 27 14 en
273 2023 56 21 areal
349 2030 26 14 av
392 2024 76 20 74.666
486 2022 76 21 hektar
577 2022 46 20 dels
639 2022 39 20 ock
694 2024 69 24 torpet
779 2021 55 21 Lilla
850 2021 106 27 Gryssebo
972 2021 50 20 med
1269 2027 2 19 I
1527 2030 1 17 |

227 2060 26 14 en
269 2053 56 21 areal
342 2060 26 14 av
384 2053 79 20 35.186
480 2052 81 21 hektar.
1269 2049 2 27 I
1527 2048 1 27 |
