1847 2361
169 80 42 21 648

187 258 131 28 Kristillägg.

215 295 26 21 Se
258 295 40 20 ock
314 292 144 26 Arbetslöshet,
476 295 126 26 Avlönings-
619 295 36 20 och
671 295 233 26 omkostnadsanslagen
922 295 65 26 (spec.
1006 296 69 26 1947),

187 325 139 26 Barntillägg,
349 325 166 26 Dyrtidstillägg,
539 325 180 26 Interpellationer
740 325 69 26 (1941:
823 327 30 21 11,
877 325 59 20 1942:
949 325 40 27 21),
1011 325 66 20 Kom-

186 355 79 20 mittéer
289 355 36 20 och
351 355 135 26 utredningar
510 355 69 26 (1941:
593 354 39 27 12),
658 355 203 26 Kontrollstyrelsen,
884 355 192 21 Lantmäteriväsen

187 385 70 26 (1946:
270 384 41 27 21),
339 384 249 27 Löneplansförordning,
617 384 146 27 Mödrahjälp,
791 385 175 23 Pensionsväsen,
994 385 83 20 Privat-

186 415 99 23 läroverk,
300 415 134 26 Sjukkassor,
451 415 143 20 Universitetet
607 415 7 20 i
630 415 96 26 Uppsala
739 414 80 27 (1942).

186 463 124 20 KRISTNA
324 463 81 20 TROS-
424 462 54 21 OCH
492 459 272 28 LIVSÅSKÅDNINGEN;
780 468 21 14 se
818 462 121 21 Folkskolor
954 462 69 27 (1944:
1037 462 39 28 19).

187 510 189 21 KROGSEREDS
389 510 116 25 SOCKEN;
518 516 22 14 se
553 509 220 27 Grundförbättringar
785 510 70 26 (1942:
868 509 26 27 7).

187 558 136 21 KROMSTA
333 558 38 20 NR
382 558 13 20 3
411 558 50 26 (3);
472 564 22 14 se
504 557 160 27 Avsöndringar
675 558 69 26 (1943:
757 558 26 26 5).

187 606 145 20 KRONISKT
346 606 101 25 SJUKA;
461 612 22 14 se
496 606 77 20 Hälso-
587 605 36 21 och
636 605 106 27 sjukvård,
760 605 180 27 Interpellationer
953 605 70 27 (1948:
1036 606 40 26 70),

215 634 124 22 Läkemedel
351 636 79 26 (1949).

187 683 189 21 KRONOBERGS
392 683 186 21 REGEMENTES
596 683 181 25 SOLDATHEM;
794 689 21 14 se
832 683 159 27 Avsöndringar
1006 683 70 27 (1942:

219 713 39 27 11).

188 755 281 21 KRONOEGENDOMAR.

217 792 19 20 1.
252 792 43 19 RD
309 791 85 20 bifaller
407 797 61 21 prop.
482 796 49 21 ang.
546 791 119 20 avstående
679 791 6 19 i
699 791 57 20 vissa
769 790 39 21 fall
821 797 28 14 av
862 791 62 19 mark
938 791 48 20 från
999 791 79 20 krono-

189 821 131 27 egendomar
341 821 50 20 eller
412 821 135 26 upplåtande
568 827 28 14 av
617 821 165 26 nyttjanderätt
802 821 51 19 eller
873 820 151 21 servitutsrätt
1044 821 33 20 till

188 852 68 20 sådan
269 851 69 20 mark.

216 881 19 20 2.
252 881 42 20 RD
307 881 85 20 bifaller
402 887 61 20 prop.
475 886 49 21 ang.
536 880 144 27 medgivande
691 880 34 20 för
735 880 64 20 KM:t
809 881 36 19 att
855 880 6 20 i
872 880 57 20 vissa
941 880 37 20 fall
989 880 88 27 försälja

188 911 176 26 kronoegendom
375 917 29 14 m.
413 917 29 14 m.

216 941 19 20 3.
252 941 42 20 RD
306 941 85 20 bifaller
400 947 61 20 prop.
473 945 49 22 ang.
533 940 175 27 bemyndigande
718 940 34 20 för
761 940 65 20 KM:t
835 941 35 19 att
880 940 87 20 biträda
977 940 101 20 ackords-

189 970 138 27 uppgörelser
338 970 7 20 i
357 970 60 27 fråga
430 977 35 13 om
477 971 95 19 kronans
584 970 122 26 fordringar
717 970 34 20 för
762 970 94 20 försålda
868 970 208 26 kronoegendomar.

215 1001 20 20 4.
252 1001 42 20 RD
311 1001 127 26 godkänner
453 1000 92 26 ändring
560 1000 7 20 i
582 1000 100 26 gällande
697 1000 94 26 grunder
806 999 34 20 för
854 999 129 27 försäljning
998 999 7 21 i
1020 1000 57 20 vissa

189 1030 38 20 fall
239 1036 29 14 av
280 1030 176 26 kronoegendom
469 1036 29 14 m.
507 1036 29 14 m.
550 1031 58 19 samt
621 1030 143 25 bemyndigar
777 1029 63 20 KM:t
853 1031 35 18 att
900 1029 37 20 vid
950 1029 128 27 försäljning

189 1059 48 20 från
253 1059 176 26 kronoegendom
445 1065 28 14 av
489 1059 193 26 bostadslägenhet
698 1059 55 19 efter
768 1059 108 25 prövning
891 1059 7 19 i
914 1059 61 25 varje
991 1059 87 20 särskilt

188 1089 38 20 fall
239 1089 103 20 förordna
357 1095 35 14 om
406 1088 128 27 försäljning
547 1088 50 20 med
611 1088 103 23 hembud,
729 1088 78 20 oaktat
820 1088 127 20 saluvärdet
960 1088 118 26 överstiger

188 1119 12 20 3
209 1119 42 20 000
260 1119 33 19 kr.
305 1119 39 19 och
355 1119 27 19 de
392 1118 6 20 i
410 1119 25 19 10
445 1119 9 25 $
465 1118 149 26 nyssnämnda
624 1118 126 26 förordning
760 1117 95 27 angivna
865 1118 212 26 förutsättningarna

188 1149 34 20 för
233 1149 80 19 sådant
324 1148 185 26 försäljningssätt
520 1148 19 26 ej
552 1150 37 18 äro
601 1148 34 20 för
646 1148 93 20 handen.

216 1178 19 20 5.
252 1178 43 20 RD
310 1178 118 26 medgiver,
444 1179 35 19 att
492 1178 7 19 i
514 1178 107 19 avseende
636 1178 12 19 å
664 1177 143 26 köpeskilling
822 1177 33 20 för
869 1177 68 20 sådan
951 1177 128 26 jordbruks-

188 1208 102 26 lägenhet
300 1207 51 20 eller
360 1208 103 25 byggnad
473 1208 13 19 å
496 1207 150 26 åbolägenhet,
658 1213 46 14 som
714 1207 24 20 år
749 1207 53 19 1920
813 1207 50 19 eller
872 1212 75 14 senare
957 1207 24 19 år
990 1207 87 20 försålts

189 1237 51 20 eller
251 1237 99 26 försäljes
363 1237 48 20 från
424 1237 182 26 kronoegendom,
620 1238 79 19 räntan
712 1237 43 23 må,
769 1236 6 20 i
789 1236 41 20 den
843 1236 51 20 mån
907 1236 170 26 köpeskillingen

188 1267 109 20 förräntas
311 1267 67 26 enligt
391 1267 115 20 enahanda
519 1267 95 26 grunder
626 1272 47 14 som
686 1266 54 27 gällt
753 1266 50 20 eller
816 1266 56 26 gälla
885 1266 34 20 för
932 1266 42 20 den
987 1266 90 20 stående

188 1297 62 20 delen
264 1303 29 14 av
306 1297 46 20 före
366 1297 42 20 den
423 1297 9 19 1
447 1297 40 26 juli
502 1296 53 21 1940
568 1296 93 26 beviljat
674 1296 153 26 egnahemslån
841 1296 33 20 för
887 1296 190 26 jordbrukslägen-

188 1327 68 23 heter,
268 1327 70 19 under
349 1327 23 19 år
384 1326 53 20 1942
449 1326 52 26 utgå
513 1326 55 20 efter
578 1326 35 23 3,6
624 1327 97 25 procent.

218 1368 18 20 1.
253 1368 42 20 RD
310 1368 118 26 medgiver,
444 1369 35 19 att
492 1367 8 20 i
514 1368 107 20 avseende
636 1367 12 20 å
662 1367 144 27 köpeskilling
820 1367 34 20 för
868 1367 68 20 sådan
950 1367 127 26 jordbruks-

188 1398 102 26 lägenhet
304 1398 51 20 eller
369 1398 102 26 byggnad
485 1398 12 19 å
512 1397 150 27 åbolägenhet,
678 1403 46 14 som
738 1397 25 20 år
777 1397 54 20 1920
845 1397 50 19 eller
909 1403 74 14 senare
997 1397 24 20 år
1035 1397 42 20 för-

188 1428 54 20 sålts
257 1428 51 20 eller
322 1428 99 19 kommer
435 1429 35 19 att
485 1427 99 26 försäljas
599 1427 48 20 från
662 1427 182 26 kronoegendom,
860 1428 79 19 räntan
954 1427 43 23 må,
1013 1427 7 20 i
1036 1427 41 20 den

188 1458 52 19 mån
256 1457 171 26 köpeskillingen
445 1457 108 20 förräntas
570 1457 67 26 enligt
653 1457 115 20 enahanda
784 1457 94 25 grunder
894 1462 47 14 som
957 1456 54 26 gällt
1027 1456 51 21 eller

188 1487 56 26 gälla
256 1487 34 20 för
302 1487 41 20 den
355 1487 90 20 stående
457 1487 61 20 delen
530 1493 28 14 av
570 1487 45 20 före
627 1487 41 20 den
681 1487 9 19 1
703 1486 40 26 juli
756 1486 53 20 1940
821 1486 92 26 beviljat
924 1486 153 26 egnahemslån

188 1517 34 20 för
231 1517 250 26 jordbrukslägenheter,
492 1517 68 20 under
570 1517 50 19 åren
632 1516 52 20 1943
695 1516 40 20 och
746 1516 53 20 1944
810 1516 52 26 utgå
872 1516 55 19 efter
936 1516 34 23 3,6
980 1517 96 25 procent.

216 1547 20 19 2.
252 1547 172 26 Förteckningar
448 1548 52 18 över
524 1552 28 14 av
577 1546 187 26 domänstyrelsen
789 1545 95 21 försålda
909 1545 102 20 hemman
1037 1546 39 20 och

188 1576 131 26 lägenheter.

216 1606 19 20 3.
252 1606 172 25 Förteckningar
442 1607 51 18 över
510 1612 28 13 av
556 1605 235 26 vattenfallsstyrelsen
809 1605 69 20 under
895 1605 52 20 åren
966 1605 53 20 1940
1038 1605 39 20 och

190 1635 50 21 1941
254 1636 95 20 försålda
361 1636 40 19 och
413 1636 115 25 bortbytta
541 1636 80 19 tomter
633 1635 39 20 och
685 1635 110 20 omtåden.

215 1665 20 20 4.
252 1665 42 20 RD
318 1665 117 26 medgiver,
459 1666 41 22 att,
523 1665 7 20 i
553 1665 147 26 huvudsaklig
722 1664 217 20 överensstämmelse
961 1664 50 20 med
1034 1664 44 21 vad

187 1695 164 20 vederbörande
375 1695 211 26 departementschef
607 1695 7 19 i
636 1694 241 26 statsrådsprotokollet
895 1694 114 26 tillstyrkt,
1026 1694 53 20 änd-

187 1725 73 26 ringar
273 1725 36 20 må
323 1725 101 26 vidtagas
439 1725 7 19 i
461 1724 227 27 upplåtelsevillkoren
704 1724 137 20 beträffande
856 1724 114 26 skogstorp
986 1724 40 20 och
1041 1724 38 20 od-

186 1754 182 27 lingslägenheter
383 1755 144 19 åkronomark
542 1754 6 20 i
561 1754 26 20 de
599 1760 37 14 sex
648 1754 132 26 nordligaste
791 1754 70 23 länen,
874 1754 91 20 kolonat
976 1753 12 20 å
1000 1754 79 19 krono-

187 1784 79 26 parker
281 1784 7 20 i
299 1784 109 20 Norrland
420 1784 39 20 och
473 1784 96 20 Dalarna
583 1785 57 19 samt
653 1783 237 27 nybyggeslägenheter
903 1783 12 20 å
928 1783 99 20 Alträsks
1040 1783 40 20 ko-

186 1814 219 20 lonisationsområde
417 1814 6 20 i
437 1814 145 20 Norrbottens
596 1813 42 21 län.

215 1844 19 20 5.
251 1844 43 20 RD
308 1844 117 26 medgiver,
440 1845 34 19 att
488 1844 63 19 KM:t
564 1844 36 19 må
614 1843 69 20 under
696 1843 131 26 budgetåret
841 1843 90 26 1942/43
944 1844 57 19 utan
1016 1843 61 20 RD:s

186 1874 115 26 samtycke
313 1873 7 20 i
333 1873 61 26 varje
407 1873 87 21 särskilt
506 1873 38 20 fall
557 1873 85 20 besluta
656 1879 35 14 om
704 1873 128 26 försäljning
845 1879 27 13 av
885 1873 84 19 kronan
982 1872 96 27 tillhörig

187 1903 44 20 fast
246 1904 113 25 egendom;
377 1904 40 19 och
433 1903 107 20 förklarar
556 1903 50 23 RD,
623 1904 35 19 att
674 1903 43 20 vad
735 1903 92 20 sålunda
843 1902 116 26 medgivits
976 1904 40 18 rör.
1034 1902 43 20 för-

186 1933 94 27 säljning
292 1939 28 14 av
332 1933 84 20 kronan
429 1933 95 26 tillhörig
535 1933 45 20 fast
591 1933 105 26 egendom
709 1932 55 20 skall
776 1932 56 26 gälla
843 1932 84 26 jämväl
939 1932 138 20 beträffande

186 1963 53 26 byte
256 1964 59 19 samt
331 1963 120 26 upplåtelse
467 1963 69 20 under
552 1963 89 20 åborätt
657 1963 40 19 och
713 1964 104 18 tomträtt
834 1968 28 14 av
878 1962 68 20 sådan
963 1962 112 26 egendom,

186 1994 104 19 ävensom
312 1992 138 21 beträffande
471 1993 119 19 avstående
612 1993 54 19 utan
687 1992 121 25 ersättning
829 1998 28 14 av
874 1992 139 23 kronomark,
1029 1997 47 15 som

186 2022 108 20 erfordras
311 2022 33 20 till
361 2022 93 26 järnväg
470 2022 51 20 eller
537 2022 81 20 allmän
635 2024 49 24 väg;
703 2022 41 19 och
761 2021 83 20 uttalar
861 2022 50 22 RD,
929 2023 41 22 att,
989 2023 87 18 oavsett

186 2052 26 20 de
225 2052 92 20 sålunda
330 2052 102 20 lämnade
445 2052 180 25 medgivandena,
639 2052 6 19 i
658 2051 131 26 författning
801 2051 127 20 meddelade
942 2051 134 20 föreskrifter

186 2087 48 20 ang.
250 2083 47 19 rätt
312 2081 34 21 för
361 2082 63 20 KM:t
439 2082 51 19 eller
504 2081 275 26 förvaltningsmyndighet
794 2082 35 19 att
843 2081 96 26 försälja,
956 2081 54 26 byta
1025 2080 51 20 eller

186 2111 70 20 under
276 2111 89 20 åborätt
384 2111 50 20 eller
453 2112 105 19 tomträtt
577 2111 91 26 upplåta
688 2111 84 20 kronan
792 2110 95 26 tillhörig
906 2111 44 19 fast
969 2110 105 26 egendom

1233 168 92 28 Motioner
1368 168 90 29 Utskott
1503 184 38 16 Skri
1621 172 95 17 Protokoll

1080 188 39 38 År
1146 202 54 20 Prop.
1526 189 35 35 ed

1226 226 33 15 FK
1260 222 26 29 |
1291 226 34 16 AK
1346 226 85 16 |SmillAvd]
1454 226 27 16 Nr
1600 226 33 16 FK
1699 226 35 16 AK

1098 793 25 19 41|
1166 792 27 20 241
1237 804 27 2 —|
1302 792 123 20 —1101—1
1477 792 13 20 31
1530 792 25 20 181
1594 792 53 20 7:271
1694 792 54 21 7:48

1108 889 8 13 »
1167 882 26 20 251
1237 893 28 3 —|
1302 881 124 20 —10]—
1477 882 13 19 41
1530 882 118 20 191.7:28
1694 882 18 20 7:
1724 882 39 20 48d

1108 948 8 13 »
1130 937 14 35 I]
1167 941 26 20 261
1237 953 28 2 —I|
1302 941 124 20 —]1101—]
1477 941 12 20 51
1528 941 27 20 201
1593 941 55 20 7:28
1653 937 14 35 1
1694 941 54 20 7:50

1108 1008 8 13 »
1132 996 14 35 |
1154 1001 39 20 1251
1237 1013 28 2 —|
1302 1001 124 20 —1101—1]
1464 1001 90 20 291219]
1579 1000 69 21 24:58
1680 1001 32 20 125:
1724 1003 24 17 73

1108 1185 8 13 »
1128 1174 22 35 |
1153 1178 41 20 2001
1238 1190 27 2 —I|
1303 1178 123 20 —1101—1
1464 1178 24 20 61
1514 1178 40 20 12961
1579 1178 68 20 35:53
1653 1174 22 35 1
1680 1178 33 20 35:
1724 1180 25 18 88

1097 1368 27 21 421
1153 1368 40 21 207
1205 1363 23 36 I
1237 1380 29 3 —I|
1303 1368 123 20 —1101l—]
1464 1367 91 21 371263
1582 1368 31 20 118:
1624 1369 25 18 80
1655 1363 19 36 |
1683 1368 66 20 18:38

1108 1553 8 13 »
1127 1542 22 34 |
1166 1558 28 3 —I
1237 1558 28 3 —|
1303 1546 123 20 —I101—]
1464 1546 24 20 411
1528 1558 28 2 —IJ
1580 1546 68 20 21:37
1652 1542 22 34 |
1680 1546 33 20 21:
1724 1548 25 17 68

1108 1613 8 13 »
1125 1601 23 35 |
1167 1618 27 2 —J]
1238 1618 28 2 —|
1303 1606 123 20 —1101—1]
1464 1606 26 20 421
1528 1605 120 20 —121:37
1653 1601 22 35 |
1680 1605 33 21 21:
1725 1607 24 18 64

1109 1672 8 13 »
1153 1665 41 20 12481
1238 1677 28 2 —|
1303 1665 123 20 —1]101—1]-
1464 1665 91 20 531-386
1555 1661 14 35 1
1580 1665 33 20 25:
1627 1667 37 17 177|
1681 1665 33 20 25:
1728 1667 37 17 179

1109 1850 8 13 »
1133 1839 14 35 |]
1153 1844 37 19 241]
1238 1855 27 3 —I
1302 1843 124 20 —1]10/—]|
1464 1843 91 21 551388]
1580 1843 33 20 25:
1627 1845 37 17 180]
1680 1843 33 20 25:
1727 1845 36 17 181
