1847 2366
167 168 26 20 38

860 170 223 17 SAKREGISTER

186 460 160 27 Arbetarskydd.

190 493 9 17 1
215 490 43 21 RD
275 490 72 20 avslår
363 491 107 20 motioner
486 492 41 18 rör.
544 491 155 26 minderårigas
715 491 141 26 användning
872 492 7 19 i
896 492 131 20 industriellt

228 520 81 20 arbete.

189 582 10 17 2
214 580 41 20 Till
269 580 76 26 bidrag
359 580 32 20 till
405 580 125 27 föreningen
545 581 33 19 för
591 581 158 26 arbetarskydd
764 581 87 20 anvisas
865 583 33 18 ett
911 582 75 26 anslag
999 588 28 14 av

228 610 12 20 3
249 609 42 21 000
304 610 32 20 kr.

191 702 6 17 1
215 700 42 19 RD
268 700 72 20 avslår
351 700 83 20 motion
446 705 48 21 ang.
507 700 131 27 förbättring
649 707 28 13 av
689 701 25 19 de
726 701 126 26 hygieniska
863 701 163 21 förhållandena

228 730 12 19 å
256 730 156 26 arbetsplatser
427 730 49 20 med
492 730 98 26 kvinnlig
605 730 50 20 eller
670 730 131 27 minderårig
816 730 140 21 arbetskraft.

189 792 10 16 2
214 789 43 20 RD
270 789 88 21 anvisar
371 789 33 21 till
417 789 76 27 bidrag
506 790 33 20 till
551 790 124 26 föreningen
689 790 34 20 för
735 791 159 25 arbetarskydd
907 792 34 19 ett
953 791 74 26 anslag

228 825 28 14 av
267 819 12 20 3
288 819 42 20 000
340 820 41 23 kr.,
392 820 34 19 till
437 819 76 27 bidrag
524 820 32 20 till
568 820 282 26 upplysningsverksamhet
861 820 6 20 i
879 820 148 27 emigrations-

227 849 73 26 frågor
314 851 33 18 ett
361 849 75 27 anslag
449 855 29 15 av
494 849 60 21 19000
568 850 32 20 kr.
616 851 57 19 samt
687 850 33 20 till
735 850 76 26 bidrag
825 850 33 20 till
872 850 155 21 arbetsledare-

227 879 76 20 kurser
316 880 33 19 ett
362 879 75 27 anslag
450 885 29 14 av
494 879 25 20 10
527 879 41 20 000
581 880 31 19 kr.

188 941 10 17 3
214 939 43 19 RD
272 939 95 20 anhåller
384 944 34 15 om
434 939 116 26 utredning
564 945 49 21 ang.
629 940 140 26 möjligheten
784 942 34 18 att
833 940 151 20 åstadkomma
1000 947 26 13 en

227 968 133 27 förbättring
368 975 28 14 av
405 969 192 26 skogsarbetarnas
606 969 119 27 härbärgen
735 969 68 20 under
811 969 215 26 avverkningstiden.

188 1030 10 17 4
214 1028 42 20 RD
268 1028 73 20 avslår
349 1028 111 21 motioner
471 1034 49 21 ang.
531 1027 46 22 viss
589 1029 169 26 komplettering
769 1035 29 14 av
810 1029 61 26 lagen
884 1035 35 14 om
931 1029 96 21 arbetar-

227 1057 71 26 skydd
312 1058 116 26 (avseende
442 1059 53 19 ökat
508 1058 78 26 skydd,
600 1058 27 20 då
641 1064 26 14 en
681 1059 98 19 arbetare
793 1064 74 14 ensam
880 1059 60 19 utför
952 1059 74 20 arbete

227 1087 12 20 å
254 1093 26 14 en
295 1087 148 25 arbetslokal).

187 1148 11 18 5
214 1146 42 20 RD
269 1148 91 25 antager
371 1147 34 20 för
416 1147 32 20 sin
461 1147 34 20 del
507 1147 79 26 förslag
600 1147 31 20 till
643 1147 34 27 lag
689 1153 49 21 ang.
751 1148 83 19 ändrad
846 1147 80 26 lydelse
938 1154 28 13 av
981 1148 23 19 14
1017 1149 9 24 $

227 1176 13 20 3
249 1182 66 14 mom.
324 1176 62 27 lagen
396 1177 41 20 den
446 1177 26 20 29
479 1177 48 26 juni
537 1177 53 20 1912
598 1177 35 26 (nr
641 1177 49 26 206)
700 1183 35 14 om
743 1177 159 26 arbetarskydd
911 1177 115 26 (avseende

228 1206 110 21 utsträckt
353 1207 79 20 förbud
448 1208 47 18 mot
510 1207 124 20 nattarbete
649 1207 34 20 för
697 1207 160 26 minderåriga).

178 1276 28 6 &S

213 1265 42 21 RD
267 1267 90 25 antager
368 1266 34 20 för
412 1266 32 20 sin
456 1266 34 20 del
501 1266 80 26 förslag
591 1266 33 20 till
635 1266 34 27 lag
680 1272 48 21 ang.
741 1266 91 27 ändring
842 1266 7 20 i
860 1266 57 21 vissa
929 1266 59 21 delar
998 1272 28 15 av

226 1295 63 27 lagen
304 1296 41 19 den
362 1295 25 20 14
401 1295 48 27 juni
465 1296 53 20 1929
534 1295 34 27 (nr
584 1296 48 26 131)
647 1302 35 14 om
697 1296 122 26 försäkring
833 1296 34 20 för
881 1296 57 20 vissa
953 1297 73 25 yrkes-

227 1325 134 26 sjukdomar;
374 1326 40 19 och
426 1326 65 26 begär
502 1325 50 24 RD,
564 1327 35 19 att
610 1326 7 19 i
628 1326 38 20 fall
678 1326 27 20 då
717 1326 174 26 yrkessjukdom,
903 1332 46 14 som
961 1326 65 20 fram-

226 1355 80 20 kallats
318 1360 78 21 genom
408 1355 105 20 inverkan
526 1361 29 14 av
567 1355 131 24 stendamm,
712 1357 80 25 yppats
806 1356 68 20 under
887 1355 81 21 sådana
982 1361 44 15 om-

226 1385 156 26 ständigheter,
395 1386 35 19 att
442 1385 67 26 enligt
522 1385 37 20 det
571 1385 76 27 tillägg
658 1385 33 21 till
705 1385 320 27 övergångsbestämmelserna,

227 1420 47 15 som
286 1415 120 26 föreslagits
419 1420 28 15 av
459 1415 116 23 utskottet,
588 1416 47 19 rätt
646 1415 33 20 till
691 1415 122 26 ersättning
825 1415 68 26 enligt
905 1415 61 26 lagen
979 1416 47 20 icke

228 1444 119 27 föreligger,
361 1444 63 20 KM:t
438 1445 69 20 måtte
520 1445 90 26 vidtaga
623 1445 102 26 åtgärder
737 1445 34 20 för
784 1446 35 19 att
832 1445 78 20 bereda
924 1445 43 20 lika
981 1447 46 18 stor

228 1474 122 26 ersättning
367 1474 7 20 i
391 1474 43 20 anl.
452 1480 29 14 av
497 1474 202 26 yrkessjukdomen,
718 1480 47 15 som
782 1475 69 20 skulle
869 1474 57 21 hava
945 1475 80 26 utgått,

229 1504 73 20 därest
315 1504 62 26 lagen
390 1504 58 20 varit
461 1504 122 27 tillämplig;
598 1504 40 20 och
651 1504 110 21 meddelar
776 1504 49 24 RD,
840 1506 35 18 att
889 1504 42 20 RD
946 1504 34 21 för
994 1506 31 19 sin

229 1534 34 20 del
278 1534 47 20 icke
340 1533 48 21 haft
404 1534 67 26 något
485 1535 35 19 att
534 1534 70 20 erinra
619 1535 48 19 mot
681 1534 156 27 föredragande
853 1534 174 26 departements-

229 1563 87 21 chefens
327 1563 33 21 till
372 1563 239 27 statsrådsprotokollet
622 1564 76 26 gjorda
711 1564 114 20 uttalande
838 1564 139 20 beträffande
990 1564 37 20 det

229 1593 12 20 å
261 1593 41 20 den
322 1593 173 21 internationella
515 1593 259 27 arbetsorganisationens
794 1594 115 20 konferens
929 1594 24 20 år
974 1594 53 20 1934

228 1624 96 25 antagna
339 1623 102 26 förslaget
456 1623 32 20 till
503 1623 133 20 konvention
652 1629 49 20 ang.
717 1624 121 25 ersättning
853 1624 33 19 för
902 1624 126 26 yrkessjuk-

230 1652 82 21 domar.

192 1745 7 17 1
216 1742 42 20 RD
269 1742 72 21 avslår
351 1743 84 20 motion
445 1748 49 21 ang.
506 1742 91 27 ändring
608 1749 28 14 av
647 1743 12 21 5
670 1743 9 25 $
690 1743 31 26 m)
732 1743 6 20 i
750 1743 60 26 lagen
823 1749 34 14 om
868 1743 159 26 arbetarskydd

230 1772 160 25 (bestämmelse
406 1778 35 15 om
457 1773 206 25 arbetarsemester).

190 1834 11 17 2
216 1832 42 20 RD
274 1832 117 24 meddelar,
407 1833 35 20 att
458 1832 42 20 RD
516 1832 34 20 för
565 1832 33 21 sin
614 1832 34 20 del
664 1832 96 21 ansluter
776 1832 31 27 sig
823 1832 33 20 till
871 1832 156 27 föredragande

230 1862 250 26 departementschefens
498 1862 6 20 i
523 1862 37 20 det
578 1862 38 20 vid
635 1862 161 27 propositionen
815 1862 78 26 fogade
911 1862 116 20 statsråds-

229 1892 132 25 protokollet
381 1891 98 21 uttalade
498 1892 149 26 uppfattning,
666 1893 36 19 att
719 1892 103 26 förslaget
840 1892 34 20 till
892 1892 134 20 konvention

230 1921 34 26 (nr
279 1921 35 26 50)
329 1927 49 21 ang.
394 1922 104 26 reglering
512 1928 29 14 av
555 1921 57 21 vissa
627 1922 105 20 särskilda
748 1923 82 25 system
844 1922 34 20 för
892 1922 135 26 rekrytering

229 1957 29 14 av
274 1951 99 21 arbetare
389 1951 47 21 icke
452 1952 40 20 bör
507 1951 126 24 ratificeras;
650 1953 35 19 att
700 1952 50 26 inga
767 1951 101 27 åtgärder
883 1951 48 20 från
948 1952 79 20 svensk

230 1980 46 21 sida
291 1982 37 19 äro
342 1981 115 26 påkallade
471 1981 49 20 med
535 1981 42 20 anl.
592 1987 29 14 av
634 1981 230 20 rekommendationen
879 1981 35 26 (nr
927 1980 36 27 46)
977 1987 48 21 ang.

230 2010 161 21 fortskridande
405 2011 143 20 avskaffande
563 2017 29 14 av
605 2011 142 26 rekrytering;
762 2012 35 19 att
810 2010 103 27 förslaget
927 2011 33 20 till
974 2011 53 20 kon-

229 2040 90 20 vention
337 2040 35 26 (nr
388 2041 36 25 51)
441 2046 49 21 ang.
508 2041 137 26 förkortning
662 2047 28 14 av
707 2041 134 20 arbetstiden
858 2040 38 21 vid
914 2040 112 27 offentliga

229 2070 89 21 arbeten
331 2070 45 21 icke
389 2070 33 20 för
433 2070 135 21 närvarande
581 2071 39 20 bör
631 2070 126 25 ratificeras;
769 2072 35 18 att
816 2070 101 27 förslaget
929 2070 33 21 till
974 2070 52 21 kon-

1308 244 111 31 Utskotts-
1492 249 54 16 Riks-

1107 270 48 32 Kungl.
1311 273 117 32 utlåtanden,
1484 273 69 32 dagens
1616 267 26 16 KR
1665 272 66 29 TREAAE

1110 304 53 18 Maj:ts]
1176 296 91 16 Motioner
1294 308 96 16 MHenorinl
1403 308 43 17 eller
1495 309 31 16 Sa
1604 297 140 21 förhandlingar

1055 328 25 19 År
1109 337 51 14 fprop:r
1305 338 131 17 betänkanden
1488 339 59 16 velser
1630 327 87 20 (rot)

1106 354 47 33 eller
1406 354 34 33 SHE
1728 375 37 2 RET

1108 393 40 14 PR
1177 403 33 16 FK
1228 404 34 16 JAK
1285 392 16 50 E
1315 378 27 62 E
1367 405 90 15 Nummer
1455 401 12 29 |
1474 405 90 16 Nummer
1587 393 65 40 For
1688 394 70 40 —

1220 456 2 29 fal

1045 492 53 20 1935]
1114 486 30 39 —
1180 490 41 23 1177
1231 493 40 20 334
1293 494 24 42 2
1334 494 67 20 2/14
1531 506 6 2 -
1578 495 66 19 16:34
1678 496 67 19 18:77
1757 495 12 20 d

1220 510 97 41 I342]cl

1316 556 43 27 Fa

1045 581 53 21 1935]
1116 582 39 20 1:
1139 577 18 35 5
1240 595 10 2 -
1293 569 61 40 SR
1390 584 240 20 5iS:ITl-10:5A0Z:4
1679 585 66 19 1918

1106 613 22 20 pt
1141 613 19 15 41

1316 669 1 17 I
1672 681 2 2 I

1045 701 53 21 1936]
1122 714 3 1 —
1149 686 31 60 |
1195 715 15 2 —
1220 703 51 25 347)
1292 704 25 38 9
1334 689 68 36 2110
1590 704 19 19 9:
1624 706 21 17 16
1656 704 12 19 d|
1691 705 19 19 9:
1722 705 47 19 49
1750 687 19 47 d

1220 729 1 15 I
1357 733 1 15 |

1220 745 138 41 |nelbSled
1672 780 1 8 |

1045 791 110 21 100011::51
1189 790 32 24 —I|
1247 793 201 20 —T6-koöcad
1497 793 57 20 5s.3
1578 794 66 19 16:47
1672 790 72 26 16:11

1105 823 22 19 pt
1142 823 21 15 16
1220 834 1 6 I
1672 833 1 3 |

1110 842 47 28 —18
1220 856 1 8 |

1045 941 53 20 1936)
1121 953 28 2 —
1150 937 27 35 |
1189 953 19 3 —
1219 944 2 3 |
1224 943 46 20 1861
1292 943 12 19 91
1334 942 12 20 2/1
1376 943 26 19 22
1471 942 37 19 116
1578 943 52 19 19:4
1642 939 17 33 —
1680 944 29 18 119:
1724 945 21 17 10

1045 1030 53 20 1936]
1122 1042 27 2 —
1149 1013 25 47 |
1190 1017 31 33 50
1233 1032 34 20 101]
1292 1020 25 36 9
1305 1013 18 47 |
1334 1032 67 19 2/26
1518 1043 20 2 —
1576 1032 69 20 20:48
1677 1032 68 20 20:82

1044 1148 53 20 1936]
1122 1149 40 20 205]
1183 1161 24 2 —
1208 1144 23 35 I
1238 1163 26 2 —]
1292 1151 13 19 91
1334 1150 12 19 21
1376 1150 25 20 34
1471 1149 38 20 184
1576 1151 32 19 26:
1620 1152 24 17 86
1655 1146 54 34 d/26:
1721 1151 48 19 65
1750 1146 22 34 d

1045 1267 52 20 1936)
1122 1262 99 26 209341]
1237 1282 27 2 —|
1292 1270 12 19 9
1313 1258 12 44 |
1334 1269 65 19 2]41
1415 1258 28 44 —
1468 1268 40 20 1278
1522 1258 28 44 —
1576 1269 68 20 31:33
1655 1258 54 44 di31:
1717 1258 28 44 66
1756 1270 11 19 d

1375 1299 26 19 48
1575 1298 69 21 30:16,
1676 1299 33 20 35:
1721 1301 23 17 61

1671 1349 2 30 |

1315 1453 2 34 |
1672 1463 1 19 |

1672 1544 1 18 I

1357 1641 2 13 I

1358 1679 1 61 |
1672 1685 1 24 |

1045 1739 69 35 1937]
1123 1755 27 2 —
1159 1739 22 35 I
1184 1755 28 2 —!I
1259 1739 25 35 61
1293 1744 13 20 9
1331 1740 16 56 Sd
1390 1745 12 18 3
1520 1756 18 2 —
1579 1744 52 20 10:
1613 1740 14 34 5
1691 1745 66 20 9:77
1738 1741 13 34 d

1046 1832 53 21 1937]
1123 1833 26 20 56
1157 1828 28 35 |
1184 1844 28 2 —|
1238 1845 27 3 —]
1293 1833 12 20 9
1335 1800 24 62 äl
1378 1833 24 20 14
1483 1834 26 19 66
1578 1834 31 20 16:
1621 1836 24 17 75
1673 1806 38 62 116:
1722 1836 24 17 47

1357 1865 2 23 |
1673 1872 1 5 I

1357 1891 1 31 |
