1848 2360
168 154 41 21 156
900 162 136 16 SAKREGISTER

1494 232 53 18 Riks-

1485 262 72 22 dagens
1615 263 117 17 Kamrarnas

1489 288 56 31 skri-
1599 292 145 23 förhandlingar

1491 322 63 18 velser

1328 250 94 17 Utskotts-

1159 276 106 31 Motioner
1316 280 112 17 utlåtanden

1292 310 47 18 eller
1351 310 99 17 memorial

1055 255 22 145 IYSBEpsAIA

1113 302 17 105 19S[9ALYS
1113 243 17 47 TOO

1132 373 17 54 ”doad
1132 303 22 63 sy:len
1132 245 22 45 Bun

1588 377 68 17 Första
1659 373 24 31 |
1689 377 66 17 Andra

1174 388 87 17 EO
1584 401 72 18 kamm,
1655 397 24 31 |
1686 401 71 17 kamm.

1380 387 17 18 Zz

1380 406 12 9 &x

1285 370 17 58 "Tuueg

1327 376 17 48 PAV

1440 378 17 45 BpIS

1493 388 17 27 IN

1541 379 18 44 BpIs

186 438 167 27 Avsöndringar
368 446 27 14 m.
413 446 25 14 m.

174 475 24 15 22
216 470 37 20 RD
270 470 113 26 medgiver,
401 471 31 19 att
446 470 7 20 i
470 470 232 26 statsrådsprotokollet
717 471 143 21 omförmälda
875 472 51 20 med
941 472 41 20 litt.
999 472 95 24 B,|1923

232 501 22 23 C,
271 500 25 24 D,
314 500 24 25 E,
355 500 16 20 F
387 500 40 20 och
444 501 18 19 G
479 500 130 21 betecknade
625 500 121 27 lägenheter
761 502 36 19 må
813 508 37 14 var
864 501 34 21 för
913 502 32 26 sig
957 502 67 21 med
1002 496 18 36 i

232 537 83 14 samma
334 530 109 30 protokoll
467 530 91 26 angivna
577 531 101 20 områden
694 531 47 20 från
758 531 199 27 kronoegendomen
975 531 48 29 12/;

231 560 82 20 mantal
330 560 68 27 Öllsjö
415 567 25 13 nr
455 560 20 24 4,
493 560 19 25 9,
529 560 27 21 12
572 561 39 20 och
630 561 25 20 15
672 561 7 20 i
695 561 153 27 Skepparslövs
864 562 78 20 socken
952 563 72 20 försäl-

230 591 34 26 jas
283 590 50 20 med
351 592 42 19 rätt
408 591 33 19 för
457 590 39 20 Ola
511 591 108 20 Johnsson
635 593 32 19 att
682 591 81 21 erhålla
778 592 96 21 hembud
890 593 11 20 å
918 592 41 21 den
975 593 50 20 med

231 620 41 21 litt.
291 621 19 20 G
326 620 130 21 betecknade
472 620 132 27 lägenheten.

1380 473 27 20 431
1454 473 68 21 31255
1588 474 33 20 36:
1632 479 25 15 29
1660 470 19 35 |
1682 474 34 20 38:
1728 479 39 16 180

1115 472 22 58 FR

1137 507 11 17 >
1140 472 12 20 A

1276 472 10 21 TE

1289 473 13 20 S

1548 479 9 16 &

174 704 25 15 23
217 699 37 20 RD
271 698 114 27 medgiver,
402 700 37 22 att,
456 699 64 20 sedan
535 699 199 26 kronoegendomen
749 697 27 29 !/,
788 700 81 20 mantal
881 700 84 27 Bodarp
976 707 25 13 nr
1012 700 11 21 1|
1063 708 8 11 »
1112 701 41 20 1166
1277 701 26 20 10
1380 702 28 20 43!
1455 702 67 20 381255)
1547 707 10 16 81
1589 702 69 20 36:29
1683 702 33 21 138:
1728 707 39 16 130

232 729 7 20 i
262 729 104 26 Nävlinge
390 729 77 20 socken
490 729 63 20 blivit
576 736 76 19 genom
676 730 154 26 ägostyckning
845 730 97 20 fördelad
958 731 7 19 i
980 731 44 20 fem
1116 736 32 22 p.7

232 759 64 20 lotter
318 759 8 19 i
345 758 144 27 huvudsaklig
507 759 211 20 överensstämmelse
734 759 50 21 med
800 760 224 26 uppskattningsmän-

232 795 52 14 nens
300 788 85 27 förslag,
402 788 26 21 de
443 789 50 20 med
509 789 40 20 litt.
567 789 68 20 A—D
652 789 130 21 betecknade
798 790 91 20 lotterna
900 791 35 19 må
945 797 38 13 var
992 791 34 20 för

232 819 32 26 sig
287 819 98 26 försäljas
407 819 50 20 med
480 820 42 19 rätt
537 819 33 20 för
586 819 107 20 brukarna
708 826 27 14 av
750 819 92 21 lotterna
858 820 40 20 litt.
916 820 18 20 A
950 820 40 20 och
1006 821 19 19 D

232 848 95 21 Vilhelm
351 849 119 20 Johansson
492 849 39 20 och
554 849 71 20 Johan
641 849 102 21 Trulsson
759 851 32 19 att
806 850 81 20 erhålla
902 850 96 20 hembud
1013 851 12 19 å

232 885 54 20 resp.
306 879 63 20 lotter
384 880 101 19 ävensom
502 879 98 20 befrielse
616 879 47 20 från
679 879 89 27 stadgad
785 880 239 27 byggnadsskyldighet.

202 957 62 20 Inom
281 955 125 22 Malmöhus
421 956 45 21 län:

175 991 24 16 24
217 987 38 20 RD
274 986 108 26 medgiver
400 988 37 24 att,
454 987 50 20 med
520 987 91 26 ändring
627 994 25 13 av
668 987 56 21 RD:s
742 987 56 21 1910
815 988 39 20 och
872 987 56 21 1917
944 988 82 21 fattade!
1063 995 8 11 >»
1081 982 27 35 |
1120 989 26 20 21
1278 988 27 21 10
1398 990 69 20 (EE
1477 985 33 35 So
1550 995 9 16 ES
1592 989 53 21 fe

232 1017 77 24 beslut,
326 1016 41 21 den
383 1017 33 20 till
432 1017 57 20 förra
505 1017 178 21 militiebostället
700 1016 59 28 11/,,
776 1018 81 20 mantal
874 1018 75 26 Hörby
965 1025 25 13 nr
1007 1018 18 25 7,
1117 1024 33 23 p.7

233 1047 19 23 9,
270 1047 28 19 14
314 1047 38 20 och
370 1047 27 20 25
414 1048 7 19 i
437 1047 76 26 Hörby
529 1047 77 20 socken
623 1048 94 19 hörande
733 1048 121 25 ägofiguren
865 1048 50 20 med
925 1055 25 13 nr
962 1048 41 20 150
1015 1049 12 19 å

232 1077 7 19 i
263 1076 88 20 ärendet
370 1076 131 20 omförmäld
516 1077 62 20 karta
593 1077 36 20 må
644 1077 34 20 till
694 1077 75 27 Hörby
785 1077 80 27 köping
879 1077 100 27 försäljas
994 1078 33 20 för

233 1113 26 13 en
275 1106 144 27 köpeskilling
435 1113 26 14 av
478 1107 42 20 292
537 1107 31 20 kr.
585 1109 32 18 att
632 1107 106 21 tillträdas
754 1107 41 20 den
812 1107 28 20 14
856 1114 56 14 mars
930 1107 62 21 1923.

202 1184 62 20 Inom
282 1183 111 21 Hallands
408 1184 45 20 län:

175 1219 24 15 25
218 1214 36 20 RD
272 1214 114 26 medgiver,
399 1214 46 20 dels
457 1216 31 18 att
498 1215 36 19 två
546 1214 6 20 i
564 1214 232 26 statsrådsprotokollet
806 1215 142 20 omförmälda
958 1215 70 26 lägen-|
1065 1222 8 10 >»
1113 1216 42 20 1216
1280 1215 25 20 10
1383 1216 28 21 461
1458 1216 67 21 7|302)
1550 1222 10 15 61
1591 1216 69 20 38:63
1661 1212 14 35 1
1692 1216 69 21 40:88

232 1244 66 24 heter,
323 1244 122 20 benämnda
465 1244 155 26 Täppestorpet
635 1244 40 20 och
694 1244 108 20 »Sebelius
817 1244 158 27 jordområde»,
991 1246 36 19 må
1118 1251 32 23 p.5

233 1280 37 14 var
291 1274 34 19 för
340 1274 32 25 sig
387 1274 47 20 från
451 1274 199 25 kronoegendomen
666 1274 102 21 Laholms
784 1274 173 26 kungsladugård
972 1282 26 13 nr
1014 1274 11 21 1

232 1310 36 14 om
289 1304 12 19 2
318 1304 82 20 mantal
415 1304 8 20 i
439 1304 102 20 Laholms
557 1304 77 20 socken
651 1304 97 27 försäljas
765 1304 49 20 med
830 1304 150 21 hembudsrätt
994 1305 34 20 för

233 1333 51 20 Karl
304 1334 23 19 F.
348 1333 96 21 Sebelius
461 1334 132 20 beträffande
612 1334 109 21 »Sebelius
736 1334 158 27 jordområde>,
911 1334 46 20 dels
973 1336 31 19 att
1019 1335 7 20 i

233 1363 231 26 statsrådsprotokollet
479 1363 143 21 omförmälda
638 1364 33 20 till
682 1364 94 20 nämnda
787 1364 172 26 kungsladugård
970 1367 57 18 samt

233 1393 199 26 kronoegendomen
457 1393 11 20 1
485 1393 82 21 mantal
590 1394 99 26 Bonnarp
706 1401 25 13 nr
747 1393 11 21 1
775 1394 7 20 i
799 1401 83 13 samma
897 1394 78 21 socken
991 1395 34 20 hö-

233 1423 65 20 rande
321 1423 62 20 lotter
406 1424 7 19 i
436 1423 36 21 vid
496 1419 122 30 Årnaberga
637 1424 88 26 belägna
744 1425 118 19 torvmosse
877 1425 36 19 må
928 1424 98 27 försäljas

233 1453 50 20 med
299 1453 149 20 hembudsrätt
462 1454 34 20 för
511 1454 39 20 Per
566 1454 96 24 Larsson,
680 1454 45 20 dels
741 1454 40 20 ock
795 1456 31 18 att
828 1449 10 35 i
854 1454 171 26 statsrådsproto-

233 1483 67 20 kollet
322 1483 142 20 omförmälda
482 1484 121 26 ägofiguren
619 1490 26 13 nr
662 1483 26 21 15
705 1491 12 13 a
733 1491 26 13 av
774 1484 201 26 kungsladugården
991 1485 35 19 må

233 1513 34 20 till
292 1513 230 27 skogsvårdsstyrelsen
546 1514 7 20 i
572 1513 106 21 Hallands
695 1514 36 20 län
746 1514 99 27 försäljas
861 1516 45 18 mot
922 1521 26 13 en
964 1514 62 27 köpe-

233 1543 87 26 skilling
336 1550 26 14 av
378 1543 13 20 3
401 1543 42 20 000
460 1544 30 20 kr.
508 1545 31 19 att
555 1543 106 21 tillträdas
676 1544 41 20 den
736 1544 26 20 14
778 1550 57 14 mars
852 1544 63 20 1924.

202 1616 63 20 Inom
285 1614 113 28 Göteborgs
413 1615 37 21 och
466 1614 74 22 Bohus
556 1616 44 20 län:

176 1651 23 15 26
218 1645 37 20 RD
271 1646 114 26 medgiver,
403 1647 31 19 att
450 1646 52 20 visst
517 1646 85 26 angivet
617 1646 87 20 område
720 1653 26 13 av
763 1646 119 20 Bohusläns
896 1648 130 24 regementes|
1064 1654 8 10 »
1082 1641 27 35 |
1120 1647 27 20 46
1279 1646 26 21 10
1385 1646 25 20 11
1499 1646 26 21 70
1592 1645 68 20 16:16
1660 1641 23 36 |
1693 1645 33 20 16:
1737 1650 25 15 78

233 1676 130 25 övningsfält
384 1675 60 21 invid
467 1675 120 21 Uddevalla
605 1676 36 20 må
656 1676 98 27 försäljas
770 1676 33 20 till
819 1676 78 20 åkaren
913 1676 19 20 J.
950 1676 76 20 Olsson

232 1705 33 20 för
281 1712 26 14 en
322 1705 144 27 köpeskilling
482 1712 26 14 av
526 1705 63 21 1065
606 1706 30 20 kr.

175 1788 25 16 27
217 1784 37 19 RD
278 1783 122 26 godkänner
423 1785 31 18 ett
476 1783 42 20 den
538 1783 27 20 29
582 1783 54 26 april
654 1783 55 20 1922
725 1783 100 26 ingånget
840 1783 126 26 bytesavtal,
982 1790 44 13 var-|
1064 1791 9 10 »
1083 1779 27 35 |
1120 1783 28 21 48
1280 1783 26 21 10
1385 1783 27 20 14
1499 1783 26 20 72
1592 1783 53 20 19:85:11,
1694 1782 32 21 19:
1738 1788 24 15 80

232 1814 85 25 igenom
341 1813 82 20 kronan
447 1820 26 13 av
495 1813 138 20 handlanden
649 1813 25 20 G.
692 1813 23 20 G.
732 1813 23 20 E.
772 1813 110 26 Sandberg
897 1814 7 19 i
921 1813 106 26 Göteborg

232 1843 97 27 tillbyter
345 1844 31 25 sig
391 1844 57 20 vissa
463 1843 103 26 ägolotter
582 1850 26 13 av
622 1843 125 20 hemmanet
757 1840 84 23 Äckran
853 1844 45 19 mot
908 1843 53 20 visst
971 1843 55 27 jord-

233 1873 86 20 område
336 1880 25 13 av
377 1873 125 20 hemmanet
517 1873 109 21 Påvelund
642 1873 40 20 litt.
700 1873 23 20 B.

177 1950 24 16 28
219 1945 37 20 RD
273 1945 114 26 medgiver,
404 1946 31 19 att
451 1945 150 26 lägenheterna
617 1945 77 20 Botten
708 1945 51 20 eller
769 1944 119 21 Karlslund
898 1946 57 19 samt
965 1945 61 26 Ejde-|
1065 1952 8 11 »
1114 1944 41 21 1216
1280 1944 26 21 10
1384 1944 27 20 461
1459 1944 67 22 71302)
1551 1950 9 15 61
1592 1944 68 21 38:63]
1692 1944 71 20 40:88

234 1976 80 26 tjärnet
337 1976 35 19 må
395 1982 35 13 var
453 1975 33 20 för
509 1975 31 26 sig
555 1975 46 20 från
618 1975 199 25 kronoegendomen
835 1974 10 21 1
863 1975 81 20 mantal
960 1975 68 20 Kärra
1118 1980 34 22 p.6

234 2012 26 13 nr
284 2005 10 19 1
320 2005 67 20 Norra
408 2006 7 19 i
431 2005 94 20 Tanums
542 2005 77 20 socken
635 2005 99 26 försäljas
750 2004 49 21 med
814 2004 106 21 förbehåll
935 2004 37 21 vid
987 2004 40 21 för-

235 2035 120 27 säljningen
380 2042 26 13 av
429 2035 125 26 lägenheten
579 2035 76 20 Botten
679 2035 51 20 eller
752 2034 117 21 Karlslund
887 2041 35 14 om
938 2036 42 19 rätt
994 2034 34 21 för

235 2065 82 20 kronan
333 2067 31 18 att
380 2065 94 26 begagna
489 2065 42 20 den
547 2067 49 19 över
612 2065 126 26 lägenheten
754 2064 91 21 ledande
861 2066 72 25 vägen.
