1827 2358
168 70 28 21 86

187 249 167 26 Avskrivningar
369 249 37 20 och
421 248 116 27 eftergifter.

214 285 19 20 3.
250 285 42 20 RD
302 284 117 27 medgiver,
430 286 34 19 att
473 291 28 14 av
511 285 38 20 det
559 285 77 26 belopp
646 291 28 14 av
684 286 13 19 2
706 285 37 20 701
756 285 31 20 kr.
798 285 12 20 5
821 287 42 21 öre,
873 291 46 15 som
930 286 147 26 postbiträdet

187 314 59 20 Laila
257 314 84 21 Aurora
353 314 136 23 Gustafsson,
502 314 52 21 född
565 314 145 23 Andreasson,
722 315 130 20 inlevererat
862 315 33 20 till
906 315 128 26 postverket
1045 316 33 20 för

186 344 108 20 täckande
305 350 29 14 av
344 350 26 14 en
382 344 6 20 i
399 344 80 20 hennes
490 344 64 20 kassa
566 344 147 27 uppkommen
726 345 60 23 brist,
799 346 33 19 ett
843 344 78 27 belopp
932 351 28 14 av
971 345 13 20 2
993 345 41 21 300
1044 345 32 20 kr.

187 374 34 20 må
236 374 131 20 återbetalas
381 374 33 20 till
428 374 69 20 henne
511 374 40 20 och
565 374 113 20 avskrivas
692 380 25 14 ur
730 374 138 27 postverkets
882 374 152 27 räkenskaper.

214 410 20 20 4.
251 410 42 20 RD
306 409 116 27 medgiver,
436 411 35 19 att
483 410 28 20 H.
525 410 25 20 G.
564 410 91 20 Persson
667 410 43 23 må,
724 410 73 20 därest
809 410 44 21 han
865 410 59 21 inom
936 410 40 24 tid,
990 417 46 14 som
1049 417 28 14 av

187 440 63 20 KM:t
262 440 35 20 må
310 440 139 23 bestämmas,
462 440 33 19 till
507 440 221 26 arméförvaltningen
741 440 108 20 inbetalar
860 441 33 19 ett
905 440 79 27 belopp
996 447 28 14 av
1039 441 38 20 150

186 470 40 23 kr.,
238 469 79 21 befrias
328 469 48 20 från
387 469 137 21 återstående
536 469 248 27 betalningsskyldighet
794 469 33 21 till
838 470 83 20 kronan
932 470 68 26 enligt
1010 470 67 26 krigs-

187 500 128 19 hovrättens
327 499 71 26 utslag
410 499 41 20 den
465 500 22 19 11
500 499 40 26 juli
553 499 60 20 1940.

214 535 20 20 5.
251 535 42 20 RD
314 535 117 26 medgiver,
453 536 35 19 att
509 535 81 26 fjorton
612 535 6 20 i
639 535 241 26 statsrådsprotokollet
901 537 51 19 över
973 536 104 20 försvars-

186 565 95 20 ärenden
300 565 33 20 för
351 565 41 20 den
411 565 27 20 23
456 565 45 26 jan.
523 565 52 20 1942
588 565 111 27 uppgivna
712 571 101 20 personer
825 565 36 20 må
875 565 78 21 befrias
966 566 48 19 från
1027 566 49 19 dem

187 594 113 27 åliggande
311 594 124 27 skyldighet
445 596 35 19 att
491 595 32 20 till
534 595 84 20 kronan
630 595 74 26 utgiva
716 595 140 24 skadestånd,
868 594 91 28 tillhopa
971 595 12 20 3
993 595 40 20 418
1044 595 31 20 kr.

187 625 26 20 79
228 626 42 19 öre.

215 661 19 19 6.
251 660 42 20 RD
307 660 117 26 medgiver,
437 662 35 18 att
485 660 142 21 arrendatorn
641 661 25 19 B.
681 660 85 21 Landin
779 661 36 20 må
829 661 78 20 befrias
921 661 47 20 från
982 661 95 26 skyldig-

187 691 65 19 heten
266 691 35 19 att
314 690 33 20 till
362 690 158 20 domänverket
534 690 72 20 betala
621 690 79 20 honom
715 690 37 20 vid
766 696 38 14 av-
818 691 40 19 och
872 690 149 27 tillträdessyn
1036 690 41 21 den

187 720 26 20 20
222 720 47 26 juni
281 720 50 20 1941
344 720 11 20 å
366 720 160 20 arrendelotten
536 720 84 26 Botarp
631 720 5 20 i
646 720 135 20 Malmbäcks
791 720 86 24 socken,
888 720 136 26 Jönköpings
1034 720 42 24 län,

187 750 73 26 påfört
273 749 169 27 husrötebelopp
457 756 35 14 om
506 750 40 20 485
560 750 32 20 kr.

215 779 19 20 7.
251 779 42 20 RD
307 779 117 27 medgiver,
439 781 34 19 att
487 780 25 19 E.
527 780 25 19 E.
567 779 123 21 Andersson
704 780 42 23 må,
762 780 73 20 därest
848 780 43 20 han
905 780 58 19 inom
978 780 38 23 tid,
1031 786 46 14 som

187 809 64 20 KM:t
267 809 36 20 må
321 809 129 23 bestämma,
468 809 33 20 till
518 809 222 27 arméförvaltningen
758 809 108 21 inbetalar
882 809 41 20 240
940 810 40 22 kr.,
999 809 79 20 befrias

187 839 47 20 från
250 839 138 20 återstående
403 839 248 26 betalningsskyldighet
665 838 33 22 till
713 839 84 20 kronan
812 839 67 26 enligt
893 839 185 26 fältkrigsrättens

187 869 37 20 vid
237 868 122 21 Bohusläns
372 869 122 26 regemente
507 868 72 27 utslag
591 869 41 20 den
647 869 25 19 16
684 868 44 27 maj
744 868 59 21 1941.

215 899 19 20 8.
251 898 42 21 RD
303 898 117 27 medgiver,
431 900 34 18 att
475 899 28 19 K.
514 899 25 20 G.
550 899 91 19 Persson
651 898 42 23 må,
705 898 72 21 därest
787 899 43 20 han
840 898 58 20 inom
908 898 39 23 tid,
958 904 46 14 som
1015 898 63 20 KM:t

187 929 35 19 må
236 928 128 23 bestämma,
378 928 33 20 till
424 928 207 27 flygförvaltningen
644 928 107 20 inbetalar
765 928 39 20 100
816 928 40 24 kr.,
870 928 79 20 befrias
961 928 48 20 från
1022 928 56 20 åter-

187 958 90 20 stående
294 958 249 26 betalningsskyldighet
559 958 33 20 till
613 958 83 20 kronan
713 958 68 26 enligt
799 958 188 26 krigshovrättens
1007 958 71 26 utslag

188 988 41 20 den
243 988 24 20 18
279 988 40 26 juli
333 988 59 20 1941.

215 1018 19 20 9.
251 1018 42 20 RD
312 1018 117 26 medgiver,
447 1019 34 19 att
499 1017 104 20 villkoren
622 1018 33 20 för
672 1017 54 21 visst
744 1018 35 20 lån
796 1017 33 20 till
851 1018 40 20 AB
905 1017 127 26 Tryckeriet
1042 1018 36 19 må

187 1048 79 19 ändras
285 1047 6 20 i
310 1047 146 26 huvudsaklig
474 1047 215 20 överensstämmelse
708 1048 49 19 med
776 1047 43 20 vad
838 1047 240 26 departementschefen

187 1077 105 20 förordat.

217 1106 31 20 10.
265 1107 42 19 RD
320 1106 118 26 medgiver,
451 1108 34 18 att
498 1106 63 20 KM:t
572 1106 36 20 må
621 1106 80 26 bevilja
715 1106 199 26 Storängsbäckens
926 1106 153 20 vattenavled-

188 1136 147 26 ningsföretag
351 1136 58 20 inom
426 1135 50 21 Kila
492 1136 79 20 socken
587 1142 28 14 av
631 1136 170 20 Västmanlands
817 1136 35 20 län
869 1135 94 21 anstånd
979 1135 32 21 till
1027 1136 51 20 åren

190 1166 135 20 1948—1955
338 1166 50 20 med
401 1165 187 26 återbetalningen
601 1172 28 13 av
642 1166 124 19 resterande
780 1165 33 20 del
826 1172 28 13 av
867 1165 166 26 ifrågavarande
1046 1165 33 20 till

187 1196 108 25 företaget
309 1195 126 20 utlämnade
449 1195 35 20 lån
498 1195 48 20 från
561 1195 243 26 undsättningsfonden.

217 1225 31 20 11.
265 1225 43 20 RD
322 1225 143 26 bemyndigar
477 1224 64 21 KM:t
554 1226 34 19 att
601 1225 67 20 befria
682 1225 24 19 T.
720 1225 25 20 G.
760 1225 28 20 H.
802 1225 70 26 Nylén
886 1225 47 19 från
947 1224 132 26 betalnings-

187 1254 125 27 skyldighet
326 1254 32 20 till
370 1255 84 19 kronan
468 1254 67 27 enligt
548 1254 237 26 stationskrigsrättens
798 1254 37 20 vid
849 1254 137 20 Stockholms
1000 1254 79 26 örlogs-

188 1284 81 20 station
284 1284 6 20 i
304 1284 241 26 statsrådsprotokollet
559 1284 143 20 omförmälda
717 1284 72 26 utslag
803 1284 41 20 den
858 1284 27 20 29
898 1289 49 21 aug.
964 1284 60 23 1941;
1039 1284 39 20 och

188 1314 110 26 medgiver
312 1314 49 23 RD,
376 1315 34 18 att
424 1314 33 19 för
469 1313 107 27 gäldande
590 1320 28 14 av
631 1314 147 19 kostnaderna
792 1313 33 20 för
838 1313 6 20 i
858 1314 91 19 berörda
963 1313 116 20 statsråds-

188 1343 108 26 protokoll
309 1343 94 26 angivna
416 1343 226 26 reparationsarbeten
655 1343 35 20 må
703 1349 28 14 av
744 1343 37 20 det
793 1343 6 20 i
812 1343 118 20 riksstaten
942 1343 34 20 för
988 1343 91 26 budget-

188 1373 47 20 året
248 1373 90 25 1941/42
349 1373 108 26 uppförda
470 1373 189 26 förslagsanslaget
670 1372 33 21 till
715 1372 140 21 oförutsedda
868 1372 89 27 utgifter
969 1372 109 20 utbetalas

188 1405 33 18 ett
234 1403 78 26 belopp
325 1409 28 14 av
367 1403 25 20 16
401 1403 40 20 332
454 1403 32 19 kr.
499 1402 27 21 40
538 1404 43 19 öre.

218 1445 17 19 1.
252 1444 42 20 RD
314 1444 111 26 medgiver
444 1444 6 19 i
470 1444 240 26 statsrådsprotokollet
729 1444 94 26 angivna
840 1450 101 20 personer
955 1443 123 24 befrielse,
1062 1439 19 35 i

188 1474 57 20 vissa
261 1474 37 20 fall
314 1473 46 21 helt
375 1474 40 20 och
431 1473 5 21 i
452 1474 68 20 andra
536 1473 37 21 fall
589 1473 75 24 delvis,
680 1474 48 19 från
745 1474 48 20 dem
809 1474 113 26 åliggande
938 1473 141 26 ersättnings-

188 1504 124 26 skyldighet
328 1503 32 20 till
374 1504 91 19 kronan.

216 1534 20 20 2.
253 1533 41 20 RD
309 1533 116 27 medgiver,
440 1534 35 19 att
487 1534 33 19 ett
533 1539 28 14 av
575 1533 25 20 A.
614 1533 119 20 Wikström
747 1533 93 20 inbetalt
854 1533 78 26 belopp
945 1533 12 19 å
971 1533 13 20 5
993 1533 41 20 000
1047 1533 31 19 kr.

188 1564 35 20 må
236 1563 106 26 godtagas
355 1563 70 20 såsom
439 1563 38 20 full
491 1562 67 21 likvid
571 1563 34 20 för
617 1563 144 20 statsverkets
774 1563 88 20 fordran
875 1564 112 24 gentemot
1000 1563 79 19 honom

188 1593 28 26 på
227 1593 70 26 grund
309 1599 27 14 av
348 1593 39 20 två
399 1592 123 27 virkesköp.

216 1623 19 20 3.
252 1623 42 19 RD
305 1622 117 27 medgiver,
433 1624 36 18 att
478 1622 33 20 W.
524 1622 83 23 Olsson,
619 1622 25 20 E.
656 1622 84 23 Olsson,
752 1622 24 20 E.
789 1622 76 20 Olsson
876 1622 39 20 och
927 1621 64 21 Frida
1003 1622 76 20 Olsson

188 1653 35 19 må
243 1652 78 20 befrias
339 1652 48 20 från
406 1652 74 20 vidare
499 1651 248 27 betalningsskyldighet
764 1651 34 20 till
815 1652 84 19 kronan
918 1652 27 26 på
963 1652 70 25 grund
1052 1657 28 14 av

188 1682 116 26 virkesköp
319 1682 69 20 under
400 1681 159 27 förutsättning
572 1683 35 18 att
620 1681 32 20 till
666 1681 158 20 domänverket
838 1681 58 20 inom
910 1681 32 20 tid
956 1687 46 14 som
1017 1681 63 20 KM:t

189 1712 131 20 bestämmer
331 1711 107 21 inbetalas
448 1713 33 18 ett
492 1711 78 26 belopp
581 1717 28 14 av
620 1711 40 20 500
670 1711 32 20 kr.

216 1741 20 20 4.
253 1741 41 20 RD
304 1741 118 26 medgiver,
432 1742 35 19 att
476 1741 107 20 dödsboet
592 1741 55 20 efter
656 1741 23 20 P.
691 1741 24 19 E.
726 1741 103 20 Eriksson
839 1741 48 19 från
897 1741 40 26 By,
949 1741 85 23 Rödön,
1044 1741 36 19 må

189 1771 79 20 befrias
283 1771 47 20 från
346 1771 75 20 vidare
437 1770 249 27 betalningsskyldighet
700 1770 33 20 till
748 1770 84 20 kronan
848 1770 27 26 på
890 1770 70 26 grund
976 1776 28 14 av
1020 1770 38 20 två
1074 1770 6 20 i

189 1800 240 27 statsrådsprotokollet
444 1800 144 20 omförmälda
603 1800 123 26 virkesköp,
742 1800 69 20 under
825 1800 159 26 förutsättning
998 1801 35 18 att
1048 1799 32 20 till

189 1830 158 20 domänverket
364 1830 58 20 inom
440 1830 32 20 tid
489 1836 46 14 som
553 1830 64 20 KM:t
634 1830 132 20 bestämmer
782 1829 107 20 inbetalas
907 1831 33 18 ett
956 1829 79 26 belopp
1052 1835 28 14 av

189 1860 12 20 5
210 1860 41 20 000
264 1860 31 20 kr.

217 1890 19 20 5.
253 1890 42 19 RD
304 1889 117 27 medgiver,
431 1891 34 18 att
474 1889 5 20 i
489 1889 241 26 statsrådsprotokollet
738 1890 51 18 över
798 1889 190 20 försvarsärenden
997 1889 33 20 för
1039 1888 41 21 den

191 1919 25 20 12
231 1919 53 20 febr.
302 1919 51 20 1943
368 1919 95 26 angivna
479 1925 101 20 personer
594 1919 35 20 må
645 1919 79 20 befrias
739 1919 6 19 i
761 1918 43 20 viss
820 1918 133 27 omfattning
968 1918 47 20 från
1031 1918 48 20 dem

189 1949 113 26 åliggande
316 1949 258 26 ersättningsskyldighet
586 1948 33 20 till
633 1949 90 19 kronan.

217 1979 19 20 6.
253 1979 42 20 RD
306 1979 117 26 medgiver,
435 1979 44 19 dels
490 1980 35 18 att
534 1984 68 14 envar
612 1984 28 14 av
651 1978 27 20 K.
691 1978 24 20 G.
727 1978 24 20 T.
762 1978 124 20 Johansson
897 1978 40 20 och
948 1978 25 20 E.
984 1978 24 20 T.
1020 1977 61 21 Hall-

189 2014 51 20 gren
251 2008 43 24 må,
306 2009 73 20 därest
389 2009 43 20 han
444 2008 58 20 inom
513 2008 40 24 tid,
565 2014 46 14 som
622 2014 28 14 av
662 2008 63 20 KM:t
736 2008 138 23 bestämmes,
886 2007 33 21 till
930 2007 151 21 arméförvalt-

190 2038 77 26 ningen
283 2038 108 20 inbetalar
406 2040 33 18 ett
454 2038 78 26 belopp
548 2044 28 14 av
591 2038 27 20 50
633 2037 39 24 kr.,
689 2037 79 21 befrias
783 2037 48 21 från
847 2037 138 21 återstående
1000 2037 80 20 honom

189 2068 114 26 åliggande
316 2068 270 26 skadeståndsskyldighet
598 2067 33 21 till
644 2068 84 20 kronan
741 2067 68 27 enligt
821 2067 143 27 krigsrättens
977 2067 37 20 vid
1028 2067 53 20 Got-

189 2098 62 20 lands
261 2097 130 21 artillerikår
401 2098 71 26 utslag
482 2098 41 20 den
535 2098 25 20 13
569 2097 47 26 juni
629 2097 59 23 1941,
700 2097 44 20 dels
754 2098 35 19 att
799 2097 20 21 S.
830 2097 24 20 P.
865 2097 25 20 V.
902 2097 125 20 Pettersson
1037 2097 42 23 må,

1232 158 90 29 Motioner
1380 162 79 16 Utskott
1504 174 52 16 Skriv.
1624 162 93 16 Protokoll

1086 177 36 33 År
1145 186 53 19 Profif
1533 178 20 12 AN
1692 198 16 2 erna

1227 215 31 16 FK
1263 210 21 31 |
1290 215 33 16 AK
1346 215 85 16 |ISmllAvd]
1455 216 26 15 Nr
1522 202 22 12 0
1601 216 32 16 FK
1701 216 33 16 AK

1096 286 28 20 421]
1168 286 24 20 171
1238 298 26 2 —I
1303 298 26 2 —1]1
1364 286 61 20 61—]
1463 286 26 20 291
1528 286 120 21 45110:15
1660 282 14 35 |
1683 287 66 20 10:16

1107 417 8 13 »
1166 411 27 20 35)
1238 423 26 2 —|
1303 411 121 20 —I61—1)
1463 411 26 20 381
1528 412 84 20 531410:
1625 414 23 17 16
1658 407 19 35 |
1683 412 65 20 10:21

1152 445 21 19 pt
1185 443 7 17 1
1450 443 38 17 Rn

1107 542 8 13 »
1124 532 23 35 |
1167 536 26 20 351
1238 548 23 2 —
1303 548 27 2 —]
1364 536 61 20 61—]
1462 536 92 20 381-53
1558 532 18 35 |
1581 536 67 20 10:16:
1683 537 30 19 1:10:
1725 539 22 17 21

1152 570 21 19 pt
1184 568 9 17 2
1450 573 15 12 s.
1477 568 11 17 9

1107 667 8 13 »'
1129 657 14 35 I
1166 661 27 20 891
1238 673 14 2 —]
1303 661 74 20 —T110
1398 672 26 2 1-1
1464 661 90 20 171133]
1581 661 31 20 14:
1623 663 25 18 94
1656 657 18 35 |
1682 661 30 20 14:
1727 663 37 18 116

1108 786 9 13 »
1155 780 39 20 [100]
1238 792 27 2 —|
1302 792 28 2 —]
1364 780 60 19 61|—]
1463 780 185 20 711169116:18
1681 780 31 20 116:
1716 776 13 34 9

1153 813 20 20 pt
1185 812 7 17 1
1450 812 38 17 $.8

1109 905 8 12 »
1130 895 18 34 1
1156 899 38 20 1001]
1238 911 26 1 —I
1303 911 27 2 —1
1365 899 59 19 61—1]1
1463 899 185 20 711169116:18
1682 899 30 19 116:
1724 901 11 17 9

1153 932 20 20 pt
1184 931 10 17 2
1450 936 15 11 s.
1478 931 10 17 4

1109 1024 8 13 »
1153 1018 41 20 [218]
1238 1030 21 2 —I|
1304 1030 26 2 —I
1365 1018 60 19 61—1]1
1451 1018 39 20 1321
1514 1018 41 20 2721
1579 1018 34 20 20:
1625 1020 23 17 73
1655 1014 22 34 |
1680 1018 56 20 21:5

1109 1113 9 12 »
1129 1102 18 35 |
1167 1118 27 3 —I
1238 1118 27 2 —
1292 1106 133 20 11561101—]1
1463 1106 91 20 4612971
1580 1106 67 20 20:81
1681 1106 32 20 121:
1726 1109 24 16 22

1109 1231 8 13 »
1127 1220 23 36 |
1154 1224 40 21 203]
1238 1236 27 3 —I
1303 1236 27 3 —I
1365 1225 61 19 61—]|
1452 1225 38 20 163
1496 1220 14 36 |
1515 1225 40 20 357
1557 1220 19 36 |
1580 1225 33 20 23:
1626 1227 22 17 17.1
1681 1225 33 19 23:
1726 1227 23 17 51

1153 1258 21 20 pt
1183 1256 11 17 3
1452 1257 37 16 8.8

1099 1443 27 20 431
1170 1444 25 20 131]
1239 1455 27 2 —I|
1304 1456 27 1 —1I
1366 1444 61 19 61—]1
1465 1444 26 19 281
1530 1444 26 20 351
1595 1444 53 19 6:11
1657 1439 27 35 |
1696 1444 55 19 6:18

1110 1539 9 13 »
1170 1533 25 19 141
1239 1544 27 3 —|I
1304 1533 123 19 —1101—
1479 1533 12 19 31
1530 1533 26 19 421]
1595 1533 54 19 7:25
1693 1533 57 19 1.788

1155 1567 20 19 pt
1186 1565 8 17 1

1110 1628 9 13 »
1171 1622 24 19 14]
1239 1634 28 2 —|I
1305 1622 122 19 —T10]—
1478 1622 13 20 31]
1529 1622 27 19 421
1595 1622 54 20 7:25
1654 1618 22 34 |
1696 1622 55 19 7:88

1154 1655 21 20 pt
1185 1654 10 17 2
1452 1659 15 11 s.
1480 1654 9 16 2

1110 1747 8 12 »
1127 1736 23 35 |
1169 1741 26 20 531
1240 1752 27 2 —I
1304 1741 122 19 —J]101—]
1467 1740 89 20 101107]
1584 1740 66 20 11:72
1659 1736 18 35 |
1685 1740 31 20 11:
1730 1742 36 18 107

1110 1895 9 12 »
1127 1884 28 35 |
1169 1889 26 20 451
1240 1901 27 1 —|
1305 1900 27 3 —]|
1367 1889 60 19 61—1]
1465 1888 26 20 441
1531 1888 119 20 95111:44
1659 1884 18 35 |
1676 1884 39 35 11:
1727 1890 24 17 64

1111 1984 8 13 »
1135 1973 14 35 |
1158 1978 37 20 114]
1244 1990 23 2 —I
1305 1990 27 2 —1I
1367 1978 61 19 6/—]1
1466 1978 26 19 761
1520 1977 95 20 159114:
1626 1980 24 16 26
1662 1973 14 35 |
1684 1977 31 20 14:
1727 1979 24 17 20
