1850 2358
1632 75 41 20 163

89 257 225 27 Bostadsproduktion.

89 295 38 25 tag
142 293 35 20 må
193 293 6 20 i
214 293 60 26 fråga
289 299 35 14 om
339 292 163 26 flerfamiljshus
517 292 40 20 och
572 292 80 20 sådant
665 291 158 26 enfamiljshus,
838 297 46 14 som
899 297 62 14 avses
976 291 6 19 i

91 323 21 20 11
125 324 10 24 $
144 323 68 20 första
222 323 93 26 stycket,
325 322 7 20 i
340 322 135 20 förhållande
485 322 32 20 till
526 322 42 20 den
577 328 29 14 nu
615 321 99 27 gällande
723 322 79 19 räntan
812 321 112 20 nedsättas
933 321 49 19 med

89 359 26 14 en
127 353 52 20 halv
191 354 90 25 procent
291 354 58 18 samt
359 354 34 18 att
403 352 7 20 i
420 352 108 20 samband
539 352 89 19 härmed
639 357 26 14 en
677 351 155 20 motsvarande
838 350 145 26 nedsättning

89 388 28 15 av
126 383 154 20 annuiteterna
290 383 11 19 å
311 382 74 26 dylika
393 382 36 20 lån
438 382 36 19 må
482 383 41 24 äga
532 387 55 18 rum,
596 381 69 20 såvitt
673 386 63 15 avser
744 380 162 26 flerfamiljshus
915 380 69 20 under

89 412 27 20 de
127 412 44 20 fem
183 412 68 20 första
260 412 51 20 åren
319 418 28 14 av
355 411 70 21 lånets
433 411 70 27 löptid
511 412 58 19 samt
576 411 69 20 såvitt
653 416 62 15 avser
722 410 151 26 enfamiljshus
882 410 68 20 under
957 410 26 20 de

89 442 69 20 första
173 442 32 20 tio
220 442 51 20 åren
285 448 28 14 av
328 441 70 20 lånets
413 441 77 26 löptid,
505 442 35 19 att
554 440 198 26 räntesänkningen
766 440 36 20 må
817 446 51 14 avse
883 440 100 26 samtliga

90 472 152 23 låneärenden,
251 472 6 19 i
265 471 58 20 vilka
332 471 84 26 slutligt
424 470 71 21 beslut
503 471 46 19 icke
557 470 121 20 meddelats
686 470 37 20 vid
731 470 133 26 tidpunkten
872 469 33 21 för
912 471 72 19 ränte-

90 502 147 25 sänkningens
252 501 183 23 ikraftträdande,
450 502 42 22 att,
508 500 5 20 i
528 500 61 26 fråga
604 506 35 14 om
654 500 104 26 fastighet
772 500 34 20 för
819 499 73 20 vilken
908 499 76 20 beräk-

91 531 78 26 ningen
179 537 28 14 av
217 530 231 27 tilläggslånebehovet
457 530 60 20 skett
526 531 28 25 på
563 530 107 26 grundval
680 536 28 14 av
717 536 26 13 en
753 529 194 27 primärlåneränta
957 535 27 14 av

90 561 13 20 3
115 563 97 23 procent,
225 560 32 20 till
269 561 70 25 grund
352 561 33 19 för
397 560 139 19 beräknande
548 566 28 13 av
589 560 37 19 det
638 559 85 26 belopp,
736 565 47 14 som
795 559 67 25 enligt
875 559 43 24 13
901 555 19 35 $
930 559 55 19 före-

91 590 96 20 nämnda
198 589 127 27 kungörelse
336 590 35 19 må
382 589 116 26 eftergivas
508 595 28 14 av
548 588 145 20 tertiärlånets
703 588 198 26 annuitetsbelopp,
913 588 72 26 lägges

90 626 26 13 en
128 621 63 19 ränta
204 620 12 19 å
228 619 181 26 primärkrediten
421 625 27 14 av
461 619 12 19 3
485 620 90 25 procent
586 620 57 18 samt
654 624 26 14 en
693 618 99 20 däremot
803 617 106 21 svarande
920 619 64 18 ränta

90 650 12 19 å
121 649 216 20 sekundärkrediten.

118 679 19 20 6.
154 679 42 20 RD
213 678 117 26 medgiver,
347 680 34 18 att
397 678 37 20 det
450 679 12 19 å
478 677 80 20 allmän
575 677 177 26 beredskapsstat
770 677 20 20 II
806 677 33 19 för
855 677 129 25 budgetåret

92 708 89 26 1944/45
196 708 108 26 uppförda
317 708 99 25 anslaget
429 707 32 20 till
475 707 130 20 lånefonden
619 707 33 20 för
664 707 122 25 främjande
800 712 27 14 av
841 706 144 26 bostadsbyg-

89 738 70 26 gande
173 738 28 26 på
214 737 158 27 landsbygden,
386 737 6 20 i
406 737 32 20 sin
452 737 79 23 helhet,
546 738 57 19 samt
616 743 28 14 av
657 737 26 19 de
696 737 12 19 å
722 742 82 14 samma
818 738 45 18 stat
877 736 107 26 uppförda

90 768 102 26 anslagen
207 767 33 20 till
255 767 76 26 bidrag
345 767 32 20 till
392 767 123 25 främjande
529 773 28 14 av
572 766 205 26 bostadsbyggande
792 766 27 26 på
834 765 150 27 landsbygden

90 799 58 19 samt
166 797 35 20 lån
220 797 33 20 för
271 796 377 26 bostadsförbättringsverksamhet
666 796 25 20 12
699 796 41 20 000
749 795 41 21 000
803 802 55 19 resp.
872 795 13 20 3
893 795 42 20 000
936 791 52 35 000

90 828 31 20 kr.
133 828 35 19 må
179 833 28 14 av
218 827 64 20 KM:t
292 828 63 24 tagas
366 826 5 20 i
382 826 94 26 anspråk
488 826 32 20 för
531 826 26 20 de
567 826 50 20 med
627 826 102 26 anslagen
740 825 96 20 avsedda
847 825 136 20 ändamålen.

118 857 19 20 7.
149 857 42 20 RD
202 856 97 21 anhåller
310 862 34 14 om
357 856 116 26 utredning
483 862 27 14 av
522 855 255 21 bostadsförhållandena
789 855 27 26 på
826 855 157 26 landsbygden.

117 946 20 20 8.
150 946 43 20 RD
205 946 88 20 anvisar
304 945 33 20 till
350 945 76 26 bidrag
437 945 32 20 till
482 945 122 26 främjande
616 951 28 14 av
656 944 205 26 bostadsbyggande
874 944 27 26 på
913 944 72 20 lands-

90 976 86 26 bygden
187 976 13 19 å
210 975 132 26 tilläggsstat
354 975 20 20 II
387 975 24 20 12
420 975 41 20 000
470 975 41 20 000
520 975 32 20 kr.
563 974 34 26 (r).

118 1005 19 20 9.
149 1005 42 20 RD
202 1005 87 20 anvisar
300 1004 32 20 till
342 1005 76 25 bidrag
428 1004 32 20 till
471 1004 125 20 inrättande
606 1010 28 14 av
645 1003 175 27 pensionärshem
830 1003 12 20 å
852 1003 132 26 tilläggsstat

92 1035 20 20 II
125 1035 13 20 3
147 1035 41 20 000
196 1034 42 21 000
249 1035 32 20 kr.
295 1035 34 25 (r).

120 1065 31 20 10.
165 1064 42 21 RD
220 1064 88 20 anvisar
319 1064 33 20 till
364 1063 126 27 ytterligare
502 1063 132 26 investering
646 1063 6 20 i
665 1063 129 20 lånefonden
806 1063 34 19 för
851 1062 133 20 bostadsför-

90 1094 96 26 sörjning
210 1094 34 20 för
266 1094 83 20 mindre
374 1093 132 23 bemedlade,
531 1093 101 20 barnrika
655 1093 94 26 familjer
771 1093 12 19 å
807 1092 131 26 tilläggsstat
963 1092 20 20 II

92 1124 24 20 15
125 1124 41 20 000
175 1124 41 20 000
231 1124 32 20 kr.
280 1123 31 27 (i).

120 1154 31 20 11.
166 1153 42 21 RD
222 1153 88 20 anvisar
323 1153 32 20 till
369 1153 130 20 lånefonden
513 1152 33 20 för
559 1152 123 26 främjande
695 1158 28 14 av
737 1152 205 26 bostadsbyggande
956 1152 27 25 på

90 1183 150 26 landsbygden
252 1183 12 20 å
275 1183 133 26 tilläggsstat
421 1183 20 19 II
453 1183 13 19 8
474 1182 42 20 000
524 1182 41 20 000
576 1182 31 20 kr.
620 1182 31 26 (i).

119 1213 31 20 12.
168 1212 43 21 RD
228 1212 88 21 anvisar
331 1212 33 20 till
380 1212 113 20 tertiärlån
511 1212 31 20 till
556 1212 43 20 viss
613 1211 345 27 bostadsbyggnadsverksamhet
971 1211 12 19 å

89 1243 133 26 tilläggsstat
236 1242 20 20 II
269 1242 27 20 80
304 1242 41 20 000
354 1242 41 20 000
406 1242 32 20 kr.
451 1242 31 26 (i).

119 1272 31 21 13.
165 1272 42 20 RD
221 1272 88 20 anvisar
321 1272 126 26 ytterligare
459 1271 70 20 medel
542 1271 33 20 till
588 1271 122 26 tilläggslån
724 1271 32 20 till
769 1271 44 20 viss
826 1270 158 26 bostadsbygg-

89 1302 196 20 nadsverksamhet
296 1302 12 20 å
320 1301 131 27 tilläggsstat
464 1301 20 20 II
496 1301 12 20 3
517 1301 41 20 000
567 1301 41 20 000
618 1301 32 20 kr.
662 1301 31 26 (i).

119 1332 31 20 14.
162 1331 42 21 RD
215 1332 87 20 anvisar
311 1331 126 26 ytterligare
446 1331 70 20 medel
526 1331 33 19 till
568 1331 36 20 lån
613 1331 34 19 för
656 1330 136 26 uppförande
802 1330 40 20 och
852 1330 132 26 förbättring

89 1368 28 14 av
128 1361 240 21 lantarbetarbostäder
379 1361 12 20 å
402 1361 132 26 tilläggsstat
547 1361 20 19 II
579 1361 13 19 2
600 1360 41 20 000
650 1360 41 20 000
702 1360 31 20 kr.
746 1360 31 25 (i).

119 1392 32 20 15.
162 1391 43 20 RD
215 1391 88 20 anvisar
313 1391 32 20 till
356 1391 35 20 lån
402 1390 32 20 till
444 1389 375 27 bostadsförbättringsverksamhet
829 1390 12 19 å
851 1389 132 26 tilläggsstat

92 1421 20 20 II
122 1421 13 20 3
143 1421 42 20 000
193 1421 42 20 000
243 1421 32 20 kr.
286 1420 31 27 (i).

119 1450 31 21 16.
166 1450 43 20 RD
223 1450 118 26 medgiver,
356 1451 35 19 att
405 1450 123 20 räntefoten
543 1450 33 19 för
590 1449 179 26 förbättringslån
784 1449 40 20 och
838 1448 145 20 lantarbetar-

90 1480 133 23 bostadslån,
237 1480 59 20 vilka
310 1480 35 19 må
358 1480 88 19 komma
459 1481 35 18 att
507 1479 91 26 beviljas
612 1479 68 20 under
692 1478 131 26 budgetåret
836 1478 97 26 1945/46,
947 1478 36 20 be-

89 1512 104 18 stämmes
213 1509 32 20 till
265 1510 49 23 3,25
332 1510 23 25 9,
376 1511 57 18 samt
453 1510 35 19 att
506 1508 274 26 bostadsrättsföreningen
797 1507 162 21 Tanneforshus
976 1508 6 19 i

89 1539 124 26 Linköping
229 1539 43 23 må,
290 1539 80 20 räknat
386 1539 26 20 fr.
426 1544 19 14 o.
460 1544 28 14 m.
508 1539 24 19 år
548 1538 53 20 1943
616 1538 69 20 under
699 1544 26 13 en
741 1538 32 20 tid
788 1543 28 15 av
832 1537 64 26 högst
912 1537 25 20 10
951 1538 30 22 år,

89 1569 92 26 beviljas
200 1568 119 20 understöd
337 1568 49 20 med
405 1568 86 27 belopp,
510 1568 155 20 motsvarande
683 1567 121 20 skillnaden
822 1567 7 20 i
846 1567 136 26 föreningens

88 1598 178 26 bränsleutgifter
277 1598 86 23 mellan,
376 1598 12 20 å
400 1604 40 14 ena
451 1598 69 23 sidan,
533 1597 118 26 utgifterna
663 1597 123 20 beräknade
798 1597 27 26 på
836 1596 108 27 grundval
954 1602 29 15 av

89 1628 183 26 bränslepriserna
286 1628 41 20 den
342 1628 9 19 1
363 1627 43 26 maj
421 1627 52 20 1941
484 1627 56 23 eller,
552 1627 73 20 därest
635 1627 96 26 priserna
741 1626 79 26 sjunka
830 1626 69 20 under
909 1626 26 20 de
945 1626 37 20 vid

89 1658 148 26 nyssnämnda
247 1657 107 27 tidpunkt
362 1657 107 26 gällande,
480 1657 62 20 dessa
552 1657 57 26 lägre
619 1656 67 27 priser
695 1658 63 22 samt,
769 1656 12 20 å
791 1656 68 20 andra
869 1656 69 23 sidan,
949 1657 34 19 ut-

88 1687 94 26 gifterna
192 1687 124 20 beräknade
326 1687 27 26 på
363 1687 108 26 grundval
481 1692 28 15 av
518 1686 148 20 kostnaderna
676 1686 33 20 för
719 1692 16 14 s.
744 1686 21 20 k.
776 1686 140 23 fredsvärme,
927 1685 55 20 dock

89 1717 64 26 högst
164 1717 50 20 med
225 1717 14 20 8
247 1717 41 20 000
299 1717 32 20 kr.
344 1717 33 19 för
388 1717 30 23 år,
431 1718 104 18 ävensom
547 1718 35 18 att
593 1716 92 20 sålunda
697 1715 108 27 utgående
817 1715 118 20 understöd
946 1715 36 20 må

88 1748 113 25 gottgöras
213 1746 126 27 föreningen
352 1752 77 20 genom
443 1746 82 26 avdrag
538 1746 12 20 å
563 1746 27 20 de
602 1745 131 24 annuiteter,
747 1751 46 14 som
805 1745 126 26 föreningen
944 1745 39 20 har

89 1778 35 19 att
138 1776 85 27 erlägga
238 1776 12 20 å
265 1776 38 20 det
316 1776 126 26 föreningen
457 1775 108 26 beviljade
580 1775 88 26 statliga
682 1775 144 23 tertiärlånet;
841 1774 41 21 och
895 1774 88 21 anvisar

89 1806 43 20 RD
145 1806 33 20 till
192 1807 84 19 statens
289 1805 225 27 byggnadslånebyrå:
528 1805 33 20 till
574 1805 128 26 avlöningar
716 1805 9 20 1
738 1804 38 21 130
778 1800 45 36 000
839 1804 32 20 kr.
885 1804 26 27 (f)
925 1806 57 18 samt

89 1836 33 20 till
133 1836 155 20 omkostnader
299 1835 41 21 225
349 1835 41 20 000
400 1835 32 20 kr.
445 1835 33 26 (f),
490 1835 33 20 till
535 1835 163 26 hyresrabatter
708 1834 34 21 för
752 1834 84 20 mindre
847 1834 133 23 bemedlade,

88 1865 103 21 barnrika
204 1865 94 26 familjer
310 1865 13 20 8
332 1865 40 20 500
381 1865 41 20 000
434 1865 32 20 kr.
480 1865 33 26 (f),
527 1865 33 19 till
573 1864 76 26 bidrag
661 1864 33 20 till
707 1864 123 26 främjande
842 1870 28 14 av
883 1863 99 21 bostads-

88 1895 116 26 byggande
215 1895 28 26 på
255 1894 150 27 landsbygden
416 1894 27 20 20
452 1894 41 20 000
501 1894 41 20 000
553 1894 32 20 kr.
598 1894 34 26 (r),
644 1894 33 20 till
688 1894 77 26 bidrag
775 1893 34 21 till
819 1893 127 21 inrättande
954 1899 28 14 av

88 1925 177 26 pensionärshem
275 1924 13 20 8
297 1924 41 20 000
346 1924 42 20 000
399 1924 31 20 kr.
443 1924 35 26 (r),
491 1924 32 20 till
537 1924 129 20 lånefonden
678 1924 34 20 för
720 1923 221 26 bostadsförsörjning
949 1923 33 20 för

88 1954 83 20 mindre
188 1954 134 23 bemedlade,
340 1954 101 19 barnrika
458 1953 94 26 familjer
568 1953 26 20 50
603 1953 41 20 000
653 1953 41 20 000
710 1953 32 20 kr.
760 1953 31 26 (i),
807 1952 33 20 till
852 1952 129 20 lånefonden

88 1984 33 20 för
132 1984 123 25 främjande
267 1989 28 14 av
310 1983 205 26 bostadsbyggande
525 1983 27 26 på
561 1983 164 26 landsbyggden
736 1983 26 20 12
768 1982 39 20 000
816 1982 41 20 000
865 1982 33 20 kr.
908 1982 31 26 (i),
948 1981 34 21 till

88 2013 113 20 tertiärlån
219 2013 33 20 till
269 2013 44 19 viss
330 2013 346 26 bostadsbyggnadsverksamhet
694 2012 40 20 150
742 2012 41 20 000
792 2012 41 20 000
849 2012 32 20 kr.
900 2011 31 27 (i),
948 2011 33 20 till

89 2043 122 26 tilläggslån
223 2043 33 19 till
267 2043 43 19 viss
322 2042 345 26 bostadsbyggnadsverksamhet
678 2042 24 20 21
713 2042 42 20 000
763 2041 41 21 000
815 2041 31 20 kr.
859 2041 31 26 (i),
902 2041 33 20 till
946 2041 35 20 lån

88 2072 33 20 till
136 2072 136 26 uppförande
287 2072 40 20 och
342 2072 132 26 förbättring
488 2078 28 14 av
531 2071 239 21 lantarbetarbostäder
784 2071 12 20 4
805 2071 41 20 000
855 2071 41 20 000
909 2071 32 20 kr.
957 2071 24 26 (i)

89 2104 57 18 samt
155 2102 32 20 till
197 2102 35 20 lån
242 2102 31 20 till
284 2101 375 26 bostadsförbättringsverksamhet
667 2101 13 20 8
687 2101 41 20 000
735 2101 41 20 000
783 2101 31 20 kr.
823 2101 31 26 (i);
863 2101 40 19 och
910 2101 72 19 avslår

1002 186 15 20 Ä
1124 162 103 29 Motioner
1274 161 89 30 Utskott
1408 177 57 16 Skriv.
1512 161 109 30 Protokoll

1019 194 9 11 r
1027 186 18 28 |
1049 190 54 20 Prop.
1426 205 22 12 Är

1131 219 33 16 FK
1166 215 23 29 |
1193 219 36 16 AK
1250 219 85 16 |SmllAvd!
1359 219 26 16 Nr
1504 219 33 16 FK
1603 219 36 16 AK

1003 676 28 19 451
1059 676 41 20 2381
1144 687 27 3 —I
1208 687 28 2 —I
1271 676 60 19 61—]1
1369 675 26 20 971
1420 675 98 20 233119:
1530 675 38 20 11d)
1587 675 31 20 19:
1630 675 39 20 28dj

1015 860 8 13 »I
1072 866 28 2 —I
1144 854 12 19 4
1223 853 60 20 51121
1318 854 13 20 21
1371 853 89 21 1115351
1477 849 41 35 21:
1529 853 139 20 71d/21:135d

1144 882 91 21 21:15:50
1370 883 25 20 15
1484 883 33 20 26:
1528 885 25 18 39

1194 912 89 21 488113:
1318 913 77 20 21-17

1015 949 8 13 »
1032 938 23 35 1
1059 943 40 20 3081]
1143 955 28 2 —|
1208 954 27 3 —J
1270 943 61 19 61—]1
1356 942 39 20 1921
1419 942 41 21 4371
1484 942 33 21 28:
1529 945 23 17 21
1557 938 23 35 |
1585 942 69 21 28:10

1054 980 15 11 sv
1082 974 23 18 27
1356 974 101 18 s.4].8.1

1014 1008 8 14 »
1036 997 18 35 1
1059 1002 40 20 308]
1143 1014 28 2 —I|
1208 1013 27 3 —I
1270 1002 61 20 61—]1
1356 1001 39 21 1921
1418 1002 41 20 437]
1484 1001 33 21 28:
1528 1004 23 17 21
1561 997 18 35 |
1584 1001 34 21 28:
1631 1004 24 17 10

1054 1040 15 11 s.
1081 1034 24 17 28
1356 1033 79 17 söker

1014 1068 8 13 »
1058 1061 40 21 1308]
1144 1073 26 3 —I
1208 1073 26 2 —I1
1269 1061 59 20 61—
1327 1057 18 35 |
1356 1061 38 20 1921
1418 1061 41 20 437
1462 1057 19 35 |
1484 1061 34 20 28:
1529 1063 23 18 21
1559 1057 22 35 |
1584 1061 34 20 28:
1632 1064 22 17 11

1054 1099 15 11 s.
1081 1093 24 18 25
1349 1098 15 12 s.
1373 1093 23 17 101
1420 1093 38 18 8.8

1014 1157 8 13 »
1036 1146 18 35 1
1058 1151 41 20 308]
1143 1162 27 3 —I
1208 1162 27 2 —JI
1270 1151 60 19 61—]
1356 1150 38 20 1921
1419 1150 40 21 437]
1484 1150 33 21 28:
1528 1152 23 18 21
1561 1146 18 35 |
1584 1150 33 20 28:
1630 1153 22 17 11

1054 1188 15 11 s.
1081 1182 24 18 75
1350 1188 14 11 s.
1373 1182 23 17 10]
1420 1187 15 12 s.
1447 1182 11 17 3

1014 1217 8 12 »
1036 1205 18 35 1
1058 1210 41 20 308]
1143 1222 27 2 —|
1207 1222 28 2 —IJI
1270 1210 60 20 61—]
1356 1210 38 20 1921
1418 1209 41 21 4371
1483 1209 34 21 28:
1528 1212 23 17 21
1559 1205 22 35 |
1584 1209 68 21 28:11

1054 1247 14 12 s.
1081 1242 24 17 76
1349 1241 109 18 s11löv8

1014 1276 8 13 »
1031 1265 23 35 1
1058 1270 40 20 308]
1142 1282 28 2 —|
1207 1281 27 2 —I
1269 1270 61 19 61—]
1356 1269 38 20 1921
1418 1269 41 20 437]
1484 1269 32 20 28:
1528 1271 23 18 21
1561 1265 18 35 |
1584 1269 33 20 28:
1629 1272 22 16 11

1053 1307 15 11 s.
1081 1302 24 17 76
1349 1302 86 16 s.111s.
1439 1297 13 31 3

1014 1336 8 12 »
1036 1324 18 35 1
1058 1329 40 20 308]
1142 1341 27 2 —i|
1207 1340 27 3 —JI
1269 1329 61 20 61—]|
1355 1329 39 20 1921
1418 1328 41 21 4371
1483 1328 33 21 28:
1528 1330 22 18 21
1561 1324 18 35 |
1584 1328 33 21 28:
1629 1331 22 17 11

1053 1367 15 11 s.
1080 1361 25 18 76
1349 1361 86 17 s.111s.
1446 1360 12 18 3

1013 1395 8 13 »
1031 1383 23 36 |
1058 1388 40 21 3081]
1142 1400 27 3 —I|
1206 1400 28 2 —I
1269 1388 60 20 61—]|
1355 1388 39 20 1921
1418 1388 40 20 4371
1483 1388 33 20 28:
1527 1390 23 18 21
1560 1383 19 36 |
1583 1387 68 21 28:11

1053 1426 15 12 s.
1080 1420 25 18 76
1170 1434 3 2 d
1348 1420 109 17 s:11ll]8..8

1013 1455 8 12 »
1029 1445 22 33 |
1057 1449 41 19 324
1156 1448 13 20 3
1221 1447 12 20 31
1268 1448 61 20 6|—]
1353 1448 40 19 2421
1417 1447 41 20 493]
1482 1447 33 20 31:
1528 1448 38 19 29dl
1584 1447 33 20 31:
1628 1447 38 20 41d

1130 1478 39 19 130
1166 1473 22 34 |
1195 1477 38 20 167

1128 1507 41 20 2101
1193 1507 40 19 332

1193 1536 40 20 356

1193 1566 40 20 615

1191 1595 41 20 616
