1826 2356
754 157 223 17 SAKREGISTER

1627 156 37 20 301

80 449 92 26 Delning
187 455 25 14 av
226 449 52 26 jord.

80 482 11 16 4
106 479 42 20 RD
160 479 97 20 anhåller
268 485 35 14 om
314 479 116 26 utredning
441 484 48 21 ang.
501 479 165 26 möjligheterna
677 481 41 21 att,
730 479 65 20 sedan
806 479 110 26 fastighet,

120 509 52 20 varå
198 508 296 27 återbetalningsskyldighet
518 509 34 20 för
576 509 166 25 avdikningslån
768 508 61 24 vilar,
854 509 64 20 blivit

120 539 70 23 delad,
208 539 153 20 åstadkomma
378 538 133 27 uppdelning
527 539 12 20 å
557 538 190 26 delfastigheterna
764 545 28 13 av
808 539 110 26 ansvarig-

120 569 64 19 heten
199 569 33 19 för
246 568 65 20 lånet.

83 648 6 17 1
106 646 43 19 RD
164 647 91 25 antager
270 646 34 26 lag
318 651 49 21 ang.
383 646 91 26 ändring
489 646 6 20 i
510 646 57 20 vissa
583 646 58 20 delar
655 652 28 14 av
698 646 61 26 lagen
775 646 40 19 den
833 646 24 20 18
870 646 47 26 juni

122 675 53 20 1926
187 676 34 25 (nr
231 675 49 26 326)
291 681 35 14 om
336 675 87 27 delning
432 681 28 14 av
469 675 48 27 jord
528 676 12 19 å
550 676 81 23 landet,
642 676 34 26 lag
685 681 49 21 ang.
745 676 83 20 ändrad
838 676 79 25 lydelse

120 711 29 14 av
164 705 17 23 1,
197 706 12 19 6
224 705 39 20 och
278 705 25 20 15
317 706 20 24 $$
351 705 61 26 lagen
427 705 41 21 den
484 705 24 20 18
521 705 47 26 juni
584 705 52 20 1926
650 705 34 26 (nr
698 705 49 25 336)
761 712 35 13 om
810 711 108 14 samman-

120 735 102 26 läggning
233 741 28 14 av
272 735 127 26 fastigheter
410 735 12 20 å
433 735 81 23 landet,
526 735 34 26 lag
571 740 48 21 ang.
632 735 91 26 ändring
734 736 6 19 i
751 736 58 19 vissa
821 735 58 20 delar
890 741 28 14 av

121 765 61 25 lagen
199 765 41 20 den
257 764 25 20 14
296 765 47 26 juni
360 764 52 21 1907
428 765 34 25 (nr
477 765 26 20 36
519 771 16 14 s.
551 765 35 25 25)
603 771 34 14 om
653 765 93 20 servitut
761 767 57 18 samt
833 765 34 26 lag
882 771 35 14 om

121 794 83 20 ändrad
219 794 80 26 lydelse
314 800 29 14 av
357 795 26 20 55
398 795 10 25 $
422 795 68 20 andra
505 795 87 26 stycket
606 795 152 26 förordningen
775 795 40 19 den
833 795 23 19 16
871 795 47 25 juni

123 824 51 20 1875
188 824 35 25 (nr
234 824 27 20 42
274 831 16 13 s.
305 824 34 25 12)
352 830 48 20 ang.
415 824 125 26 inteckning
553 825 5 19 i
571 825 44 19 fast
627 824 112 26 egendom.

81 886 10 16 Do

107 883 42 20 RD
164 883 103 24 anhåller,
282 885 35 19 att
331 884 63 20 KM:t
408 884 49 20 ville
471 884 55 20 efter
540 884 41 20 den
595 884 125 26 ytterligare
735 884 121 26 utredning,
872 890 46 14 som

120 913 43 20 kan
181 919 52 14 vara
251 913 132 27 erforderlig,
401 915 50 25 taga
469 914 68 20 under
554 914 158 26 övervägande,
730 914 107 20 huruvida
855 914 39 20 och
912 914 6 19 i

120 943 43 19 vad
181 943 50 20 mån
248 943 100 26 gällande
365 943 135 27 stadganden
518 949 35 14 om
569 944 203 25 gränsbestämning
789 944 5 19 i
812 944 105 19 samband

120 973 49 19 med
184 973 291 26 avstyckningsförrättning
489 973 53 20 böra
557 973 78 20 ändras
650 974 6 19 i
671 973 57 26 syfte
743 975 34 18 att
792 973 125 26 möjliggöra

120 1004 33 18 ett
168 1003 87 19 enklare
271 1003 39 20 och
326 1003 95 25 billigare
437 1003 123 20 förfarande
576 1003 36 20 vid
628 1003 66 20 sådan
710 1003 138 26 förrättning.

82 1082 6 17 1
107 1080 42 20 RD
165 1082 90 24 antager
270 1081 79 26 förslag
364 1081 33 19 till
412 1081 34 26 lag
461 1086 48 21 ang.
525 1081 83 20 ändrad
624 1081 79 25 lydelse
718 1087 28 14 av
763 1081 24 19 19
802 1081 50 26 kap.
870 1081 24 19 10
909 1081 9 24 $

121 1110 39 19 och
174 1110 23 20 21
213 1111 51 25 kap.
279 1110 25 20 10
317 1111 9 25 $
339 1110 61 26 lagen
414 1111 41 19 den
470 1111 25 19 18
507 1111 47 26 juni
569 1111 51 19 1926
634 1111 34 25 (nr
681 1111 49 25 326)
744 1117 34 13 om
792 1110 86 26 delning
890 1117 28 13 av

120 1140 48 25 jord
185 1140 12 20 å
215 1140 74 20 landet
305 1142 58 18 samt
379 1140 80 26 förslag
475 1140 33 21 till
523 1140 35 27 lag
574 1146 49 20 ang.
640 1141 83 19 ändrad
740 1140 80 26 lydelse
836 1146 28 14 av
880 1140 12 20 8
909 1141 9 25 $

121 1169 52 21 sista
186 1170 87 25 stycket
286 1170 61 26 lagen
360 1170 41 20 den
416 1170 24 21 18
452 1170 47 27 juni
514 1171 52 20 1925
579 1171 34 25 (nr
625 1170 49 26 334)
688 1176 34 14 om
735 1172 44 18 rätt
793 1170 5 20 i
811 1170 57 20 vissa
881 1170 37 20 fall

121 1200 33 19 för
174 1200 256 26 nyttjanderättshavare
451 1202 34 18 att
505 1200 67 20 inlösa
594 1201 67 19 under
681 1200 163 26 nyttjanderätt
865 1206 53 20 upp-

121 1229 52 20 låtet
190 1229 94 20 område.

81 1285 10 16 2
107 1283 42 19 RD
164 1283 96 20 anhåller
274 1289 35 14 om
323 1290 26 13 en
363 1284 80 20 allmän
458 1284 92 20 revision
564 1290 28 13 av
606 1284 163 26 lagstiftningen
784 1289 34 14 om
833 1283 85 26 delning

121 1318 28 14 av
159 1312 49 26 jord
220 1313 12 20 å
244 1313 81 23 landet,
338 1313 76 20 varvid
426 1313 83 26 jämväl
521 1314 88 19 därmed
622 1313 213 26 sammanhängande
847 1313 72 25 frågor

122 1342 51 20 böra
186 1343 97 19 beaktas.

108 1396 41 19 RD
165 1396 72 20 avslår
251 1396 83 20 motion
350 1402 35 14 om
400 1397 92 26 ändring
507 1397 5 19 i
528 1397 57 20 vissa
600 1397 136 19 hänseenden
752 1403 27 14 av
795 1397 25 19 de
836 1397 6 19 i
857 1397 60 25 lagen

121 1425 40 20 den
177 1425 24 20 18
213 1426 47 26 juni
274 1426 53 20 1926
340 1432 35 14 om
388 1426 86 26 delning
487 1432 28 14 av
526 1427 48 25 jord
588 1427 12 19 å
613 1427 73 19 landet
699 1428 111 24 upptagna
825 1427 94 19 bestäm-

120 1455 105 20 melserna
242 1462 34 13 om
293 1456 150 20 fastställande
459 1462 28 14 av
502 1456 151 26 avstyckning.

107 1508 54 26 Ang.
176 1509 84 19 ändrad
274 1509 80 26 lydelse
368 1516 28 13 av
412 1510 24 19 19
450 1510 50 26 kap.
515 1510 26 19 24
555 1511 9 24 $
578 1510 60 25 lagen
654 1516 34 13 om
704 1510 85 25 delning
803 1515 28 14 av
844 1510 47 25 jord
906 1510 11 19 å

121 1538 80 23 landet;
217 1545 21 13 se
256 1539 140 26 Väghållning
410 1539 69 26 (1939:
493 1540 25 25 7).

83 1618 5 16 1
107 1615 42 20 RD
161 1617 91 25 antager
262 1617 80 25 förslag
354 1617 31 20 till
396 1617 35 26 lag
441 1623 49 20 ang.
502 1617 83 20 ändrad
597 1618 80 25 lydelse
688 1624 28 13 av
729 1617 31 22 10,
774 1618 22 19 11
810 1617 38 20 och
863 1617 23 20 15
898 1617 20 25 $$

120 1645 61 26 lagen
197 1646 41 20 den
256 1646 24 20 18
294 1646 47 26 juni
358 1646 52 20 1926
425 1646 34 26 (nr
473 1647 49 25 336)
538 1653 34 14 om
587 1648 201 25 sammanläggning
802 1653 27 14 av
844 1646 74 26 fastig-

120 1675 61 20 heter
197 1676 12 19 å
226 1676 81 23 landet,
325 1676 79 26 förslag
420 1676 33 20 till
469 1677 35 26 lag
519 1682 49 20 ang.
585 1677 83 20 ändrad
684 1677 80 26 lydelse
781 1683 28 14 av
826 1677 24 19 19
867 1677 50 26 kap.

122 1705 24 19 16
158 1706 10 24 $
179 1705 62 26 lagen
254 1705 41 20 den
310 1706 23 20 18
345 1706 47 26 juni
405 1706 52 20 1926
470 1706 34 26 (nr
515 1706 49 26 326)
577 1713 34 13 om
624 1707 86 26 delning
721 1713 28 14 av
760 1707 48 26 jord
820 1707 12 19 å
844 1706 74 20 landet

120 1736 58 19 samt
188 1735 80 26 förslag
278 1735 33 20 till
322 1736 35 26 lag
367 1741 49 21 ang.
428 1736 83 20 ändrad
522 1736 81 26 lydelse
614 1743 28 13 av
655 1737 24 19 12
689 1737 10 25 $
710 1737 60 26 lagen
782 1737 40 19 den
836 1736 24 20 17
871 1736 47 26 juni

122 1764 52 20 1932
188 1765 34 25 (nr
235 1765 49 25 223)
298 1765 49 20 med
361 1766 105 20 särskilda
480 1766 163 20 bestämmelser
656 1772 34 14 om
705 1766 86 26 delning
803 1772 28 14 av
844 1766 47 25 jord
906 1766 11 19 å

120 1794 75 20 landet
208 1794 58 20 inom
280 1795 57 19 vissa
351 1795 59 20 delar
423 1801 28 14 av
465 1796 154 25 Kopparbergs
632 1796 42 20 län.

81 1849 10 16 2
107 1847 41 19 RD
167 1848 72 19 avslår
255 1848 83 20 motion
356 1854 49 21 ang.
423 1850 118 19 rösträtten
560 1849 36 19 vid
615 1850 34 19 val
667 1856 28 13 av
712 1850 53 24 gode
784 1852 49 17 män
852 1851 66 26 enligt

121 1877 61 25 lagen
197 1883 35 14 om
247 1877 87 26 delning
347 1884 28 13 av
389 1878 49 26 jord
452 1879 12 19 å
479 1879 80 19 landet.

80 1932 11 16 3
107 1930 42 20 RD
160 1932 91 25 antager
260 1931 81 26 förslag
351 1931 33 20 till
394 1932 34 25 lag
440 1938 34 14 om
485 1932 83 20 ändrad
580 1933 79 25 lydelse
670 1939 27 14 av
711 1934 6 19 1
731 1934 50 26 kap.
793 1934 12 20 8
816 1936 16 23 $,
844 1934 12 20 3
867 1935 50 26 kap.

122 1960 25 19 14
159 1960 17 25 $,
189 1960 13 19 4
215 1961 50 26 kap.
279 1961 12 20 3
305 1961 39 20 och
357 1961 13 19 4
383 1962 20 24 $$
416 1964 57 18 samt
488 1962 24 20 17
525 1962 50 26 kap.
592 1963 6 18 1
615 1963 9 25 $
637 1963 61 26 lagen
712 1963 40 20 den
768 1964 24 19 18
804 1964 47 26 juni
866 1964 51 20 1926

120 1989 35 26 (nr
169 1990 49 26 326)
235 1996 35 14 om
285 1991 86 26 delning
386 1997 28 14 av
428 1991 48 26 jord
492 1992 12 20 å
519 1992 81 24 landet,
616 1994 58 18 samt
688 1993 32 20 till
736 1993 34 26 lag
785 2000 35 13 om
835 1994 83 20 ändrad

120 2019 80 26 lydelse
213 2026 28 14 av
254 2020 18 24 1,
285 2020 12 20 3
310 2021 39 19 och
361 2021 13 19 6
386 2021 20 25 $$
418 2021 61 26 lagen
492 2022 41 19 den
547 2022 25 20 18
583 2022 47 26 juni
644 2022 51 20 1926
708 2023 34 25 (nr
754 2023 49 26 336)
816 2030 34 14 om
862 2030 56 14 sam-

120 2049 153 27 manläggning
287 2057 27 13 av
329 2050 128 27 fastigheter
471 2051 11 20 å
498 2052 73 19 landet
586 2052 111 26 (förslaget
712 2059 62 13 avser
788 2055 33 18 att
837 2053 31 20 till
883 2054 35 19 be-

1203 230 107 30 Utskotts-
1369 230 68 29 Riks-
1602 257 4 4 E

989 255 64 32 Kungl.
1108 282 3 4 ?
1202 257 118 32 utlåtanden,
1375 258 69 32 dagens
1514 252 74 34 RAA

1001 290 52 18 Maj:ts
1054 278 104 29 Motioner
1185 294 96 16 Monorat
1294 294 44 16 eller
1386 294 46 16 Her
1495 278 139 28 förhandlingar

946 314 26 20 År
1000 323 51 14 [propir
1196 320 132 30 betänkanden
1371 320 67 30 velser
1520 312 88 20 (Rrobnr)

1000 345 45 28 eller
1188 371 4 4 -

1000 379 102 27 SKIVSTRI
1119 390 36 16 LAR
1176 377 17 38 é
1218 378 16 49 Z
1259 390 90 16 Nummer|
1366 389 90 17 Nummer
1478 378 67 40 Näe
1579 378 68 40 FR

1177 416 16 12 3
1544 414 4 4 :
1645 415 4 4 5

1111 448 2 43 |
1207 443 2 36 |
1563 444 2 33 |

937 479 52 19 1936]
1013 491 27 1 —
1068 479 45 21 12131
1122 479 41 20 482
1184 479 25 38 9
1226 479 12 20 2
1299 479 26 19 40
1392 480 39 19 218
1467 480 52 19 130:
1503 476 13 33 1
1563 479 49 42 Er
1624 482 37 18 105

1213 509 34 36 oe
1563 537 1 8 |

1563 549 2 10 I

1563 560 2 23 |

1111 580 2 43 |
1563 584 2 15 I

936 644 53 21 19371
1006 645 40 20 232
1047 640 19 35 |
1068 645 40 20 265]
1122 645 40 20 2701
1183 645 12 19 9
1196 640 19 35 |
1225 645 12 20 2
1298 646 27 19 32
1392 646 40 19 226
1467 645 79 20 [28:1d
1547 641 26 34 |
1578 646 55 20 27:8

1068 674 39 21 266
1207 675 1 3 |
1248 677 2 48 |

1111 775 1 21 |

937 882 52 20 1937]
1013 895 27 1 —
1075 895 27 1 —
1111 872 51 48 252
1183 883 54 29 912
1298 883 26 20 35
1391 884 40 20 237
1467 884 33 20 128:
1512 886 24 17 70
1563 868 48 46 127:
1623 887 24 17 98

1111 921 1 9 I
1248 922 1 12 I

1249 995 1 17 I

1112 1025 1 25 |
1248 1023 2 49 |

937 1071 64 45 1938)
1008 1071 66 45 144]
1075 1091 28 1 —|
1130 1091 26 2 —1
1184 1075 66 37 9121
1298 1079 26 20 38
1391 1080 40 20 200
1467 1080 68 20 128:47
1547 1073 25 40 |
1578 1081 69 20 28:78

1249 1115 1 9 I

1112 1153 1 36 |
1249 1151 1 34 |

1112 1190 1 22 |
1248 1187 2 21 |

1112 1217 1 22 |
1249 1215 1 29 |

937 1281 52 20 1938]
1013 1293 27 2 —
1047 1267 24 48 |
1075 1294 26 1 —
1111 1271 51 33 2891
1184 1282 12 19 9)
1225 1283 13 19 21]
1298 1283 26 19 45
1338 1267 30 48 |
1391 1283 41 20 234
1467 1283 78 20 bBi:1d
1577 1284 68 20 31:97

1207 1336 1 28 |

937 1394 52 20 1938]
1032 1407 8 1 —
1049 1390 23 34 |
1079 1407 24 1 —
1103 1390 17 34 |
1137 1395 22 19 711
1184 1395 12 20 91
1225 1396 13 20 2
1298 1396 26 19 46
1416 1408 13 2 —
1467 1396 55 20 131:
1505 1392 9 34 4
1579 1398 68 19 31::97

1207 1465 1 23 |

937 1614 52 20 1920)
1017 1615 23 19 12,
1075 1626 27 2 (ES
1184 1615 11 20 ngr]
1226 1602 24 44 2
1314 1616 7 19 See
1350 1598 47 53 ln
1405 1617 26 19 don
1481 1617 40 19 KRA
1563 1615 38 22 ade

1207 1672 1 10 I
1563 1657 1 28 |

1207 1686 1 19 I
1563 1687 1 11 I

1207 1706 1 9 I

1207 1719 1 9 I

1248 1736 1 18 I

1248 1758 1 22 I

936 1852 53 20 1940
1082 1853 22 19 81
1184 1853 66 23 9324
1312 1854 13 19 4
1469 1855 67 19 11:13
1547 1842 18 33 d
1581 1856 31 19 13:
1624 1858 25 17 44

1111 1904 1 12 |
1219 1881 12 64 TS

938 1935 51 20 1940]
1013 1936 27 18 90
1122 1937 37 19 211
1226 1937 24 20 21
1299 1937 25 19 33
1391 1938 37 19 341

1564 1872 1 22 I

1467 1938 33 20 33:
1512 1942 24 16 66
1564 1941 1 16 |
1579 1939 33 20 37:
1624 1941 24 17 69
