1838 2360
172 73 44 21 406

190 253 203 26 Försäkringsrådet.

218 289 19 20 2.
255 289 42 20 RD
316 289 101 24 besluter,
435 291 35 18 att
487 289 7 20 i
512 290 264 27 personalförteckningen
794 292 32 19 tre
844 290 149 27 befattningar
1010 291 71 21 såsom

190 324 94 15 assessor
299 319 6 20 i
320 319 131 26 lönegraden
468 319 32 20 Eo
509 320 26 20 27
551 320 60 20 skola
628 320 91 26 utbytas
734 321 48 19 mot
797 322 33 18 tre
846 320 149 27 befattningar
1010 321 71 20 såsom

190 355 93 13 assessor
292 349 7 19 i
308 349 130 26 lönegraden
448 349 18 20 A
476 349 33 24 27;
520 350 40 19 och
569 350 127 26 godkänner
706 350 42 20 RD
758 350 160 26 avlöningsstat
927 352 58 19 samt
994 351 88 20 anvisar

190 378 32 20 till
234 378 128 27 avlöningar
373 379 40 20 303
422 379 41 20 300
474 379 32 20 kr.
519 379 33 26 (f).
765 384 3 4 Å

217 409 19 19 3.
254 409 42 19 RD
307 408 88 21 anvisar
405 409 33 20 till
449 409 156 20 omkostnader
617 409 24 20 13
651 409 40 21 900
701 409 32 20 kr.
746 410 32 26 (f).

219 486 17 19 1.
254 486 41 20 RD
313 486 117 26 medgiver,
448 488 35 18 att
500 487 40 19 den
558 486 6 20 i
581 486 188 27 avlöningsstaten
787 488 112 25 upptagna
917 487 163 27 anslagsposten

189 516 127 26 avlöningar
328 516 33 20 till
375 516 60 26 övrig
448 516 103 20 icke-ord.
565 517 99 26 personal
678 517 35 20 må
727 517 33 20 för
774 517 130 26 budgetåret
918 517 89 26 1946/47
1020 519 61 18 över-

189 545 83 20 skridas
284 546 49 20 med
345 546 65 26 högst
420 546 13 20 3
442 546 41 20 750
494 546 32 20 kr.

216 576 19 19 2.
253 576 41 19 RD
310 575 101 24 besluter,
427 577 35 19 att
476 576 6 20 i
497 576 266 27 personalförteckningen
778 576 97 27 följande
889 577 117 26 ändringar
1020 577 60 20 skola

189 605 107 26 vidtagas,
314 605 109 27 nämligen
440 606 152 26 uppflyttning
609 618 27 2 —
653 606 49 20 med
720 606 124 21 bibehållen
862 607 108 26 egenskap
987 613 29 14 av
1033 607 48 20 full-

188 635 145 26 maktstjänst
344 648 27 1 —
381 641 28 14 av
421 636 151 26 befattningen
584 636 70 20 såsom
666 636 131 20 ordförande
809 637 39 19 och
860 637 48 19 chef
919 637 48 20 från
978 637 102 26 lönegrad

188 665 18 20 B
203 661 14 35 3
240 665 32 20 till
285 665 101 26 lönegrad
399 665 49 20 med
461 672 83 14 samma
556 666 72 20 årslön
640 672 46 14 som
698 666 133 20 tillkommer
842 666 239 26 förordnandetjänste-

188 701 51 14 man
254 695 6 20 i
276 695 127 20 nuvarande
418 695 102 26 lönegrad
536 696 15 20 C
563 696 31 22 12,
610 696 107 26 utökning
732 702 28 14 av
775 696 85 20 antalet
874 696 67 20 förste
956 697 125 26 byråsekre-

189 726 69 18 terare
273 725 7 19 i
294 725 102 26 lönegrad
411 725 19 20 A
440 725 26 20 24
480 725 48 20 från
543 725 12 20 2
570 725 32 20 till
616 725 20 23 4,
651 725 112 21 införande
778 732 29 14 av
821 727 12 19 2
848 726 149 26 befattningar
1010 726 70 20 såsom

188 754 158 21 kanslibiträde
365 755 6 19 i
389 755 102 26 lönegrad
509 755 18 20 A
538 755 19 22 7,
576 755 124 26 minskning
717 762 28 13 av
763 756 85 20 antalet
865 756 192 20 kontorsbiträden
1075 756 6 19 i

188 784 103 26 lönegrad
302 785 19 19 A
330 784 13 20 4
354 785 48 20 från
413 785 13 20 2
436 785 33 20 till
482 785 17 23 1,
511 785 114 20 införande
635 791 28 14 av
674 786 13 19 2
699 785 148 27 befattningar
857 786 71 20 såsom
939 786 142 26 försäkrings-

188 814 39 20 råd
241 814 7 20 i
262 814 102 26 lönegrad
380 815 32 19 Eo
421 815 27 19 30
463 815 39 19 och
520 815 7 19 1
544 815 125 26 befattning
683 815 70 20 såsom
768 821 94 14 assessor
876 816 6 19 i
896 816 102 26 lönegrad
1013 816 32 20 Eo
1055 815 26 21 27

188 845 58 19 samt
261 844 82 26 ökning
357 850 28 14 av
400 844 85 20 antalet
499 844 67 20 förste
581 845 188 26 byråsekreterare
784 845 6 20 i
805 845 102 27 lönegrad
923 846 32 19 Eo
964 845 27 20 24
1006 845 47 20 från
1068 846 13 20 3

188 873 32 21 till
232 874 18 23 6;
263 874 40 20 och
314 874 88 20 anvisar
414 874 42 20 RD
467 874 33 20 till
511 874 129 27 avlöningar
650 874 41 21 500
699 875 41 20 000
751 875 32 20 kr.
795 875 33 26 (f).

217 904 19 20 3.
254 904 42 20 RD
307 904 88 20 anvisar
405 904 33 20 till
449 904 156 20 omkostnader
615 904 26 20 29
650 905 41 20 000
702 905 31 20 kr.
746 905 32 26 (f).

219 981 17 19 1.
254 981 41 20 RD
311 981 127 26 godkänner
452 981 161 26 avlöningsstat
627 983 58 19 samt
699 982 88 20 anvisar
801 982 33 20 till
849 982 128 27 avlöningar
991 983 41 20 530
1040 983 41 20 000

188 1011 32 20 kr.
237 1011 33 26 :(f):

217 1041 19 19 2.
254 1041 41 19 RD
308 1041 88 19 anvisar
407 1041 32 19 till
452 1041 155 20 omkostnader
618 1041 24 20 21
654 1042 41 19 900
706 1042 32 19 kr.
751 1042 33 24 (f).

218 1117 16 20 1.
253 1117 41 20 BD
306 1117 101 23 besluter,
420 1119 34 18 att
466 1118 11 19 å
490 1118 265 26 personalförteckningen
767 1118 60 20 skola
840 1119 104 26 uppföras
955 1118 125 27 ytterligare

189 1147 36 20 två
238 1147 148 26 befattningar
396 1154 46 13 som
454 1147 171 27 försäkringsråd
637 1148 6 19 i
654 1148 29 20 Ca
693 1148 26 19 33
731 1149 40 19 och
782 1148 126 26 ytterligare
919 1154 26 14 en
957 1148 124 26 befattning

187 1183 47 13 som
247 1183 94 13 assessor
354 1177 6 19 i
373 1177 29 20 Ca
412 1177 33 23 30,
460 1177 78 20 medan
553 1178 155 20 motsvarande
721 1184 18 14 e.
750 1184 18 14 o.
783 1178 151 26 befattningar
946 1178 60 20 skola
1020 1178 59 26 utgå,

187 1206 119 20 fastställer
320 1207 160 25 avlöningsstat
493 1208 58 19 samt
565 1207 88 20 anvisar
666 1207 33 20 till
713 1207 130 27 avlöningar
856 1208 40 20 543
906 1208 40 20 000
960 1208 32 19 kr.
1008 1208 33 25 (f).

215 1236 19 20 2.
252 1236 42 20 RD
306 1236 89 20 anvisar
405 1236 34 20 till
451 1236 156 21 omkostnader
618 1237 26 20 23
654 1237 41 20 500
706 1237 32 20 kr.
751 1237 33 26 (f).

218 1313 16 20 1.
252 1313 42 20 RD
310 1313 101 23 besluter,
427 1315 35 18 att
476 1314 6 19 i
497 1314 264 26 personalförteckningen
776 1314 84 20 antalet
874 1315 67 20 förste
956 1315 125 25 byråsekre-

187 1344 71 18 terare
274 1343 5 19 i
296 1343 129 26 lönegraden
442 1343 29 20 Ca
481 1344 26 19 27
522 1344 54 19 skall
593 1344 52 19 ökas
661 1344 48 20 med
726 1344 37 20 två
780 1344 39 20 och
835 1344 85 20 antalet
935 1345 66 19 förste
1018 1345 63 25 byrå-

187 1372 133 20 sekreterare
332 1372 7 20 i
349 1373 131 26 lönegraden
492 1373 26 20 Ce
528 1373 27 20 27
566 1373 96 20 minskas
673 1374 49 19 med
735 1374 45 23 två,
792 1374 118 20 fastställer
921 1374 160 26 avlöningsstat

188 1404 59 18 samt
259 1402 89 20 anvisar
361 1402 31 20 till
405 1403 128 26 avlöningar
545 1403 40 20 557
594 1403 41 20 000
647 1403 32 20 kr.
693 1404 33 25 (f).

217 1432 19 20 2.
254 1432 41 20 RD
310 1432 88 20 anvisar
410 1432 33 20 till
457 1433 155 20 omkostnader
625 1433 26 20 28
660 1433 41 20 400
714 1433 32 20 kr.
761 1433 33 26 (f).

217 1462 25 19 Se
254 1462 40 19 ock
306 1461 185 21 Arbetsdomstolen
504 1462 70 26 (1943:
587 1462 26 26 2).

187 1517 329 25 FÖRSÄKRINGSRÖRELSE.

217 1563 17 20 1.
252 1563 42 20 RD
309 1564 91 25 antager
413 1563 80 27 förslag
506 1563 33 20 till
552 1564 35 26 lag
600 1569 49 21 ang.
664 1564 84 20 ändrad
761 1564 81 26 lydelse
856 1570 28 14 av
898 1564 40 20 213
953 1564 39 20 och
1006 1564 40 20 215
1060 1565 20 25 $$

187 1593 63 25 lagen
263 1593 41 20 den
316 1593 27 20 25
355 1593 43 26 maj
414 1593 52 20 1917
479 1594 35 25 (nr
525 1593 50 26 257)
587 1599 35 14 om
635 1594 217 26 försäkringsrörelse.

216 1623 19 19 2.
253 1622 41 20 RD
312 1623 74 20 avslår
401 1623 84 20 motion
502 1628 48 21 ang.
568 1624 84 19 statens
669 1624 147 26 övertagande
832 1630 29 13 av
877 1624 42 19 den
936 1623 86 26 privata
1039 1624 42 20 för-

187 1652 275 26 säkringsverksamheten.

214 1682 20 19 3.
251 1682 42 20 RD
307 1682 73 20 avslår
393 1682 83 20 motion
490 1688 49 21 ang.
553 1682 130 27 indragning
698 1683 30 20 till
743 1684 72 19 staten
829 1689 27 14 av
871 1683 56 20 vissa
941 1683 139 26 opåräknade

187 1712 83 19 vinster
282 1712 34 20 för
328 1712 232 26 försäkringsbolagen.

214 1741 20 20 4.
251 1742 42 19 RD
307 1743 92 25 antager
411 1742 80 26 förslag
504 1742 32 20 till
550 1742 34 26 lag
597 1747 49 21 ang.
660 1742 118 26 ändringar
790 1742 7 20 i
810 1742 61 27 lagen
886 1742 40 20 den
941 1742 11 20 4
967 1743 45 19 okt.
1029 1742 52 21 1940

187 1771 34 26 (nr
233 1771 51 26 851)
296 1772 50 19 med
359 1771 57 21 vissa
429 1772 164 20 bestämmelser
605 1778 35 14 om
653 1772 153 26 livförsäkring
818 1778 28 14 m.
856 1778 29 14 m.
898 1772 37 20 vid
948 1772 54 26 krig.

215 1813 42 19 RD
267 1814 91 25 antager
367 1813 79 26 förslag
457 1813 31 20 till
498 1813 35 26 lag
542 1820 35 13 om
587 1813 199 27 krigsansvarighet
796 1814 33 20 för
838 1814 40 20 liv-
887 1814 39 20 och
937 1813 145 21 invaliditets”

187 1842 128 27 försäkring.

216 1884 41 20 RD
270 1886 91 24 antager
372 1884 80 26 förslag
465 1884 31 20 till
510 1885 34 25 lag
556 1891 34 13 om
604 1885 57 20 vissa
674 1885 182 26 inskränkningar
868 1885 6 20 i
887 1886 72 19 rätten
971 1886 35 19 att
1018 1885 62 20 driva

186 1914 219 26 försäkringsrörelse.

215 1943 54 26 Ang.
284 1943 92 26 ändring
389 1944 5 19 i
408 1944 61 26 lagen
484 1950 34 14 om
533 1944 217 26 försäkringsrörelse;
765 1951 21 13 se
800 1944 121 26 Aktiebolag
934 1944 63 26 (1946
1008 1945 36 25 H).

186 2015 45 19 dec.
245 2015 53 20 1945
309 2015 35 26 (nr
354 2015 49 26 845)
415 2021 34 14 om
461 2015 57 21 vissa
529 2016 183 26 inskränkningar
721 2016 7 20 i
738 2017 73 19 rätten
822 2017 35 19 att
866 2016 62 20 driva
937 2016 143 27 försäkrings-

186 2044 85 20 rörelse.

214 2075 19 19 2.
249 2074 46 27 Lag
308 2081 35 13 om
357 2075 91 26 ändring
461 2075 7 20 i
481 2075 61 27 lagen
557 2081 34 14 om
605 2075 217 27 försäkringsrörelse;
839 2081 21 15 se
873 2075 207 27 Bankinrättningar

188 2104 71 25 (1947:
272 2104 26 26 2).

215 1984 19 21 1.
251 1985 42 20 RD
307 1987 92 25 antager
412 1986 80 26 förslag
506 1986 32 19 till
552 1986 34 26 lag
600 1991 48 21 ang.
664 1986 90 20 fortsatt
767 1986 101 26 giltighet
883 1993 30 13 av
924 1986 62 27 lagen
998 1987 41 19 den
1055 1986 47 20 14/7

1238 167 90 17 Motioner
1376 163 89 31 Utskott
1544 180 3 4 å
1628 169 94 16 Protokoll

1103 186 26 20 År
1124 182 18 34 |
1151 191 54 20 Prop.
1351 203 53 2 RR
1512 180 27 40 Dr

1232 221 33 16 FK
1271 217 19 29 |
1295 221 34 16 AK
1352 221 85 16 ISmllAvd|
1461 222 26 16 Nr
1607 223 32 16 FK
1705 224 35 15 AK

1101 291 28 21 461
1159 292 38 20 1:51
1242 292 91 20 721122]
1369 293 61 19 6)—
1482 293 12 20 5
1546 293 106 21 5115:18
1655 289 23 35 |
1687 295 24 20 15:
1731 297 25 18 48

1150 326 22 19 pt
1181 324 24 17 37
1449 325 109 18 siillsc6

1112 417 8 13 »
1131 407 22 34 |
1159 411 38 20 1:5]
1243 423 26 2 —I
1308 424 27 1 —I
1369 412 61 19 61—
1482 412 12 20 5
1547 413 106 21 5115:18
1662 409 17 34 |
1687 414 30 20 15:
1729 416 25 17 48

1150 445 21 19 pt
1181 443 24 17 38
1450 449 15 11 s.
1474 444 22 17 131
1521 450 15 11 s.
1548 445 10 17 6

1102 488 27 20 471
1171 489 13 19 2
1242 501 27 2 —I
1308 501 27 2 —I
1369 489 61 20 61—1|
1471 490 23 19 151
1536 490 23 20 141
1599 491 40 19 6:3
1699 492 19 19 6:
1730 494 22 17 11

1152 526 15 11 s.
1182 521 22 17 13
1456 527 15 11 s.
1485 522 7 17 1

1112 584 8 12 »
1132 574 18 33 I
1160 578 37 20 1:21]
1243 590 26 2 —I
1307 590 27 2 —I
1369 579 61 19 61—
1482 579 12 20 5
1547 579 91 21 51:16:91
1687 581 30 19 10:
1730 582 23 18 14

1151 612 20 19 pt
1181 610 24 17 36
1456 617 14 10 s.
1483 611 78 17 2.1s.42

1279 674 2 18 I

1112 911 7 13 »
1133 901 18 34 I
1160 906 37 19 1:71]
1242 917 27 3 —I
1307 917 27 2 —]I
1369 906 61 19 61]—
1482 906 12 20 5
1547 906 12 21 SJ
1586 907 52 20 16:91)
1687 907 66 20 0:

1150 939 22 20 pt
1181 937 24 18 37
1456 943 15 12 s.
1483 938 11 17 9
1514 938 47 18 15.43

1101 982 28 20 48l
1159 983 38 19 1:71
1242 995 27 2 —I
1308 995 27 2 —]
1369 983 61 20 61—
1482 984 12 20 5
1547 984 105 20 5113:22
1664 980 13 34 |
1686 985 31 20 13:
1729 987 24 17 79

1150 1016 20 20 pt
1180 1015 25 17 66
1450 1020 15 12 s.
1474 1016 22 17 16

1111 1048 8 12 »
1135 1039 16 32 |
1159 1043 38 19 1:71]
1242 1054 28 2 —I
1307 1054 27 2 —I
1369 1043 61 18 61—
1482 1043 12 19 5
1547 1043 105 20 5113:22
1657 1039 22 34 |
1687 1045 30 19 13:
1729 1046 25 17 79

1150 1075 21 20 pt
1180 1073 24 17 67
1450 1079 14 12 s.
1473 1074 23 17 18

1101 1118 28 20 49]
1158 1119 39 20 1:71
1242 1130 27 3 —I|
1307 1131 27 2 —I
1369 1119 61 19 6)—
1482 1120 12 20 5
1547 1120 70 20 5110:
1630 1123 37 17 1021
1687 1120 31 21 10:
1731 1122 38 18 145

1149 1152 22 20 pt
1180 1151 25 17 68
1449 1152 46 17 s..21

1111 1243 8 12 »
1158 1238 39 19 11:71]
1241 1249 28 2 —I|
1307 1249 27 2 —|I
1369 1238 61 19 61—
1482 1238 12 20 5
1547 1238 70 21 5110:
1631 1241 37 17 102]
1688 1239 30 20 10:
1732 1241 37 18 145]

1150 1271 21 20 pt
1181 1269 24 17 69
1449 1275 15 11 s.
1472 1270 24 17 22

1102 1314 26 20 501]
1159 1315 38 20 1:71
1242 1326 27 2 —|
1307 1327 27 1 —I
1369 1315 61 19 61—
1482 1315 12 20 5
1547 1315 12 20 OT
1586 1316 66 20 11:67]
1688 1317 30 19 11:
1733 1319 36 17 105]

1150 1348 21 20 pt
1181 1347 24 17 69
1450 1352 15 11 s.
1469 1335 27 38 33

1112 1439 8 13 »
1133 1429 18 34 I
1159 1433 38 20 1:71]
1242 1445 28 2 —I|
1307 1445 28 2 —I
1370 1434 61 19 61—
1483 1434 12 20 5
1548 1434 12 20 ST
1587 1435 66 20 11:67
1657 1430 23 35 |
1688 1435 30 20 11:
1733 1437 37 18 105)

1150 1467 22 20 pt
1182 1465 24 18 70
1450 1466 47 17 s.33

1100 1564 26 19 411
1171 1564 23 20 211
1243 1576 27 2 —I
1308 1576 28 2 —LI
1370 1564 58 20 91.1
1483 1565 13 19 91
1534 1564 119 22 -:741:13:.24']
1687 1566 67 20 13:19

1111 1629 8 13 »
1172 1635 27 3 —
1204 1620 22 34 I
1243 1635 26 2 —J|
1308 1625 27 19 221
1370 1624 12 20 91
1420 1624 8 19 11
1472 1624 24 20 141
1534 1624 119 21 —115:57
1658 1620 23 34 |
1687 1625 31 20 15:
1731 1625 38 20 11d

1112 1689 8 12 »
1171 1695 27 2 —
1203 1679 18 34 I
1243 1695 27 2 —I
1308 1684 26 20 231
1370 1684 12 19 91
1420 1683 7 20 11
1472 1684 23 20 151
1534 1684 119 20 —115:57
1657 1679 23 34 |
1687 1684 31 20 15:
1730 1684 38 20 18d

1112 1748 9 13 »
1161 1743 37 20 1170]
1242 1754 28 2 —|
1308 1755 27 2 —1
1370 1744 12 19 91
1420 1743 6 19 11
1469 1743 27 20 301
1522 1743 38 20 1541
1585 1744 68 20 21:53
1658 1739 22 34 |
1685 1744 69 20 22:95

1102 1814 27 20 431
1157 1815 41 20 2021
1242 1826 28 2 —I
1308 1826 27 3 —J
1370 1815 12 19 91
1418 1815 12 19 21
1469 1815 149 20 301262119:
1629 1816 24 18 65
1658 1810 22 35 |
1685 1815 68 20 20:12

1101 1885 27 20 451
1156 1886 41 20 375
1206 1881 31 35 |
1243 1897 27 2 —I
1307 1898 28 2 —LJ
1370 1886 13 20 91
1420 1886 7 19 11
1469 1886 91 21 531576]
1585 1887 33 20 38:
1629 1888 24 18 84
1657 1881 22 35 |
1685 1886 33 20 40:
1729 1888 24 18 57

1105 1916 20 19 H

1102 1986 26 20 471
1160 1987 34 19 1811
1242 1998 26 2 —I
1307 1998 27 3 —1I
1369 1987 12 19 91
1427 1987 7 19 11
1468 1987 27 20 251
1522 1987 131 20 110116:33
1661 1982 18 34 |
1687 1987 66 20 16:32
