1850 2359
804 150 135 34 SAKREGISTER
1632 153 38 20 581

1015 222 40 35 oc
1396 228 53 17 Riks-

959 248 16 41 EZ
1015 251 33 39 208
1072 276 46 17 Moti
1270 246 54 47 a
1386 252 72 34 dagens
1515 258 118 17 Kamrarnas

961 283 18 40 z
1015 289 40 32 22
1093 281 73 13 SES
1194 306 24 17 SD
1264 277 87 50 ömorid
1400 283 46 33 skri-
1501 287 144 23 förhandlingar

962 328 11 11 $
1015 318 41 24 Le
1392 318 63 17 velser

957 341 97 28 3125
1187 365 17 12 ge
1202 356 12 31 |

1015 369 35 12 188
1172 384 1 5 8
1187 371 58 18 ARD
1342 373 17 19 22
1360 367 20 30 I
1399 367 7 30 EZ
1418 367 20 30 |
1443 374 17 18 2)
1489 372 66 17 Första
1561 367 23 30 |
1590 371 65 17 Andra

963 384 9 42 ES
1015 382 35 41 28
1076 383 87 17 PETE
1187 391 13 32 z
1199 382 13 45 |
1229 390 17 29 &
1283 383 16 27 z
1342 394 17 24 >
1399 379 9 44 Zz
1443 394 17 24 &)
1486 396 69 17 kamm.
1563 390 20 32 |
1586 396 70 16 kamm.

86 434 102 26 Frösön;
205 444 21 13 se
242 436 138 28 Flygvapnet
395 436 73 26 (1927:
480 442 32 19 20;
532 437 107 25 1928:12,
660 442 31 19 14;
710 437 93 25 1930:7,
822 438 26 25 8).

86 493 148 28 Frösösund;
250 504 22 13 se
288 496 139 27 Flygvapnet
442 496 73 26 (1928:
528 496 39 26 13).

86 554 132 27 Frövaror;
234 563 22 14 se
275 556 120 21 Tulltaxan
411 556 71 26 (1924:
496 557 39 25 11).

86 614 300 27 Fullmaktsgranskning;
403 622 21 14 se
441 614 327 29 Riksdagsmannafullmakter.

87 674 255 38 Fullmaktsröstning.
1173 692 1 16 |

118 712 37 20 RD
170 711 70 21 avslår
256 711 81 20 motion
354 718 34 13 om
406 711 66 20 sådan
488 711 91 26 ändring
590 711 7 20 i
608 711 98 26 gällande
717 711 150 26 författningar
878 718 47 19 ang.
942 710 54 22 1921
1127 712 78 20 1TT)ED
1284 712 26 19 33
1490 712 68 20 22:43
1564 707 19 35 |
1584 712 83 20 27:61d

132 741 140 20 kommunala
290 741 39 20 och
346 741 101 26 politiska
462 741 42 24 val,
521 742 31 19 att
567 741 51 20 äkta
633 741 63 20 make
712 741 41 24 må,
770 743 38 18 när
824 741 103 20 makarna

132 773 35 18 äro
191 771 175 26 röstberättigade
389 771 7 20 i
413 770 149 24 valdistriktet,
583 770 35 21 vid
638 770 56 21 valet
710 772 26 25 på
752 771 68 26 grund
836 778 26 13 av
878 771 48 21 full-

132 801 60 20 makt
208 802 65 19 utöva
288 802 87 19 rösträtt
391 801 33 19 för
440 800 41 20 den
497 800 67 20 andra
580 801 83 19 maken.

144 836 23 17 Se
180 835 34 17 ock
229 835 40 18 Val
282 835 59 21 (1927:
350 835 21 21 2).

87 887 170 27 Fullmäktige,
273 889 130 26 riksdagens.

91 925 6 15 1
117 920 40 20 Val
181 926 26 14 av
232 919 85 20 valmän
341 920 39 19 och
402 919 139 26 suppleanter
560 919 32 20 för
607 919 102 20 utseende
725 926 26 13 av
767 919 136 26 fullmäktige
919 920 7 19 i
942 918 54 22 1921
1490 920 51 20 32:1
1558 916 27 35 |
1591 921 54 20 39:4

67 951 2 4 |
131 949 131 21 riksbanken
278 949 38 21 och
334 949 209 26 riksgäldskontoret.
1257 954 1 14 |
1428 954 2 4 I

1256 994 2 3 I
1428 990 2 15 I

89 1015 9 15 2
117 1009 41 20 Val
174 1016 26 13 av
217 1010 31 19 tre
264 1009 135 26 fullmäktige
416 1009 6 20 i
439 1008 129 20 riksbanken
584 1008 40 20 och
640 1010 30 19 tre
687 1009 142 26 suppleanter.
964 1016 8 10 »
1119 1013 2 11 I
1380 1004 50 37 299-1
1490 1009 54 20 44:2
1553 1005 28 36 |
1591 1010 68 20 54:63
1672 993 1 28 |

1119 1031 2 29 |
1385 1041 32 18 301
1428 1023 2 28 |

89 1074 9 15 3
119 1069 38 20 Val
182 1076 25 13 av
232 1069 35 20 två
285 1068 137 26 fullmäktige
437 1068 7 20 i
461 1068 204 26 riksgäldskontoret
680 1069 40 20 och
736 1070 31 19 tre
783 1068 143 27 suppleanter.
926 1064 14 36 |
965 1077 8 10 »
1321 1088 2 2 I
1379 1050 51 50 302-1
1490 1069 33 20 44:
1535 1074 9 15 3
1553 1065 28 35 |
1592 1070 67 19 54:64

1321 1095 2 9 I
1385 1101 34 17 304

90 1134 7 15 1
118 1129 40 20 Val
169 1135 26 13 av
207 1129 86 20 valmän
304 1129 39 19 och
355 1128 236 26 valmanssuppleanter
602 1128 32 20 för
645 1128 101 20 utseende
757 1135 26 14 av
791 1128 135 27 fullmäktige
942 1127 55 22 |1922
1119 1148 2 8 I
1214 1134 2 22 |
1321 1128 1 15 I
1492 1128 52 21 10:2
1556 1120 25 39 |
1593 1124 80 25 10:11]

132 1159 7 19 i
155 1158 131 21 riksbanken
302 1158 39 21 och
358 1157 210 27 riksgäldskontoret.
1119 1166 2 5 I
1215 1171 1 15 |
1429 1177 1 4 |
1672 1160 1 29 |

89 1224 9 14 2
118 1218 40 20 Val
174 1225 26 14 av
217 1220 31 18 tre
264 1218 136 26 fullmäktige
417 1218 6 20 i
440 1217 129 21 riksbanken
586 1218 39 20 och
641 1219 31 19 tre
688 1218 143 26 suppleanter.
965 1226 8 10 »
1215 1209 1 4 |
1322 1208 1 3 |
1380 1220 45 18 258-
1490 1218 52 20 42:1
1547 1204 35 45 |
1591 1208 82 32 50:24]

1385 1250 35 18 256
1672 1247 1 33 |

1322 1279 1 9 |

1322 1290 1 4 |
1672 1283 1 23 |

90 1313 9 15 3
118 1308 38 20 Val
182 1315 26 13 av
227 1307 126 21 ordförande
371 1308 39 20 och
427 1308 34 20 två
479 1307 134 26 fullmäktige
630 1307 6 20 i
652 1307 204 26 riksgäldskontoret
871 1310 56 18 samt|/|
958 1303 8 35 >»
1322 1302 1 18 |
1380 1310 45 17 257-
1489 1308 55 20 42:2
1557 1304 22 34 |
1592 1308 81 20 50:25
1657 1304 13 34 |

133 1339 30 19 tre
179 1338 144 26 suppleanter.
1385 1339 35 17 259
1672 1319 1 72 |

91 1402 6 15 1
118 1397 39 20 Val
181 1404 27 13 av
231 1397 86 20 valmän
341 1397 39 20 och
404 1396 138 27 suppleanter
560 1397 33 19 för
612 1396 101 21 utseende
729 1403 26 14 av
768 1396 135 26 fullmäktige
919 1398 7 19 i
942 1395 56 23 |1923
1321 1392 2 2 I
1428 1408 2 7 I
1491 1396 52 21 19:85:
1592 1397 81 20 119;:2=]

1672 1432 1 10 I

132 1427 129 20 riksbanken
278 1427 39 20 och
334 1426 209 26 riksgäldskontoret.
1428 1430 2 20 I

67 1508 2 5 |
90 1492 9 15 2
118 1486 39 21 Val
175 1493 25 14 av
217 1487 36 20 två
269 1486 136 26 fullmäktige
422 1486 6 20 i
445 1485 130 21 riksbanken
591 1486 39 20 och
647 1488 31 18 tre
694 1486 143 26 suppleanter.
965 1494 7 9 »
1380 1488 45 17 240-
1490 1486 33 20 38:
1534 1491 24 15 84
1560 1482 22 34 |
1590 1486 33 20 40:
1635 1491 24 15 95

67 1517 2 5 I
1385 1518 34 17 242
1672 1522 1 15 I

89 1581 10 15 3
118 1576 39 20 Val
182 1583 25 13 av
232 1578 30 18 tre
286 1576 136 25 fullmäktige
438 1576 7 19 i
461 1575 204 26 riksgäldskontoret
680 1576 39 20 och
736 1577 30 19 tre
783 1576 141 26 suppleanter.
929 1571 14 35 |
965 1584 7 9 >
1379 1577 51 33 P43-1
1490 1576 33 20 38:
1534 1580 24 16 84
1560 1571 23 35 |
1590 1576 34 20 40:
1635 1581 24 15 95

1385 1607 34 17 246

67 1664 1 4 |
91 1671 6 15 1
118 1665 39 20 Val
180 1672 26 13 av
229 1665 86 21 valmän
338 1665 40 21 och
402 1665 137 26 suppleanter
562 1665 32 20 för
610 1665 101 20 utseende
727 1672 26 14 av
768 1665 135 26 fullmäktige
919 1666 6 20 i
941 1664 57 22 1924]
1490 1665 52 21 2154
1591 1665 52 21 201

132 1695 131 20 riksbanken
279 1695 40 21 och
335 1695 210 26 riksgäldskontoret.

68 1754 1 3 |
90 1760 9 15 2
118 1755 40 20 Val
174 1762 26 13 av
217 1755 36 20 två
269 1755 137 26 fullmäktige
422 1755 7 19 i
445 1754 130 21 riksbanken
591 1754 40 21 och
647 1756 31 19 tre
694 1754 142 26 suppleanter.
965 1762 7 10 >
1380 1756 50 20 247-1
1490 1754 153 21 4Panll4Ea

1321 1796 1 3 I
1385 1786 34 17 249

67 1856 2 3 1
89 1850 10 14 8
118 1844 40 20 Val
182 1851 26 13 av
232 1845 35 19 två
286 1844 136 26 fullmäktige
438 1844 7 20 i
461 1843 204 27 riksgäldskontoret
680 1844 40 20 och
736 1845 31 18 tre
783 1844 142 26 suppleanter.
927 1839 18 35 |
964 1851 9 10 >»
1321 1841 2 15 |
1380 1845 44 18 250-
1490 1844 52 20 41:1
1551 1840 31 34 |
1590 1844 51 20 41:1

1065 1811 2 18 I

1065 1836 2 12 '

1065 1851 2 49 |
1385 1875 35 18 252

1066 1904 1 18 I

91 1938 7 15 1
118 1933 40 20 Val
183 1940 25 14 av
232 1933 86 21 valmän
342 1934 39 20 och
405 1933 137 27 suppleanter
560 1933 32 20 för
608 1933 102 21 utseende
726 1940 25 14 av
767 1933 136 26 fullmäktige
919 1934 6 19 i
942 1931 55 23 1925
1066 1924 1 34 |
1491 1933 53 21 10:06
1592 1933 52 20 -)515:8

132 1963 130 20 riksbanken
278 1963 39 21 och
334 1963 209 27 riksgäldskontoret.
1066 1960 2 47 |

89 2028 10 15 2
118 2023 41 20 Val
175 2030 26 14 av
217 2025 31 19 tre
263 2023 137 27 fullmäktige
416 2024 7 20 i
439 2023 130 21 riksbanken
585 2023 39 21 och
641 2025 30 19 tre
688 2023 142 27 suppleanter.
965 2030 8 10 »
1066 2008 2 72 |
1380 2025 42 17 284-
1490 2023 69 21 37:72
1564 2018 15 39 |
1582 2022 34 21 41:
1629 2028 44 25 106]

1386 2055 33 17 287
1672 2055 1 22 |
