1829 2349
183 245 70 20 Enkla
268 245 76 26 frågor.

211 281 32 20 Nr
257 281 13 20 2
286 281 58 25 (herr
360 281 106 23 Ericsson,
479 281 49 20 Carl
540 281 66 26 Eric):
618 281 55 26 Ang.
686 281 41 20 den
739 281 64 26 ryska
815 281 259 26 territorialvattengrän-

184 317 36 13 sen
236 311 6 19 i
258 307 120 29 Östersjön.

211 340 32 20 Nr
257 340 13 20 3
286 340 58 26 (herr
360 340 82 27 Domö):
458 341 55 25 Ang.
529 340 143 20 tidsschemat
687 340 33 20 för
734 340 145 20 avlämnande
894 346 28 14 av
937 340 73 26 kungl.
1027 346 48 20 pro-

183 370 125 26 positioner.

211 400 32 20 Nr
257 400 13 20 4
286 400 58 26 (herr
359 400 107 23 Ericsson,
480 399 50 21 Carl
542 400 66 26 Eric):
621 400 55 26 Ang.
689 400 97 20 resekort
798 400 71 20 såsom
881 400 144 26 legitimation
1038 399 36 20 vid

183 430 57 19 vissa
251 429 154 21 utlandsresor.

211 459 32 21 Nr
257 459 13 20 5
286 459 58 27 (herr
359 459 131 26 Holmbäck):
507 459 56 26 Ang.
581 459 73 26 kungl.
672 459 169 27 propositioners
858 459 145 20 avlämnande
1021 460 53 19 utan

183 489 103 26 samtidig
296 489 114 26 utdelning
421 489 6 20 i
438 489 123 20 kamrarna.

210 519 33 20 Nr
257 519 13 20 6
285 519 43 26 (fru
344 519 104 26 Ewerlöf):
464 520 54 25 Ang.
533 519 84 20 mindre
631 519 102 26 lämpliga
748 519 134 26 förprogram
896 519 37 20 vid
948 519 85 26 visning
1047 524 28 14 av

182 548 143 21 barntillåtna
336 549 77 20 filmer.

210 578 33 21 Nr
257 579 13 20 7
286 579 58 26 (herr
360 578 67 21 andre
445 578 47 21 vice
509 578 126 21 talmannen
655 578 122 27 Skoglund):
796 579 55 25 Ang.
869 578 102 26 åtgärder
988 579 33 19 för
1038 584 37 14 av-

182 608 119 27 hjälpande
310 614 29 15 av
350 608 82 20 bristen
442 609 28 26 på
480 608 110 27 taggtråd.

210 638 32 21 Nr
256 638 13 21 8
285 639 58 26 (herr
358 638 79 26 Ohlin):
447 638 55 26 Ang.
513 638 188 26 handläggningen
711 644 28 14 av
748 638 146 26 ansökningar
903 638 48 20 från
961 638 70 20 balter
1040 644 34 13 om

182 668 91 20 svenskt
291 668 192 26 medborgarskap.

210 698 32 20 Nr
256 698 13 20 9
285 698 58 26 (herr
356 698 88 20 Nilsson
459 698 6 19 i
475 697 134 27 Bästekille):
620 698 55 26 Ang.
686 698 168 26 användningen
864 703 29 15 av
902 703 26 14 en
939 697 34 20 del
983 703 28 14 av
1023 697 52 20 1948

182 728 34 19 års
229 728 149 26 potatisskörd
390 728 33 20 för
435 727 140 26 tillverkning
587 733 27 14 av
627 727 115 21 brännvin.

210 757 32 21 Nr
258 757 25 20 10
296 758 58 25 (herr
367 757 74 27 Ståhl):
454 758 55 25 Ang.
524 757 122 20 beredande
658 763 28 14 av
699 757 113 26 möjlighet
825 757 33 20 för
870 757 41 20 den
924 757 98 20 enskilda
1035 757 40 19 och

182 787 89 26 statliga
284 787 76 20 hotell-
373 787 40 20 och
426 787 222 26 restaurangrörelsen
661 788 34 19 att
708 787 58 20 bliva
780 787 162 26 representerad
956 787 5 19 i
974 787 101 19 turistut-

182 817 125 26 redningen.

210 846 32 21 Nr
258 847 22 20 11
299 847 58 26 (herr
371 846 144 21 Christensson
531 847 6 19 i
551 846 97 26 Malmö):
663 846 55 26 Ang.
733 846 99 20 tillstånd
846 846 34 20 till
894 846 139 26 ombyggnad
1047 852 27 14 av

182 876 166 26 färjestationen
365 877 40 19 och
422 876 181 26 tullpaviljongen
621 876 37 20 vid
675 872 215 24 Öresundsbåtarnas
907 875 145 27 tilläggsplats
1069 876 6 19 i

169 902 100 35 Malmö.
761 915 3 3 :

210 936 32 20 Nr
259 936 24 20 12
299 936 58 26 (herr
371 935 113 27 Nihlfors):
506 936 55 26 Ang.
583 936 41 19 den
645 941 28 15 av
695 935 42 20 RD
758 935 95 26 begärda
875 935 143 26 utredningen
1039 941 35 14 om

183 966 153 26 pensionernas
353 965 174 21 oantastbarhet.

210 995 32 21 Nr
258 995 25 21 13
298 995 59 26 (herr
372 995 79 26 Ohlin):
463 995 56 26 Ang.
532 995 131 26 upplysning
675 1001 35 14 om
722 995 57 20 vissa
791 995 108 26 åtgärder,
911 1001 46 14 som
969 994 106 27 vidtagits

182 1025 33 21 till
226 1025 71 26 skydd
308 1025 34 21 för
352 1025 93 21 svenska
456 1025 85 26 sjömän
553 1025 6 20 i
570 1025 75 26 polska
658 1025 91 20 hamnar
760 1031 28 14 m.
798 1031 29 14 m.

210 1055 31 20 Nr
258 1055 25 20 14
298 1055 44 26 (fru
358 1054 99 26 Boman):
472 1055 55 25 Ang.
542 1054 92 26 ändring
647 1060 29 14 av
689 1054 329 26 kaffetilldelningsperioderna.

209 1084 32 20 Nr
258 1084 24 20 15
298 1084 58 26 (herr
367 1084 88 20 Nilsson
468 1084 6 20 i
486 1084 134 25 Bästekille):
633 1084 55 26 Ang.
701 1084 171 25 differentiering
883 1090 28 13 av
923 1083 112 20 klientelet
1048 1084 26 25 på

182 1114 283 26 ungdomsvårdsskolorna.

210 1143 31 20 Nr
258 1143 25 20 16
298 1144 59 25 (herr
369 1143 82 26 Lager):
460 1144 55 25 Ang.
525 1143 43 20 viss
577 1143 130 26 utvidgning
715 1149 28 14 av
751 1143 27 20 de
786 1143 88 26 statliga
882 1143 192 20 subventionerna.

210 1173 32 20 Nr
258 1173 24 20 17
299 1173 58 26 (herr
368 1173 113 26 Nihlfors):
494 1173 55 26 Ang.
563 1172 116 21 lämnande
691 1178 28 14 av
732 1172 140 27 anvisningar
884 1173 12 19 å
909 1172 165 20 debetsedlarna

182 1203 12 20 å
206 1203 73 26 slutlig
290 1203 61 20 skatt
362 1203 34 20 för
406 1202 171 26 möjliggörande
588 1208 28 14 av
628 1202 95 20 kontroll
734 1208 28 14 av
773 1202 188 26 skattebeloppen.

211 1232 32 20 Nr
259 1232 25 20 18
300 1232 58 26 (herr
371 1232 139 26 Fagerholm):
523 1232 55 26 Ang.
591 1233 46 19 rätt
649 1234 34 18 att
696 1232 36 20 vid
745 1232 265 25 inkomstbeskattningen
1023 1233 51 24 göra

181 1262 83 26 avdrag
279 1262 34 20 för
328 1262 242 26 flyttningskostnader.

210 1292 32 20 Nr
258 1292 25 19 19
299 1292 58 25 (herr
371 1291 99 26 Håstad):
482 1291 55 26 Ang.
550 1291 41 20 den
603 1297 27 14 av
643 1291 42 20 RD
697 1291 94 26 begärda
803 1291 143 26 utredningen
958 1297 35 14 om
1005 1290 70 21 beslu-

182 1321 66 20 tande
267 1321 189 26 folkomröstning.

210 1351 31 20 Nr
256 1351 27 20 20
298 1351 85 25 (fröken
403 1350 81 27 Vinge):
501 1351 55 25 Ang.
574 1350 194 26 löneutredningen
785 1350 33 20 för
834 1350 239 20 biblioteksbiträdena.

210 1410 32 20 Nr
258 1410 8 20 1
285 1410 58 26 (herr
363 1410 106 23 Ericsson,
491 1410 49 20 Carl
561 1410 66 25 Eric):
648 1410 54 26 Ang.
723 1410 42 20 den
785 1410 64 26 ryska
870 1409 205 20 territorialvatten-

181 1442 92 24 gränsen
289 1440 6 20 i
311 1436 120 30 Östersjön.

210 1470 32 20 Nr
256 1470 13 20 2
285 1470 43 26 (fru
344 1469 243 26 Sjöström-Bengtsson):
604 1469 40 20 Om
660 1469 163 26 framläggande
838 1475 28 14 av
881 1469 80 26 förslag
976 1470 41 19 rör.
1032 1469 43 19 sin-

182 1499 164 20 nesslövårdens
363 1499 103 20 framtida
485 1499 153 26 organisation.

210 1528 32 21 Nr
256 1529 12 20 3
284 1529 59 25 (herr
355 1528 128 27 Lundgren):
498 1529 55 25 Ang.
568 1528 133 27 tidpunkten
716 1528 32 20 för
762 1528 122 20 beredande
898 1534 28 14 av
940 1528 43 20 viss
997 1529 78 19 ersätt-

182 1559 51 26 ning
242 1559 23 20 åt
274 1558 80 24 städer,
364 1564 46 15 som
420 1558 57 21 hålla
486 1558 119 27 statspolis.

209 1588 32 20 Nr
255 1588 13 20 4
284 1589 58 26 (herr
353 1588 125 26 Holmberg):
491 1588 55 26 Ang.
558 1588 168 26 igångsättande
737 1594 28 14 av
776 1588 125 26 vägbygget
912 1587 163 26 Sädvajaure—

182 1618 99 20 Graddis.

209 1647 32 21 Nr
256 1648 12 20 5
284 1648 58 25 (herr
358 1647 93 26 Wedén):
462 1648 55 26 Ang.
530 1647 135 27 uppförande
676 1653 28 14 av
715 1649 33 18 ett
759 1648 51 25 nytt
821 1647 91 26 posthus
922 1647 7 19 i
940 1646 133 21 Eskilstuna.

209 1677 31 20 Nr
255 1677 13 20 6
284 1678 58 25 (herr
355 1678 103 20 Svensson
472 1677 6 20 i
492 1677 139 26 Stenkyrka):
646 1677 55 26 Ang.
716 1677 100 26 uppskov
829 1677 7 19 i
849 1677 58 19 vissa
920 1676 38 20 fall
970 1676 34 20 för
1016 1676 59 26 jord-

182 1707 92 20 brukare
289 1707 49 20 med
353 1707 147 26 fullgörandet
514 1713 29 14 av
557 1707 147 20 innevarande
720 1707 34 20 års
768 1706 305 26 efterutbildningsövningar.

208 1737 32 20 Nr
255 1737 12 20 7
283 1737 59 26 (herr
350 1736 113 27 Nihlfors):
474 1737 55 25 Ang.
540 1737 102 26 åtgärder
650 1736 33 20 till
692 1736 155 20 förhindrande
854 1742 29 14 av
891 1737 35 19 att
935 1736 140 20 matematik-

181 1772 82 20 proven
280 1766 7 20 i
303 1766 258 26 studentskrivningarna
579 1766 29 20 bli
625 1772 28 14 av
670 1766 69 20 sådan
756 1766 183 26 svårighetsgrad,
956 1767 35 18 att
1007 1766 68 25 kugg-

181 1796 181 26 ningsprocenten
376 1796 41 20 blir
429 1796 109 20 onormalt
551 1796 49 26 hög.

208 1826 32 19 Nr
254 1825 13 21 8
283 1826 58 26 (herr
350 1826 108 25 Staxäng):
469 1826 55 25 Ang.
534 1825 164 26 förhandlingar
706 1825 50 20 med
765 1825 79 20 norska
853 1825 153 26 myndigheter
1015 1825 6 19 i
1030 1824 43 21 anl.

180 1861 28 14 av
220 1855 149 27 uppkommen
380 1855 55 20 tvist
447 1857 40 18 rör.
500 1855 160 20 fiskeområden
672 1855 33 20 för
717 1855 26 20 de
754 1855 93 20 svenska
859 1854 144 21 räkfiskarna.

208 1885 32 20 Nr
254 1885 13 20 9
282 1885 59 26 (herr
353 1884 75 27 Ståhl):
442 1885 55 26 Ang.
511 1884 125 27 skyldighet
648 1884 6 20 i
667 1884 58 20 vissa
738 1884 37 20 fall
788 1884 34 20 för
834 1884 145 26 polisdistrikt
991 1885 35 19 att
1039 1884 36 19 be-

180 1914 68 21 strida
265 1914 147 20 kostnaderna
430 1914 33 20 för
480 1914 92 27 polisens
589 1914 202 20 bostadstelefoner.

208 1944 32 20 Nr
256 1944 25 20 10
296 1944 59 26 (herr
368 1944 122 26 Dahlgren):
504 1944 55 26 Ang.
573 1950 26 14 en
612 1950 29 14 av
654 1944 43 20 RD
711 1944 80 26 begärd
805 1944 116 25 utredning
934 1949 35 14 om
982 1943 92 25 ändring

180 1980 28 13 av
220 1974 57 20 vissa
290 1974 163 20 bestämmelser
465 1974 6 19 i
483 1974 173 26 semesterlagen.

208 2003 32 21 Nr
256 2004 22 19 11
296 2004 58 26 (herr
367 2010 39 14 von
422 2003 103 26 Friesen):
540 2004 55 25 Ang.
610 2003 146 20 besvarandet
769 2009 28 14 av
815 2003 64 20 enkla
897 2003 73 25 frågor
986 2003 27 25 på
1031 2002 43 20 viss

180 2033 118 26 veckodag.

208 2063 31 20 Nr
256 2063 24 20 12
296 2063 58 26 (herr
366 2063 112 26 Nihlfors):
491 2063 55 26 Ang.
560 2062 164 27 uppsägningen
736 2068 28 14 av
776 2062 216 26 clearingnämndens
1003 2068 71 20 perso-

180 2092 42 20 nal.

1094 175 26 20 År

1229 156 91 16 Motioner

1501 167 57 16 Skriv.

1620 155 94 16 Protokoll

1224 209 32 16 FK
1263 205 19 30 |
1286 210 34 15 AK

1452 209 26 16 Nr

1519 196 22 11 nr

1598 209 32 16 FK

1696 209 35 16 AK

1094 280 28 20 49

1591 281 40 19 5:
1613 277 14 33 4

1590 339 55 21 8:25

1578 1408 52 19 LINA

1578 1466 30 20 16:
1622 1468 22 17 17

1576 1526 32 19 20:
1622 1528 22 16 16

1678 636 31 20 10:

1678 696 31 19 18

1679 755 30 19 13:

1676 844 32 19 23:

1676 1052 33 19 28:

1676 1081 33 20 30:

1676 1141 33 19 30:

1676 1230 33 19 31:

1676 1289 33 19 31:

1679 1734 30 19 14:

1678 1823 31 19 15:

1678 1882 31 19 16:

1678 1941 30 19 16:

1678 2000 30 20 18:
1720 2007 6 11 5

1678 2060 30 19 18:

1706 524 4 13 :
1722 519 24 18 13

1705 584 4 13 :
1722 579 23 17 15

1720 697 25 17 38

1721 757 24 17 23
