1825 2355
176 73 29 23 98

194 255 165 26 Avsöndringar,
376 255 152 26 försäljningar
544 255 35 20 och
597 255 125 26 upplåtelser
738 261 25 14 av
779 255 111 26 kronojord
905 261 27 14 m.
949 261 27 14 m.

194 291 167 20 markområden
378 291 6 20 i
402 291 120 26 Södertälje
539 291 40 20 och
596 291 66 20 Luleå
680 291 35 20 må
732 291 99 26 försäljas
848 291 27 26 på
893 291 26 19 de
936 291 84 22 villkor,
1038 297 45 13 som

193 321 90 26 angivas
296 321 6 20 i
315 321 26 20 de
354 320 37 21 vid
403 321 241 26 statsrådsprotokollet
656 321 77 26 fogade
746 321 95 20 avtalen.

223 369 61 20 Inom
300 365 151 30 Östergötlands
466 368 44 21 län:

221 404 19 21 9.
257 404 43 21 RD
309 405 117 26 medgiver,
436 406 35 19 att
480 405 26 19 de
515 404 59 20 inom
583 404 134 27 Linköpings
726 404 50 20 stad
785 404 91 26 belägna
885 404 200 26 lektorsprebende-

193 434 157 27 fastigheterna
363 434 143 26 stadsägorna
518 440 26 14 nr
555 434 62 23 2236,
630 434 61 24 2237,
705 434 54 20 2238
772 434 40 20 och
824 433 55 21 2239
891 434 36 20 må
939 434 34 20 för
984 435 33 19 ett
1029 440 56 14 sam-

193 464 99 26 manlagt
308 464 50 26 pris,
376 464 46 20 icke
439 464 169 26 understigande
624 464 40 20 326
674 464 41 20 500
731 464 39 23 kr.,
788 464 99 26 försäljas
903 463 33 21 till
952 464 133 26 Linköpings

193 494 57 20 stad.

222 523 32 21 10.
271 523 42 21 RD
329 523 117 27 medgiver,
462 525 35 19 att
511 523 33 21 till
560 524 97 20 Svenska
672 523 109 27 Aeroplan
796 524 39 19 AB
851 523 36 20 må
906 525 47 18 mot
968 529 26 14 en
1020 523 65 26 köpe-

193 553 92 27 skilling,
301 553 156 21 motsvarande
470 553 28 20 40
512 555 36 18 öre
562 559 38 20 per
613 553 166 20 kvadratmeter
792 553 51 21 eller
856 553 91 26 tillhopa
962 553 26 20 25
997 553 41 20 385
1052 553 32 20 kr.

193 583 100 26 försäljas
306 584 143 25 stadsägorna
463 589 26 14 nr
502 583 41 20 984
552 584 18 19 A
585 589 35 14 om
634 583 27 20 33
670 583 63 23 314,9
746 583 165 20 kvadratmeter
924 583 39 20 och
979 589 25 14 nr
1017 583 40 20 995
1066 583 18 19 A

193 619 35 14 om
247 613 27 20 30
285 613 60 24 147,6
364 613 171 23 kvadratmeter,
555 613 130 22 tillhörande
704 613 202 26 kronoegendomen
925 613 58 27 8/,,,
1001 612 83 20 mantal

194 643 99 26 Råberga
306 649 26 14 nr
343 643 13 20 5
368 643 7 20 i
387 643 133 26 Linköpings
533 643 57 20 stad.

223 685 61 20 Inom
299 685 134 26 Jönköpings
448 684 44 21 län:

222 721 32 20 11.
271 721 42 20 RD
324 721 117 26 medgiver,
453 722 34 19 att
498 727 26 13 en
535 721 7 20 i
552 720 132 27 fastigheten
695 720 99 21 Hättebo
806 721 21 19 14
838 720 5 20 i
855 720 87 27 Nydala
953 720 79 20 socken
1043 720 41 20 den

192 751 13 19 2
217 752 56 25 sept.
288 751 52 21 1929
353 750 103 27 beviljad,
469 757 28 14 av
509 751 84 20 kronan
606 751 110 19 innehavd
729 750 126 26 inteckning
867 750 12 20 å
891 750 13 20 8
913 750 41 20 752
965 750 32 20 kr.
1010 749 27 21 50
1049 751 35 19 öre

192 780 68 26 jämte
272 782 64 19 ränta
348 781 36 20 må
396 780 68 21 dödas
476 780 7 20 i
495 781 43 19 vad
551 780 41 20 den
604 780 103 21 besvärar
718 780 135 27 avstyckade
865 780 129 26 lägenheten
1006 780 79 20 Hätte-

193 810 28 20 bo
238 811 18 19 1.

222 840 32 21 12.
271 840 42 20 RD
324 840 118 26 medgiver,
453 842 41 22 att,
505 840 34 20 för
548 840 89 20 förvärv
647 845 77 21 genom
735 840 121 26 ägoutbyte
866 845 29 15 av
905 841 33 18 ett
948 839 136 26 Jönköpings

193 870 50 20 stad
256 870 107 26 tillhörigt
377 870 88 20 område
479 876 35 14 om
528 869 92 27 tillhopa
635 870 103 23 14,26495
752 870 84 23 hektar,
850 871 34 18 ett
896 869 56 20 efter
965 869 118 20 verkställd

192 899 114 27 gradering
324 899 120 27 likvärdigt
462 900 88 20 område
569 905 29 14 av
616 899 84 21 kronan
719 899 109 27 tillhöriga
848 899 40 20 och
907 899 68 20 under
994 899 90 20 domän-

192 929 87 21 verkets
295 929 134 27 förvaltning
444 930 90 20 stående
549 929 204 26 stadsägoområdet
768 935 25 14 nr
808 929 40 20 359
863 929 51 20 eller
929 929 34 20 del
978 935 28 14 av
1022 934 62 21 egen-

193 959 78 21 domen
284 956 134 29 Österängen
430 959 6 20 i
448 959 126 27 Jönköping
585 960 35 19 må
632 959 84 20 lämnas
728 959 6 20 i
746 959 79 26 utbyte
836 959 33 20 till
881 959 84 20 staden.

223 1001 61 20 Inom
301 1001 106 26 Göteborgs
419 1001 36 20 och
468 1001 72 20 Bohus
552 1001 44 20 län:

222 1037 31 19 13.
271 1037 42 19 RD
331 1037 118 25 medgiver,
467 1038 35 18 att
519 1037 204 25 kronoegendomen
743 1037 8 19 1
772 1036 84 20 mantal
874 1037 56 25 Berg
948 1042 25 14 nr
992 1037 9 19 1
1021 1036 39 26 (1)
1078 1036 6 19 i

193 1066 73 20 Kville
278 1066 86 23 socken,
377 1066 36 20 må
426 1065 33 21 för
471 1072 26 14 en
509 1065 144 27 köpeskilling
664 1072 29 14 av
705 1066 26 20 35
741 1065 40 21 500
793 1065 32 21 kr.
838 1065 106 26 försäljas.

222 1096 32 19 14.
271 1095 42 20 RD
325 1096 118 25 medgiver,
456 1097 35 18 att
502 1101 28 14 av
542 1096 203 25 kronoegendomen
759 1096 8 19 1
782 1095 84 20 mantal
879 1095 74 20 Rellen
966 1101 25 14 nr
1004 1095 9 20 1
1027 1094 39 27 (1!)
1078 1094 7 20 i

193 1125 54 20 Skee
266 1125 79 20 socken
363 1125 36 20 må
418 1125 100 26 försäljas
537 1125 165 26 huvudgården,
722 1125 122 20 betecknad
863 1125 71 19 såsom
953 1124 69 20 lotten
1041 1124 42 20 litt.

192 1155 94 20 A1loch
298 1155 47 20 A2.

223 1196 61 20 Inom
301 1193 110 29 Älvsborgs
426 1196 45 20 län:

222 1232 32 20 15.
271 1232 42 20 RD
331 1231 143 27 bemyndigar
490 1231 64 21 KM:t
570 1233 35 19 att
621 1232 116 25 godkänna
754 1231 79 20 mellan
850 1231 233 26 vattenfallsstyrelsen

193 1262 40 20 och
247 1261 97 21 Svenska
357 1261 158 27 flygmotorAB
530 1261 42 20 den
585 1261 13 20 3
612 1261 45 20 okt.
673 1261 53 20 1942
739 1261 78 20 träffat
830 1261 60 20 avtal
903 1267 36 14 om
958 1260 126 26 försäljning

192 1291 33 20 till
239 1291 87 26 bolaget
339 1297 29 14 av
381 1291 55 20 visst
449 1291 152 20 markområde
615 1291 6 20 i
635 1291 145 20 Trollhättan.

222 1333 62 20 Inom
300 1332 127 26 Skaraborgs
442 1332 44 20 län:

222 1368 32 20 16.
271 1368 42 21 RD
334 1368 117 27 medgiver,
472 1369 35 19 att
526 1368 7 20 i
553 1368 241 26 statsrådsprotokollet
814 1367 143 21 omförmälda
978 1367 59 21 delar
1056 1373 28 14 av

193 1398 126 20 hemmanet
335 1398 126 26 Brogården
478 1399 58 19 samt
552 1398 130 26 lägenheten
699 1398 158 26 Hederstorpet
874 1398 6 19 i
898 1398 67 20 Skara
982 1397 50 20 stad
1048 1398 35 19 må

192 1428 100 26 försäljas
304 1427 33 21 till
350 1428 132 26 Skaraborgs
494 1427 47 21 läns
553 1427 251 26 hushållningssällskap.

222 1458 32 20 17.
270 1457 43 20 RD
323 1457 117 27 medgiver,
451 1459 36 18 att
496 1457 118 26 stadsägan
624 1463 26 14 nr
659 1457 41 20 852
709 1457 18 20 B
738 1463 35 14 om
784 1457 76 23 3,2520
870 1457 84 23 hektar,
962 1456 122 27 avstyckad

192 1487 48 20 från
253 1487 119 26 stadsägan
384 1493 26 14 nr
421 1487 41 20 852
474 1493 29 14 av
515 1487 203 26 kronoegendomen
733 1487 8 19 1
756 1487 84 20 mantal
852 1486 195 26 Hospitalsgården
1059 1492 26 14 nr

195 1517 8 19 1
218 1517 6 19 i
237 1517 68 20 Skara
318 1517 56 23 stad,
387 1517 36 20 må
436 1517 34 19 för
481 1522 26 14 en
520 1516 143 27 köpeskilling
675 1522 29 14 av
716 1516 27 20 30
754 1516 38 20 174
804 1517 32 19 kr.
850 1516 99 26 försäljas
962 1516 32 20 till
1008 1516 76 20 Skara-

193 1547 63 26 borgs
268 1546 47 20 läns
327 1546 188 26 slakteriförening
528 1552 20 14 u.
559 1552 20 20 p.
589 1552 19 14 a.

223 1588 61 20 Inom
299 1584 74 24 Örebro
388 1588 44 20 län:

222 1623 32 21 18.
271 1623 42 21 RD
330 1623 118 27 medgiver,
466 1625 35 18 att
517 1623 203 26 kronoegendomen
740 1624 7 19 1
768 1623 83 20 mantal
868 1623 67 26 Ybby
952 1629 25 14 nr
993 1623 13 20 2
1023 1623 39 26 (2!)
1078 1622 7 20 i

193 1653 57 26 Viby
263 1653 79 20 socken
354 1653 36 20 må
402 1653 34 20 för
448 1653 26 20 67
484 1652 40 21 500
536 1653 32 20 kr.
582 1653 106 26 försäljas.

223 1683 31 20 19.
271 1683 42 20 RD
328 1683 118 26 medgiver,
461 1684 35 19 att
509 1683 203 26 kronoegendomen
727 1683 13 19 2
754 1682 84 20 mantal
853 1679 92 23 Översta
960 1688 26 14 nr
999 1682 12 20 5
1026 1682 39 26 (5!)
1079 1682 7 20 i

193 1712 126 27 Hallsbergs
337 1713 79 20 socken
434 1712 36 21 må
484 1712 34 20 för
531 1719 27 13 en
572 1712 143 27 köpeskilling
729 1718 28 14 av
772 1712 26 20 60
807 1712 41 20 280
861 1712 40 23 kr.,
917 1712 68 20 därav
999 1711 40 21 880
1053 1712 32 20 kr.

193 1744 77 24 utgöra
281 1742 225 27 gränsbestämnings-
517 1742 40 20 och
569 1742 260 26 avstyckningskostnad,
841 1741 107 27 försäljas.

222 1784 62 20 Inom
303 1784 163 20 Västmanlands
481 1784 45 20 län:

221 1819 33 21 20.
271 1819 42 21 RD
326 1820 117 26 medgiver,
456 1821 35 18 att
503 1825 28 15 av
543 1820 152 26 kronoparken
708 1819 196 26 Skinnskatteberg
915 1819 7 20 i
935 1819 151 20 Skinnskatte-

193 1850 62 25 bergs
265 1850 79 20 socken
360 1849 45 20 dels
419 1849 132 26 fastigheten
562 1849 126 20 Torrvallen
701 1849 21 20 13
732 1849 49 20 med
792 1849 114 26 undantag
916 1855 28 14 av
954 1850 33 18 ett
998 1848 87 20 område

192 1879 50 20 med
251 1885 26 14 en
287 1879 58 20 areal
354 1885 28 14 av
391 1879 100 26 omkring
499 1879 48 23 0,37
557 1879 84 23 hektar,
652 1879 45 20 dels
706 1879 40 20 ock
755 1879 157 26 fastigheterna
921 1878 125 20 Torrvallen
1058 1878 27 23 14,

192 1909 98 26 Mortorp
306 1909 21 20 19
341 1909 40 20 och
397 1909 21 19 17
432 1910 59 19 samt
505 1908 88 21 Grisnäs
608 1909 28 19 1!
650 1909 35 19 må
700 1909 71 20 såsom
785 1915 26 13 en
826 1909 42 19 lott
882 1908 49 20 med
946 1914 26 14 en
986 1907 58 21 areal
1058 1914 27 14 av

192 1938 145 21 tillsammans
351 1938 99 26 omkring
464 1938 63 23 88,45
541 1938 78 20 hektar
633 1938 106 26 försäljas.

221 1980 61 20 Inom
301 1980 184 20 Västernorrlands
500 1980 44 20 län:

221 2016 32 20 21.
271 2016 42 19 RD
331 2016 117 26 medgiver,
466 2017 35 18 att
518 2021 29 14 av
564 2015 204 26 kronoegendomen
785 2015 115 26 Trysunda
919 2021 25 14 nr
963 2015 8 19 1
991 2015 7 20 i
1016 2015 69 20 Nätra

193 2045 78 20 socken
287 2045 131 26 fastigheten
434 2045 115 26 Trysunda
563 2045 19 20 1?
593 2045 50 20 med
655 2045 52 20 därå
719 2045 100 26 befintlig
830 2044 175 27 kapellbyggnad
1017 2050 29 14 m.
1056 2050 28 14 m.

193 2075 35 20 må
240 2075 49 20 med
302 2075 41 20 den
355 2076 45 19 rätt
411 2075 84 20 kronan
506 2075 44 20 kan
562 2077 40 24 äga
614 2074 33 20 till
659 2075 127 19 densamma
798 2080 77 20 genom
888 2074 197 26 domänstyrelsens

193 2104 82 26 försorg
288 2106 53 18 utan
354 2104 102 26 vederlag
467 2105 109 19 överlåtas
588 2105 12 19 å
614 2105 69 19 Nätra
696 2104 132 26 församling.

1230 161 101 30 Motioner
1379 161 89 30 Utskott
1513 177 38 16 Skri
1632 165 94 16 Protokoll

1105 185 26 20 År
1127 181 14 33 |
1154 189 53 21 Prop.

1235 219 32 16 FK
1269 214 24 31 |
1297 219 35 16 AK
1354 219 86 16 [SmllAvd|
1464 219 25 16 Nr
1610 220 31 15 FK
1709 220 34 15 AK

1105 403 28 20 431
1163 403 38 20 174)
1246 415 27 2 —|
1311 403 122 20 —]10.]—1]
1471 403 26 20 :471
1523 403 40 20 302
1564 399 19 35 1
1588 404 33 20 23:
1634 405 23 18 17.1
1689 405 33 20 23:
1735 407 23 17 16

1115 529 8 12 »
1162 522 39 20 155")
1246 534 27 2 —]
1311 522 122 20 —]10:1-—]
1471 522 27 20 152
1522 522 98 20 1,307:1-23:
1632 524 25 17 49
1657 518 28 35 :|
1689 523 33 21 23:
1734 526 23 17 47

1160 554 41 21 pt
1185 550 19 29 5

1115 725 8 13 »
1174 719 26 20 52
1246 730 27 3 —|
1311 718 121 20 —|101—
1485 718 12 20 91
1524 719 96 19 106111:
1625 714 31 34 72
1661 714 22 34 |
1690 720 31 20 11:
1736 721 37 18 107

1114 844 9 13 »
1173 838 26 20 83
1245 849 28 2 —I
1310 849 27 2 —]I
1372 837 60 20 6/—1
1470 837 27 20 561
1524 838 96 20 132112:
1632 839 24 18 29
1661 833 22 34 |
1690 839 31 20 12:
1732 840 25 17 35

1115 1041 8 13 »
1138 1030 18 34 1
1162 1035 38 20 155
1208 1030 31 34 |
1245 1046 28 2 —|
1310 1034 122 20 —1101—]
1470 1034 91 20 5213071
1587 1034 33 20 23:
1632 1036 25 17 49
1661 1030 22 34 |
1688 1035 34 20 23:
1733 1037 24 18 47

1159 1065 42 22 pt
1185 1061 19 30 6

1115 1099 9 14 »
1162 1093 38 20 [155]
1245 1104 27 3 —J]
1311 1093 122 20 —]101—]
1471 1093 91 20 5213071
1587 1093 69 20 23:49
1661 1089 22 34 |
1688 1093 33 20 23:
1733 1095 24 18 47

1159 1125 41 21 pt
1184 1121 19 29 7

1114 1236 9 13 »
1176 1230 24 20 151
1245 1241 28 2 —I
1309 1241 28 3 —I
1372 1229 61 20 61—]
1471 1229 26 20 251
1536 1229 27 20 321
1601 1229 54 20 6:11
1660 1225 27 34 |
1702 1230 54 19 6:17

1115 1373 8 13 »
1138 1361 18 34 1
1161 1366 39 21 109]
1244 1378 28 3 —|
1310 1366 123 20 —1101—]1
1473 1365 183 21 141143112:67
1661 1361 22 34 |
1691 1366 67 20 13:50

1114 1462 9 13 »
1132 1450 23 36 |
1162 1456 39 20 155
1211 1450 28 36 |
1246 1467 27 2 —I
1310 1455 124 20 —1]101—]
1472 1455 90 20 521307
1588 1454 33 21 23:
1632 1457 25 17 49
1663 1450 19 36 |
1688 1455 33 20 23:
1733 1457 24 17 47

1158 1490 21 19 pt
1191 1487 11 18 8

1115 1622 86 20 ».|.155
1207 1607 36 50 |.
1246 1633 27 3 —]
1312 1621 122 20 —]10|—]
1471 1621 91 20 521.307
1561 1607 19 50 |
1587 1621 34 20 23:
1632 1623 24 17 49.
1688 1621 33 20 1,23:
1733 1623 24 17 47

1160 1654 42 21 pt
1185 1650 19 29 9

1116 1688 8 12 »
1136 1676 22 35 |
1163 1681 38 20 155]
1246 1693 27 2 —|
1311 1681 122 19 —J]101—]
1472 1680 90 20 521307]
1587 1680 33 20 23:
1632 1682 25 17 49
1661 1676 22 35 |
1689 1680 33 20 23:
1734 1682 23 18 47

1154 1715 21 20 pt
1187 1713 23 18 10

1116 1825 8 13 »
1138 1813 18 35 1
1163 1818 39 20 155
1210 1813 32 35 |
1246 1829 28 3 —|
1311 1817 123 20 —H0OIl—1]
1472 1817 91 20 521307
1588 1817 33 20 123:
1633 1819 24 17 49
1665 1813 18 35 |
1688 1817 34 20 23:
1733 1819 24 17 47

1154 1852 21 19 pt
1187 1851 21 16 11

1115 2021 8 12 »
1129 2000 26 50 |
1163 2014 38 20 155
1217 2000 26 50 |
1246 2025 27 3 —]
1311 2013 116 20 —1]10|—
1426 2000 26 50 |
1472 2013 91 20 521307
1588 2013 32 20 |'23:
1632 2015 24 17 49
1664 2000 19 50 |
1688 2013 33 20 23:
1733 2016 23 17 47

1154 2048 21 19 pt
1187 2046 22 17 12
