1846 2357
908 154 136 16 SAKREGISTER

195 432 178 27 Dyrtidstillägg.

238 463 61 20 KM:t
314 464 36 19 må
368 463 85 20 utfärda
473 463 26 21 de
518 466 97 18 närmare
631 463 136 25 föreskrifter,
784 470 46 14 som
847 464 32 20 för
895 464 137 26 tillämpning

238 500 26 13 av
280 493 123 20 förberörda
418 493 110 21 allmänna
543 494 92 26 grunder
650 494 33 20 för
698 493 161 27 ifrågavarande
875 493 157 27 dyrtidstillägg

238 524 36 19 må
285 523 96 21 befinnas
392 523 145 26 erforderliga;
549 524 40 20 och
600 524 114 26 medgives,
726 525 31 19 att
768 524 22 20 åt
800 524 231 26 lärarinnepersonalen

238 553 35 20 vid
304 553 328 21 Fredrika-Bremer-förbundets
661 553 335 27 lanthushållningsseminarium
1020 554 12 20 å

239 583 106 20 Rimforsa
368 584 36 20 må
426 584 25 20 fr.
472 591 17 13 o.
509 591 28 13 m.
558 584 41 20 den
617 584 10 20 1
644 584 41 26 juli
702 583 56 21 1926
775 584 40 20 och
831 583 117 21 tillsvidare
964 584 68 20 under

239 613 124 26 budgetåret
380 612 125 28 1926/1927
522 615 51 25 utgå
588 614 159 26 'dyrtidstillägg
760 614 7 20 i
778 614 144 26 huvudsaklig
938 616 93 18 överens-

238 643 123 21 stämmelse
376 643 50 21 med
442 644 26 20 de
479 644 109 20 allmänna
599 644 97 26 grunder,
709 650 45 14 som
766 644 33 20 för
809 650 83 14 samma
903 644 31 20 tid
945 644 87 20 komma

238 675 31 19 att
284 673 56 26 gälla
357 674 130 20 beträffande
504 674 148 21 motsvarande
665 674 98 26 personal
775 674 35 20 vid
821 674 210 24 lanthushållsskola,

238 704 39 19 och
293 704 87 26 jämlikt
396 704 26 20 de
439 706 96 19 närmare
551 704 138 25 föreskrifter,
706 711 45 14 som
768 704 61 20 KM:t
842 704 43 20 kan
896 704 33 20 för
939 704 92 27 tillämp-

237 734 52 26 ning
312 740 26 14 av
362 734 64 26 sagda
447 734 93 26 grunder
556 734 57 20 finna
630 734 144 26 erforderliga;
792 734 39 20 och
843 734 83 21 anvisas
937 734 33 20 för
980 734 51 20 bud-

237 764 80 25 getåret
341 762 126 29 1926/1927
491 765 33 20 för
546 771 29 14 nu
592 765 91 26 angivna
699 764 100 21 ändamål
815 766 31 19 ett
861 766 59 19 extra
935 764 96 26 förslags-

237 794 74 26 anslag
326 800 26 14 av
369 794 42 21 125
421 793 42 21 000
480 794 30 20 kr.

194 859 10 14 9
222 854 37 20 RD
280 854 114 26 medgiver,
414 856 31 19 att
463 854 71 21 därest
552 854 26 21 de
594 855 232 24 distriktsveterinärer,
843 854 33 20 till
893 854 67 21 vilkas
976 854 55 20 avlö-

237 884 51 26 ning
307 884 92 20 lämnats
415 884 135 26 statsbidrag,
567 885 33 19 för
616 884 58 21 tiden
692 885 10 20 1
719 885 41 26 juli
778 884 116 21 1926—30
909 884 49 27 juni
975 883 55 21 1927

237 914 88 20 beredas
348 914 158 27 dyrtidstillägg
521 915 13 19 å
549 914 49 21 dem
624 915 48 20 från
694 914 157 21 vederbörande
867 914 108 26 landsting
990 914 41 20 till-

238 944 130 20 kommande
384 944 106 26 avlöning,
507 944 158 27 dyrtidstillägg
680 952 26 14 av
722 944 123 21 statsmedel
859 945 37 20 må
905 945 34 20 för
949 951 83 14 samma

237 974 32 20 tid
284 974 34 20 till
334 974 49 20 dem
395 975 51 25 utgå
456 974 50 21 med
516 975 150 20 motsvarande
677 975 62 20 andel
751 982 26 13 av
788 974 155 26 statsbidraget,
955 974 76 21 ålders-

237 1004 73 26 tillägg
333 1004 46 20 däri
402 1005 133 25 inberäknat,
555 1005 54 20 dock
625 1005 50 20 med
690 1005 62 26 högst
768 1011 26 14 en
810 1004 104 27 tredjedel
930 1011 26 14 av
972 1006 58 18 stats-

236 1034 138 25 avlöningen;
391 1035 40 19 och
447 1035 84 20 anvisas
545 1035 33 19 till
591 1035 135 20 bestridande
737 1042 26 13 av
774 1035 143 20 kostnaderna
927 1035 33 19 för
970 1034 62 21 dessa

236 1063 158 27 dyrtidstillägg
409 1066 37 24 gör
462 1064 124 25 budgetåret
604 1063 125 28 1926/1927
747 1065 30 20 ett
793 1066 60 19 extra
868 1064 164 26 förslagsanslag

236 1100 26 14 av
280 1093 26 21 76
315 1093 42 21 000
374 1093 30 21 kr.

180 1158 24 15 10
222 1153 42 20 Till
280 1154 116 25 ersättning
411 1154 34 20 för
460 1155 80 19 statens
556 1153 112 21 domäners
681 1154 52 20 fond
745 1154 32 20 för
787 1160 77 20 genom
875 1153 157 27 dyrtidstillägg

236 1183 68 21 ökade
323 1183 89 26 utgifter
430 1184 33 20 för
482 1183 75 27 tillsyn
573 1184 12 19 å
601 1183 109 21 enskildas
726 1184 158 26 skyddsskogar
899 1183 84 21 anvisas
999 1183 33 20 för

237 1213 124 26 budgetåret
378 1212 126 29 1926/1927
521 1215 31 19 ett
567 1215 60 19 extra
642 1214 164 26 förslagsanslag
821 1220 27 14 av
865 1213 26 20 17
901 1213 43 21 300
960 1213 30 20 kr.

180 1278 21 15 11
221 1273 37 20 RD
282 1273 123 26 godkänner
428 1273 91 27 ändring
536 1274 8 19 i
560 1273 190 21 bestämmelserna
773 1280 47 19 ang.
837 1273 158 27 dyrtidstillägg
1010 1273 22 19 åt

236 1303 215 26 befattningshavare,
475 1303 94 21 hörande
592 1303 68 21 under
684 1303 32 21 9:e
732 1304 46 24 HT,
796 1305 31 19 att
842 1303 65 20 lända
923 1303 31 20 till
971 1303 60 20 efter-

236 1333 85 20 rättelse
338 1333 24 20 fr.
380 1340 19 13 o.
416 1340 28 13 m.
463 1333 40 21 den
521 1333 11 20 1
549 1333 41 27 juli
608 1333 62 20 1926.

182 1523 21 14 12
222 1518 37 19 RD
275 1517 114 26 medgiver,
407 1519 31 18 att
453 1517 68 20 under
536 1517 59 20 tiden
613 1517 9 20 1
640 1517 42 26 juli
700 1516 115 21 1926—30
825 1517 48 26 juni
886 1516 55 20 1927
953 1517 36 19 må
1000 1516 32 20 till

238 1547 224 21 distriktslantmätare
486 1547 40 20 och
550 1549 60 18 extra
632 1547 128 20 lantmätare
783 1546 49 21 med
856 1546 83 24 arvode,
959 1548 74 19 utöver

237 1577 158 26 dyrtidstillägg
410 1577 28 26 på
454 1577 68 26 grund
538 1584 25 13 av
581 1577 35 20 lön
633 1577 51 20 eller
699 1576 84 25 arvode,
800 1584 26 13 av
842 1576 124 21 statsmedel
982 1577 51 25 utgå

237 1607 93 20 tillskott
345 1607 71 20 därtill
433 1608 28 25 på
476 1607 69 26 grund
561 1613 25 14 av
602 1607 120 20 inkomster
732 1607 33 20 för
776 1607 71 20 arbete
858 1606 66 26 enligt
935 1606 97 26 gällande

237 1637 180 25 lantmäteritaxa,
439 1637 119 20 beräknade
573 1637 34 20 för
622 1636 224 21 distriktslantmätare
863 1636 32 20 till
911 1637 14 19 4
935 1636 41 20 000
993 1636 38 24 kr.,

237 1667 32 20 för
293 1669 60 18 extra
375 1667 126 20 lantmätare
526 1666 50 21 med
594 1667 77 21 arvode
688 1673 35 14 om
741 1667 11 19 2
763 1666 42 21 000
821 1667 31 19 kr.
869 1666 34 20 till
920 1666 12 20 3
942 1666 42 20 200
1000 1666 31 20 kr.

237 1697 39 20 och
292 1697 34 20 för
341 1698 60 19 extra
417 1697 127 20 lantmätare
560 1696 49 21 med
625 1696 77 22 arvode
718 1703 35 14 om
771 1696 64 21 1500
852 1696 51 20 eller
920 1695 64 21 1000
1000 1696 31 20 kr.

237 1727 33 19 till
290 1727 65 20 2400
375 1727 39 24 kr.,
431 1727 39 20 allt
485 1727 33 20 för
534 1728 22 19 år
572 1727 85 24 räknat;
675 1727 38 20 och
730 1726 108 27 medgives
855 1728 31 19 att
901 1726 33 20 för
950 1732 82 14 samma

237 1756 31 21 tid
290 1758 35 19 må
349 1757 33 20 till
406 1759 60 18 extra
489 1757 127 20 lantmätare
640 1759 52 18 utan
709 1756 76 21 arvode
802 1763 25 13 av
843 1756 123 21 statsmedel
983 1756 50 25 utgå

237 1786 91 21 tillskott
346 1787 34 20 till
395 1787 119 20 inkomster
529 1787 32 20 för
580 1787 71 20 arbete
667 1787 66 25 enligt
748 1786 196 25 lantmäteritaxan,
961 1786 71 20 beräk-

236 1816 55 21 nade
314 1817 33 20 till
372 1817 64 20 2400
460 1817 30 20 kr.
514 1817 33 20 för
570 1817 31 24 år;
619 1817 38 20 och
673 1816 105 21 förklarar
793 1816 44 24 RD,
855 1817 30 19 att
901 1815 142 21 beträffande
1028 1811 14 34 |

237 1846 98 25 tillskott,
359 1853 46 14 som
430 1853 29 14 nu
483 1849 93 22 nämnts,
593 1846 26 21 de
635 1846 109 26 angående
760 1846 157 27 dyrtidstillägg
932 1846 33 20 för
980 1847 51 19 mot-
1031 1834 10 40 |

237 1877 102 20 svarande
363 1877 32 20 tid
418 1877 98 25 gällande
540 1876 161 21 bestämmelser
724 1876 60 21 skola
800 1877 6 19 i
823 1876 128 27 tillämpliga
964 1868 66 43 delar
1030 1872 13 35 |

237 1906 64 21 lända
320 1907 33 20 till
373 1907 146 24 efterrättelse,
536 1906 50 21 med
602 1908 42 19 rätt
659 1906 33 20 för
707 1906 61 20 KM:t
784 1908 31 18 att
831 1905 98 21 meddela
945 1905 26 20 de
987 1907 56 18 när-|

237 1943 57 13 mare
313 1936 138 25 föreskrifter,
471 1943 46 14 som
537 1936 74 20 kunna
629 1943 51 13 vara
696 1936 136 25 erforderliga
847 1936 33 20 för
895 1935 138 26 tillämpning

236 1973 26 13 av
279 1966 61 21 dessa
355 1966 171 24 bestämmelser;
544 1967 39 19 och
599 1966 109 26 medgiver
723 1966 44 25 RD,
785 1968 31 18 att
828 1966 61 19 KM:t
899 1966 36 19 må
945 1967 39 24 äga
994 1966 37 23 att,

236 1996 50 20 med
302 1996 138 27 tillämpning
456 1997 6 19 i
479 1996 40 20 den
536 1997 50 19 mån
603 1996 23 20 så
640 1996 42 20 kan
693 1996 37 20 ske
742 2003 26 13 av
779 1995 26 21 de
816 2002 47 19 ang.
875 1995 158 26 dyrtidstillägg

236 2026 98 25 gällande
350 2026 98 26 grunder,
466 2026 33 20 för
514 2033 83 13 samma
614 2025 31 21 tid
659 2026 98 26 medgiva
768 2025 92 21 tillskott
872 2032 25 13 av
908 2024 123 21 statsmedel

236 2056 81 26 jämväl
337 2057 21 19 åt
378 2056 279 20 kommissionslantmätare
674 2056 39 20 och
729 2056 45 20 vice
790 2054 252 27 kommissionslantmär
1029 2050 15 37 |

1146 210 79 26 Ro
1306 210 7 1 &
1504 210 69 32 RER
1594 211 109 2 se
1718 211 28 2 a

1122 235 36 17 ot
1480 238 5 15 |
1521 231 30 12 Riks.

1069 248 88 28 SS
1222 273 3 3 :
1337 239 94 42 Utskotts-
1480 258 1 14 |
1494 255 72 22 dagens
1625 256 116 17 Kamrarnas

1069 274 94 30 FR
1180 272 101 20 Motioner
1275 268 11 39 |
1325 273 111 17 utlåtanden
1446 268 21 39 —
1480 276 5 10 |
1508 285 47 18 skri
1609 286 145 18 förhandlingar

1069 308 17 12 2
1122 293 41 32 25
1280 293 1 31 |
1302 303 46 17 eller
1360 303 99 18 memorial
1480 294 5 30 |
1507 315 56 17 RR
1721 292 11 16 5

1069 325 11 11 a
1122 325 41 14 |G
1480 328 5 19 |
1500 320 60 13 velser

1122 337 72 23 lif
1582 353 97 2 fr

1068 369 17 11 &
1122 361 35 17 2
1295 363 57 24 gel
1428 364 1 20 |
1449 371 36 19 2)
1535 367 2 2 |
1551 371 16 19 2)
1597 370 68 18 Första
1673 359 20 38 |
1698 371 65 17 Andra

1069 384 11 9 2
1122 379 35 41 FS
1183 381 33 17 pe
1281 353 41 78 El
1336 387 17 25 å
1390 380 17 28 :
1428 398 1 28 |
1455 388 6 32 CT
1480 392 1 35 |
1503 381 16 27 ä
1535 381 2 46 |
1551 392 17 25 &
1567 388 13 33 |
1594 394 71 18 kamm.
1679 416 1 7 |
1695 395 70 18 kamm,

1171 435 2 47 |
1225 435 2 30 |
1321 435 1 8 T
1428 435 1 14 T
1535 436 2 6 T

1047 460 55 35 1926
1171 485 2 17 |
1225 466 2 16 I
1428 462 1 22 |

1171 506 2 31 br
1678 502 2 35 |

1478 556 2 3 I
1678 540 1 6 |

1171 566 2 23 PS
1427 569 1 7 Jr
1478 562 2 15 slS

1225 592 1 27 a
1361 595 2 46 |
1427 600 1 7 |

1171 625 2 15 ln

1225 647 1 14 I
1279 643 1 25 |
1361 643 2 29 |

1225 675 1 9 |
1361 673 2 6 I

1279 681 1 16 I
1361 683 2 9 I
1677 692 2 7 I

1225 687 1 41 läg
1285 680 58 57 Ska

1225 739 1 38 |
1320 748 1 4 |
1361 727 2 15 I

1320 744 43 56 rg

1225 801 1 8 |
1278 808 2 8 I
1361 802 2 38 |

1225 826 1 30 |
1361 841 2 7 I
1427 838 1 10 I

1119 853 41 21 ln
1225 867 1 24 |
1285 855 25 20 KON
1405 854 23 37 11
1448 860 23 15 6119
1491 854 73 21 Als31
1597 856 67 21 19:17
1664 850 20 38 |
1697 850 32 38 20:
1741 861 25 15 26

1116 883 46 37 p-53
1225 892 1 17 |
1361 886 2 24 |

1278 945 85 22 ökade
1534 935 2 33 |

1282 950 35 34 ANS
1427 971 1 10 I
1534 969 2 8 I

1225 995 1 3 |
1278 983 2 16 I
1362 983 1 11 I
1427 990 1 10 I
1534 978 2 24 I

1278 1001 2 15 I

1225 1010 1 22 |
1361 996 2 52 |
