1806 2325
761 62 222 19 SAKREGISTER

1631 62 37 19 589

93 249 120 20 Jordbruk

95 285 21 14 11

95 403 23 15 12

96 463 22 15 13

96 641 24 14 14

95 1266 23 14 15

137 279 39 20 RD
194 279 124 25 medgiver,
337 279 33 20 att
387 279 38 20 det
442 278 36 20 för
494 278 137 25 budgetåret
648 277 92 21 1953/54
756 277 109 20 anvisade
881 277 98 20 investe-

137 309 171 25 ringsanslaget
323 309 35 20 till
373 308 135 25 ytterligare
523 308 89 25 lagring
628 314 27 14 av
670 307 256 25 jordbruksprodukter
941 306 38 20 må

137 339 75 20 under
225 338 137 25 budgetåret
378 338 89 20 1960/61
483 338 119 20 användas
616 337 36 20 för
666 338 37 20 det
717 337 51 20 med
783 337 103 25 anslaget
900 336 78 21 avsed-

137 369 29 20 da
177 368 140 21 ändamålet.

136 398 45 20 Till
191 398 143 25 jordfonden
344 398 93 20 anvisas
448 397 13 20 4
469 397 42 20 000
520 397 42 20 000
573 397 34 20 kr.

138 458 38 20 RD
194 458 117 25 medgiver
328 457 26 20 K.
370 457 45 21 M:t
430 458 34 20 att
479 457 93 25 vidtaga
587 457 151 25 erforderliga
754 456 106 25 åtgärder
876 456 36 20 för
927 456 51 20 stöd

138 488 24 20 åt
173 488 109 25 odlingen
295 488 43 20 och
350 487 157 25 beredningen
519 493 28 14 av
559 487 32 20 lin
603 487 44 20 och
659 487 86 24 hampa
757 487 74 19 under
843 486 135 25 reglerings-

138 517 49 20 året
200 517 89 21 1960/61
303 518 43 19 och
358 517 102 20 besluter
471 518 34 19 att
516 518 33 19 ett
560 517 83 24 belopp
654 523 28 13 av
694 516 62 20 1500
766 516 41 20 000
820 516 34 20 kr.
866 516 36 20 får
913 517 65 24 tagas

137 547 7 20 i
160 546 103 25 anspråk
279 546 36 20 för
330 546 179 25 ifrågavarande
524 546 109 20 ändamål
648 552 28 14 av
690 545 144 25 tillgängliga
848 546 74 20 medel
937 551 42 14 un-

137 577 41 19 der
189 577 38 20 det
239 576 12 20 å
263 576 86 20 nionde
359 576 149 20 huvudtiteln
519 577 119 24 upptagna
649 575 261 25 reservationsanslaget
921 575 58 25 pris-

137 606 135 25 reglerande
282 606 107 25 åtgärder
399 606 29 25 på
437 606 152 24 jordbrukets
597 605 102 21 område.

139 636 38 20 RD
191 636 124 25 medgiver,
327 636 34 20 att
373 635 92 20 stödlån
477 636 52 19 med
541 635 46 20 anl.
600 641 27 14 av
640 635 55 20 1959
707 635 37 20 års
757 635 171 20 skördeskador
941 634 38 20 må

137 666 118 20 utlämnas
274 666 7 19 i
300 665 102 25 enlighet
420 666 51 19 med
490 665 62 20 vissa
569 665 109 25 grunder,
696 665 79 20 varvid
793 664 132 21 räntefoten
942 664 37 21 be-

138 696 111 19 stämmes
264 696 34 19 till
313 695 49 24 5,75
375 695 32 23 2,
422 695 116 25 medgiver
552 696 33 19 att
598 694 164 25 behållningen
777 695 12 19 å
803 694 74 20 under
892 694 86 20 fonden

138 725 36 20 för
190 725 181 20 låneunderstöd
387 725 142 23 redovisade,
544 725 73 19 under
632 724 111 20 rubriken
758 724 86 20 fonden
859 724 36 20 för
910 729 69 19 supp-

138 755 113 20 lementär
266 754 206 25 jordbrukskredit
488 754 63 20 förut
566 754 110 20 anvisade
691 754 236 25 investeringsanslag
942 753 37 20 må

137 784 120 21 användas
275 784 35 20 till
328 784 150 20 bestridande
496 789 28 14 av
541 784 158 20 kostnaderna
716 783 37 20 för
771 783 129 24 stödlånen,
918 783 62 20 med-

137 814 71 25 giver,
219 815 33 19 att
262 814 82 25 bidrag
355 814 34 20 till
400 813 163 25 jordbrukare,
573 813 63 20 vilka
646 814 26 19 är
681 814 7 19 i
698 813 74 21 behov
783 813 71 20 därav
864 813 30 25 på
903 813 75 25 grund

137 849 28 15 av
180 843 56 21 1959
251 843 38 21 års
304 843 179 24 skördeskador,
499 843 37 20 må
550 843 118 20 utlämnas
682 843 7 20 i
703 843 157 25 huvudsaklig
874 843 105 20 överens-

137 873 135 21 stämmelse
288 874 52 19 med
357 873 62 20 vissa
443 873 126 24 riktlinjer,
593 872 116 26 medgiver
734 874 33 20 att
790 874 33 19 ett
845 873 83 25 belopp
952 879 28 14 av

139 903 26 20 10
174 903 42 20 400
226 903 42 20 000
280 903 34 20 kr.
326 903 38 20 må
375 903 81 20 ställas
467 903 35 20 till
514 903 137 25 förfogande
663 903 35 20 för
710 903 149 20 utbetalande
870 909 28 14 av
909 903 70 25 sagda

137 933 88 25 bidrag,
237 933 124 25 medgiver,
372 934 33 19 att
416 933 159 20 kostnaderna
585 933 36 19 för
631 932 111 25 bidragen
753 932 38 20 må
800 932 115 21 bestridas
927 933 52 20 med

138 962 41 21 400
189 962 42 21 000
244 963 34 19 kr.
291 969 28 14 av
330 963 27 20 de
370 963 81 23 medel,
463 968 50 15 som
525 962 103 20 anvisats
640 962 13 20 å
664 962 38 20 det
713 962 13 20 å
738 962 126 21 riksstaten
876 963 36 19 för
922 962 57 20 bud-

137 992 88 25 getåret
240 992 91 21 1959/60
345 993 74 19 under
433 992 85 20 nionde
531 992 148 20 huvudtiteln
693 993 118 24 upptagna
827 992 104 25 anslaget
944 992 35 20 till

137 1023 139 24 gottgörelse
288 1022 35 20 till
336 1022 139 25 jordbruket
487 1022 37 20 för
536 1028 28 14 av
575 1022 52 20 dess
639 1023 96 19 utövare
746 1022 78 25 erlagd
837 1022 142 25 energiskatt

137 1052 36 20 för
191 1052 203 25 motorbrännolja
410 1052 35 20 till
463 1052 123 24 traktorer,
603 1052 12 20 5
626 1052 41 20 000
676 1052 42 20 000
736 1052 34 20 kr.
787 1058 28 14 av
832 1052 81 24 medel,
930 1058 49 14 som

136 1082 92 20 influtit
246 1087 84 20 genom
349 1082 149 25 upptagande
518 1088 28 14 av
565 1081 199 26 införselavgifter
781 1082 30 25 på
829 1082 150 25 jordbrukets

136 1111 96 21 område
248 1112 75 20 under
339 1112 183 25 regleringsåren
540 1111 222 24 1956/57—1958/59,
778 1118 70 14 varav
864 1112 12 20 3
886 1112 41 20 000
937 1112 41 20 000

137 1142 35 20 kr.
188 1141 54 20 från
258 1141 198 26 införselavgifter
471 1141 37 20 för
522 1141 101 20 brödsäd
638 1142 44 19 och
697 1141 12 20 2
719 1141 42 20 000
770 1142 41 20 000
827 1142 34 20 kr.
878 1141 53 21 från
945 1142 34 19 in-

137 1171 172 26 förselavgifter
328 1171 36 20 för
382 1171 120 20 köttvaror
520 1173 61 19 samt
599 1171 12 20 5
620 1171 93 21 000000
732 1171 34 21 kr.
784 1178 28 13 av
829 1172 81 23 medel,
929 1177 50 15 som

136 1201 75 20 under
228 1201 178 25 regleringsåret
423 1201 91 21 1959/60
529 1201 96 25 inflyter
640 1206 83 20 genom
739 1201 148 25 upptagande
902 1208 28 14 av
946 1202 33 20 in-

137 1231 173 25 förselavgifter
320 1231 36 20 för
366 1231 149 20 fodermedel.

137 1260 39 20 RD
193 1261 136 24 godkänner
345 1261 102 25 grunder
463 1260 36 20 för
514 1267 28 14 en
558 1260 134 26 utjämning
708 1267 28 14 av
751 1260 105 25 priserna
873 1261 29 24 på
917 1261 62 20 vissa

137 1291 7 19 i
158 1296 66 19 prop.
239 1296 28 14 nr
283 1291 41 20 153
338 1290 96 21 särskilt
448 1290 106 25 åsyftade
568 1290 247 25 jordbruksreglerade
828 1297 75 18 varor,
916 1291 63 20 vilka

136 1320 64 20 inom
216 1320 266 20 livsmedelsindustrien
496 1320 118 20 användes
628 1320 38 20 vid
681 1320 179 25 tillverkningen
875 1327 28 14 av
918 1321 61 19 vissa

138 1350 100 25 angivna
251 1350 128 25 produkter
392 1350 43 20 och
448 1350 62 25 giver
525 1350 6 20 i
544 1350 46 20 anl.
603 1356 28 14 av
643 1350 114 20 motioner
770 1355 52 20 ang.
835 1350 144 25 råvarupris-

137 1379 135 26 utjämning
286 1379 36 20 för
333 1380 88 25 bageri-
433 1380 44 20 och
489 1380 188 20 konditorivaror
689 1380 6 20 i
708 1380 128 20 allmänhet
847 1381 8 19 i
868 1380 111 20 skrivelse

138 1409 34 20 till
187 1410 26 19 K.
227 1410 45 20 M:t
287 1415 50 14 som
351 1410 36 19 sin
401 1410 94 24 mening
507 1410 116 20 tillkänna
635 1410 44 20 vad
693 1410 114 20 utskottet
820 1410 78 20 anfört
911 1411 7 19 i
932 1411 46 19 äm-

137 1440 49 22 net;
199 1439 43 20 och
253 1439 78 20 avslår
344 1439 39 20 RD
395 1439 115 20 motioner
521 1444 51 20 ang.
584 1439 270 26 råvaruprisutjämning
865 1440 36 20 för
912 1440 67 20 malt-

136 1469 43 19 och
198 1469 296 25 läskedrycksindustrien;
513 1469 43 20 och
574 1469 93 20 anvisar
685 1469 39 20 RD
743 1470 34 19 till
795 1470 184 24 prisreglerande

137 1498 108 26 åtgärder
258 1498 30 26 på
300 1499 152 24 jordbrukets
465 1499 95 20 område
574 1499 40 20 120
624 1499 42 20 000
676 1499 41 20 000
731 1499 41 24 kr.,
785 1499 135 25 godkänner
933 1499 46 20 för-

138 1528 49 25 slag
199 1529 35 19 till
248 1529 92 24 lösning
352 1535 28 14 av
391 1529 62 20 vissa
465 1529 105 24 problem
583 1529 36 20 för
630 1529 138 24 jordbruket
780 1530 7 19 i
799 1529 113 20 samband
926 1530 51 19 med

136 1558 105 25 Sveriges
258 1558 137 25 anslutning
412 1559 34 20 till
464 1559 144 24 Europeiska
625 1559 354 25 frihandelssammanslutning-

137 1594 28 14 en
177 1589 62 19 samt
250 1588 136 25 godkänner
398 1589 43 19 vad
454 1588 114 21 utskottet
581 1588 104 21 förordat
696 1589 148 20 beträffande
856 1589 123 25 reglering-

136 1624 29 14 en
175 1624 28 14 av
212 1618 173 20 skördeskador
395 1618 12 20 å
418 1618 55 20 1960
485 1618 38 20 års
533 1618 77 20 skörd.

137 1667 39 20 RD
192 1666 117 25 medgiver
324 1667 116 20 lättnader
454 1667 7 19 i
475 1666 114 20 villkoren
604 1667 44 19 rör.
663 1666 169 25 amorteringar
846 1667 43 20 och
904 1667 74 20 ränte-

136 1696 147 25 betalningar
301 1696 30 25 på
349 1696 98 25 tidigare
466 1696 108 20 lämnade
593 1696 91 20 stödlån
703 1696 6 20 i
728 1696 101 25 enlighet
848 1697 51 19 med
917 1696 61 20 vissa

136 1726 101 25 angivna
252 1726 109 25 grunder,
376 1726 117 25 medgiver
507 1726 6 20 i
529 1725 236 21 utskottsutlåtandet
781 1726 131 25 föreslagna
927 1726 51 20 lätt-

136 1756 73 20 nader
223 1756 8 20 i
245 1755 114 20 villkoren
373 1755 148 20 beträffande
535 1756 79 24 statlig
629 1756 168 25 kreditgaranti
810 1756 38 19 för
862 1756 116 23 driftslån,

137 1785 118 25 medgiver
268 1786 34 19 att
316 1785 79 25 statlig
408 1785 169 25 kreditgaranti
591 1785 37 20 må
640 1785 30 25 på
683 1786 100 24 angivna
796 1786 101 24 grunder
909 1785 70 20 bevil-

136 1815 38 24 jas
186 1815 36 20 för
233 1815 38 20 lån
282 1815 30 25 på
323 1815 120 20 allmänna
454 1815 223 20 kreditmarknaden
688 1816 6 19 i
705 1816 46 19 anl.
762 1822 28 13 av
800 1815 179 24 skördeskador,

136 1845 81 20 varvid
235 1845 37 20 för
288 1851 28 14 en
333 1845 43 20 och
394 1851 90 14 samma
501 1845 156 24 kredittagare
674 1845 78 25 statlig
768 1846 91 24 garanti
875 1845 21 25 ej
914 1846 65 19 torde

136 1874 57 20 böra
210 1874 99 25 beviljas
328 1875 52 20 med
397 1874 71 25 högre
486 1874 83 25 belopp
587 1875 29 19 än
634 1874 79 21 20000
732 1874 41 24 kr.,
791 1875 43 20 och
852 1874 127 21 fastställer

137 1905 39 20 det
186 1905 83 25 högsta
282 1905 177 25 sammanlagda
468 1904 91 25 belopp,
570 1905 77 19 vartill
658 1904 195 25 kreditgarantier
863 1910 50 15 som
923 1911 56 19 nyss

138 1936 63 24 sagts
212 1935 37 20 må
258 1934 107 25 beviljas,
375 1935 35 20 till
420 1935 27 20 25
457 1934 42 20 000
508 1935 42 20 000
561 1934 34 20 kr.

138 1965 27 20 Se
180 1965 44 19 ock
238 1964 162 21 Automobiler
417 1964 68 24 (1952
500 1964 27 23 H,
544 1964 62 24 1953,
623 1963 65 21 1954:
700 1970 19 18 3,
735 1964 66 20 1955:
814 1970 18 18 4,
848 1964 55 21 1956
917 1964 31 20 H:
960 1970 18 17 2,

138 1994 67 21 1957:
217 1995 34 23 8),
267 1994 80 20 Bruna
364 1994 80 24 bönor,
460 1994 77 20 Enkla
553 1994 80 25 frågor
652 1993 109 25 (1951:3,
781 2000 32 18 15,
833 2000 31 18 17,
883 1994 65 20 1953:
962 2000 17 18 7,

140 2024 57 20 1953
210 2024 31 20 H;:
252 2029 34 19 50)
300 2030 33 17 34,
347 2030 34 17 ki,
395 2030 33 17 44,
442 2024 66 20 19563
521 2029 33 18 :21,
568 2029 33 18 34;
614 2023 66 21 1956:
693 2029 50 19 1,12,
757 2029 65 19 8,19,
836 2024 54 20 1957
902 2025 31 19 H:
945 2029 34 18 80,

139 2054 67 20 1958:
219 2060 32 17 13,
263 2053 101 24 20,,1958
375 2055 27 19 B:
415 2059 18 18 5,
447 2059 77 18 12,25,
536 2059 33 18 26,
581 2059 33 18 31,
626 2059 32 18 37,
670 2054 96 20 1959:-H:
778 2059 33 18 45,
823 2054 65 20 1960:
901 2060 18 17 6,
931 2055 48 23 20),

138 2083 258 26 Grundförbättringar,
408 2083 313 26 Hushållningssällskapen,
734 2084 139 24 Inteckning
889 2084 90 24 (1955),

1000 173 25 20 År

1048 177 52 20 Prop.

1134 153 88 16 Motioner

1288 153 70 17 Utskott

1407 165 56 17 Skriv.

1523 153 91 17 Protokoll

1130 207 30 16 FK

1195 207 31 16 AK

1249 205 86 19 SmllAvd|
1359 207 25 16 Nr

1425 194 21 11 nr

1504 207 29 17 FK
1602 208 31 16 AK

1003 277 28 22 60

1002 396 29 22 60

1002 456 29 22 60)

1002 634 29 21 60)

1002 1258 29 21 60)

1050 279 47 20 1:31

1065 313 20 15 10

1049 398 48 20 1:31

1065 433 19 14 1

1066 458 27 20 67

1066 636 28 20 84

1052 1670 42 19 168

1139 398 27 20 79

1123 458 43 20 558

1138 636 29 19 46

1123 665 43 20 218

1123 695 43 20 219

1123 725 44 20 229

1124 755 55 20 598:

1138 1260 28 19 48

1123 1289 42 20 472

1123 1319 43 20 478

1123 1349 43 20 479

1123 1379 43 20 673

1123 1409 43 19 674

1123 1670 42 20 702

1123 1700 42 20 703

1123 1730 42 20 705

1204 398 27 20 98

1188 458 44 20 689

1204 636 26 20 57

1188 665 44 20 274

1188 695 43 20 275

1177 725 55 21 1289

1189 755 40 20 731

1189 784 42 20 732

1205 1259 26 20 18

1188 1319 43 20 590

1188 1349 43 19 594

1188 1378 43 20 605

1188 1408 43 20 833

1188 1438 43 20 834

1188 1670 42 19 862

1187 1699 43 20 863

1188 1729 42 20 865

1259 279 131 20 10):—].2
1368 275 23 35 8

1259 394 42 35 10)
1300 394 43 35 :—I
1351 394 9 35 ;
1378 398 12 20 :8

1258 632 47 35 101
1307 632 35 35 —|
1362 636 28 20 23

1258 1255 44 36 10)
1307 1255 37 36 —|
1363 1259 25 21 31

1258 1665 44 36 10]
1307 1665 37 36 —|
1362 1670 27 20 37

1415 279 40 21 107

1414 398 40 21 107

1414 458 42 20 180

1414 636 39 19 171

1413 1260 40 19 311

1412 1670 43 20 353

1487 280 56 20 9:91
1588 280 20 20 119:
1624 284 21 16 70

1486 399 20 20 9:
1522 398 42 21 91dl
1587 399 20 21 9:
1623 399 41 20 70d

1473 458 33 20 13:
1522 458 141 21 48dl13:101d

1472 637 34 19 13:
1524 636 83 21 12d/13:
1623 637 41 20 sid

1473 1260 33 20 19:
1522 1259 85 21 45d/19:
1624 1260 39 20 16d

1471 1670 35 20 23:
1522 1670 141 21 51dl24:163d
