1835 2353
1623 75 42 21 243

84 255 71 20 Enkla
171 254 77 27 frågor.

111 290 32 20 Nr
160 291 25 20 13
201 290 84 27 (fröken
298 291 81 27 Vinge):
389 291 55 26 Ang.
456 291 134 20 förfarandet
600 291 36 20 vid
646 291 132 26 tillsättning
786 297 28 14 av
824 291 151 26 tingsnotarie-

83 320 129 26 aspiranter.

111 350 32 20 Nr
160 350 24 20 14
201 350 58 26 (herr
268 349 91 27 Wedén):
369 351 55 25 Ang.
434 350 159 26 arbetsgivares
601 350 124 26 skyldighet
733 352 35 18 att
777 350 6 20 i
792 350 56 21 vissa
857 350 37 20 fall
903 350 72 20 betala

83 380 161 25 arbetstagares
259 380 146 20 kvarstående
419 380 68 20 skatt.
657 396 3 2 i

112 409 31 20 Nr
160 409 25 20 15
193 409 58 26 (herr
258 409 100 20 Hedlund
365 409 5 20 i
379 409 102 27 Rådom):
490 410 55 26 Ang.
554 409 79 21 tullens
640 410 196 26 kroppsvisitation
843 416 28 14 av
878 410 96 20 resande.

111 439 32 20 Nr
160 439 25 20 16
201 439 85 26 (fröken
301 439 81 26 Höjer):
400 440 54 25 Ang.
472 439 45 20 dels
533 439 134 27 statsbidrag
682 439 33 20 till
732 440 25 19 de
774 440 86 26 privata
877 440 99 25 sjukskö-

84 469 174 20 terskeskolorna
273 469 45 20 dels
332 469 323 26 sjuksköterskeutbildningen.

112 498 31 20 Nr
163 499 24 19 17
206 499 58 26 (herr
278 498 112 27 Nihlfors):
407 499 54 26 Ang.
476 499 133 26 redogörelse
623 499 34 20 för
670 499 25 20 de
710 499 113 26 principer,
837 505 46 14 som
896 499 80 20 tilläm-

84 530 49 24 pats
149 528 6 20 i
171 528 60 26 fråga
250 535 35 13 om
302 529 136 26 förlängning
452 535 28 14 av
496 529 59 20 tiden
572 529 33 20 för
619 529 132 26 åtnjutande
767 535 27 14 av
810 529 166 26 omplacerings-

84 558 155 20 traktamente.

111 587 32 20 Nr
158 587 12 20 6
186 587 58 26 (herr
259 587 114 26 Näsgård):
391 588 41 20 Om
448 588 162 26 framläggande
627 594 28 14 av
671 594 60 20 prop.
748 594 49 20 ang.
814 588 114 20 skattefria
944 588 32 20 in-

83 617 199 26 vesteringsfonder
294 617 33 20 för
339 618 150 26 skogsbruket.

111 646 32 20 Nr
158 647 11 20 7
186 647 58 25 (herr
257 647 132 26 Lundqvist):
402 647 55 26 Ang.
471 648 100 25 östtyska
584 648 130 19 fiskebåtars
727 648 119 19 förekomst
858 648 6 19 i
877 644 98 24 Öresund

82 682 68 14 m.m.

111 705 32 20 Nr
157 706 13 19 8
186 706 58 25 (herr
260 706 85 26 Sjölin):
358 707 55 25 Ang.
427 706 148 26 fördelningen
589 713 27 13 av
629 707 295 26 kvarskattebetalningarna
938 713 38 14 un-

83 735 37 19 der
134 736 24 19 år
173 735 51 20 1951
241 736 28 25 på
283 742 38 13 sex
334 736 111 20 månader.

110 765 32 20 Nr
157 765 12 19 9
185 765 59 26 (herr
260 765 129 27 Braconier):
407 766 8 19 I
430 765 42 20 anl.
487 772 28 13 av
530 766 71 20 beslut
614 772 28 14 av
657 766 168 26 prisreglerande
839 766 135 26 myndighet,

83 794 66 20 villka
161 795 104 20 innebära
277 795 118 20 åtskillnad
407 795 79 20 mellan
496 795 56 20 olika
561 801 94 20 grupper
663 795 161 27 publikationer
832 796 50 20 med
891 795 84 26 hänsyn

84 824 32 19 till
130 824 62 20 deras
206 824 95 20 innehåll
315 825 40 19 och
370 825 115 26 utgivning
498 825 40 20 och
552 831 46 14 som
612 825 74 20 kunna
700 825 77 20 hindra
792 825 141 26 utgivningen
948 831 27 14 av

83 854 108 25 periodisk
207 853 70 21 skrift.

111 883 31 20 Nr
159 883 25 20 10
199 883 59 26 (herr
274 883 109 27 Dickson):
400 884 55 26 Ang.
472 884 155 27 lämpligheten
642 890 28 14 av
686 884 57 20 vissa
760 884 89 27 uttryck
864 885 6 19 i
886 884 90 20 svenskt

82 913 129 26 språkbruk.

111 942 31 20 Nr
158 943 22 19 11
191 943 58 25 (herr
256 943 112 26 Nihlfors):
377 944 55 25 Ang.
441 945 93 24 översyn
542 949 27 15 av
578 944 25 19 de
611 944 88 26 statliga
707 944 268 26 pensionsreglementena.

110 972 32 20 Nr
158 973 25 19 12
199 973 58 26 (herr
272 972 88 21 Nilsson
372 973 6 19 i
389 973 134 26 Bästekille):
536 973 55 26 Ang.
603 973 99 26 förlängd
713 973 145 27 giltighetstid
866 973 34 21 för
908 973 68 21 tullen

82 1002 28 26 på
122 1002 86 26 äpplen.

111 1031 32 21 Nr
159 1032 25 20 13
200 1032 85 26 (fröken
304 1032 81 26 Vinge):
397 1033 54 25 Ang.
463 1032 165 27 möjligheterna
639 1034 34 19 att
684 1033 47 20 från
742 1033 106 20 Brasilien
858 1033 118 26 importera

83 1061 59 20 kaffe
152 1063 47 18 mot
210 1062 112 26 betalning
331 1062 7 20 i
348 1068 72 14 annan
431 1062 76 20 valuta
518 1064 27 19 än
557 1062 74 21 dollar.

111 1091 32 20 Nr
160 1092 24 19 14
200 1091 58 26 (herr
273 1091 88 27 Sunne):
381 1092 55 26 Ang.
457 1092 147 26 olycksrisken
624 1092 37 20 vid
679 1093 241 26 järnvägsövergången
939 1092 37 20 vid

84 1121 172 26 Hydingevägen
268 1121 6 20 i
287 1121 49 26 Sya.

111 1151 31 20 Nr
159 1151 24 20 15
200 1151 58 26 (herr
273 1151 75 26 Ståhl):
361 1152 55 25 Ang.
431 1151 97 20 befrielse
541 1152 47 20 från
601 1151 148 27 tilläggsskatt
761 1153 12 19 å
786 1152 75 20 bensin
874 1152 33 20 för
919 1152 57 20 vissa

83 1180 58 26 lager
151 1181 39 19 hos
200 1181 134 20 förbrukare,

110 1210 32 20 Nr
159 1210 24 20 16
199 1210 58 26 (herr
270 1210 67 20 förste
346 1211 47 19 vice
402 1211 127 20 talmannen
539 1211 122 26 Skoglund):
672 1211 50 20 Med
731 1211 42 20 anl.
783 1217 28 14 av
820 1213 35 18 att
863 1211 38 20 det
910 1211 66 20 bland

83 1240 127 25 personalen
221 1240 59 20 inom
291 1240 87 20 Bodens
389 1240 97 26 fästning
496 1241 70 19 finnes
577 1247 108 20 personer,
696 1247 46 14 som
753 1241 87 20 tillhöra
851 1247 26 14 en
888 1240 89 27 politisk

82 1269 104 26 riktning,
196 1275 50 14 vars
256 1269 118 21 nationella
384 1270 123 26 pålitlighet
515 1270 145 26 ifrågasättes.

110 1298 32 21 Nr
159 1299 24 20 17
199 1299 58 26 (herr
272 1299 114 26 Häckner):
400 1300 55 25 Ang.
469 1300 43 20 viss
524 1300 131 26 gottgörelse
668 1301 24 19 åt
704 1300 100 26 personal
816 1300 38 20 vid
866 1300 111 26 Hårsfjär-

83 1328 52 20 dens
159 1328 135 27 örlogsdepå,
319 1335 46 14 som
387 1329 82 26 nödgas
490 1335 53 14 vara
566 1330 74 19 bosatt
659 1330 12 19 å
693 1332 40 21 ort,
760 1329 130 21 tillhörande
912 1330 65 26 högre

83 1359 123 25 ortsgrupp.

111 1387 31 20 Nr
159 1387 24 20 18
193 1388 85 26 (fröken
291 1388 81 26 Vinge):
383 1388 55 26 Ang.
449 1389 143 25 utredningen
602 1390 41 19 rör.
653 1389 214 20 löneförhållandena
877 1389 33 20 för
919 1389 57 20 vissa

83 1417 226 20 biblioteksbiträden.

111 1446 31 21 Nr
159 1447 25 20 19
200 1447 58 26 (herr
272 1447 79 26 Ohlin):
365 1448 55 25 Ang.
436 1448 138 26 upplysning,
589 1450 41 18 rör.
644 1448 44 20 viss
702 1448 104 21 utländsk
819 1448 138 26 lagstiftning
970 1448 7 20 i

82 1476 60 26 fråga
153 1482 34 14 om
197 1476 117 27 sjöfartens
324 1477 66 26 hyror
399 1477 40 20 och
448 1477 107 21 arbetstid
565 1483 28 15 m.
603 1484 29 14 m.

111 1507 25 19 Se
159 1506 40 20 ock
225 1506 181 27 Interpellationer
428 1507 61 26 (1941
501 1507 28 20 H:
542 1508 26 25 4),
592 1507 185 27 Ordningsstadga,
801 1508 71 23 AK:s,
896 1507 79 27 (1949),

84 1536 118 26 Riksdagen
220 1536 70 26 (1950:
305 1537 38 26 10).

82 1579 257 29 ENKRONASVÄGAR;
351 1590 22 13 se
389 1584 160 26 Vägbyggnader
561 1584 69 27 (1947:
645 1585 38 26 12).

82 1624 257 26 ENMANSKRETSAR;
357 1632 22 13 se
400 1625 40 21 Val
457 1626 69 26 (1950:
540 1626 26 26 5).

82 1666 126 25 ENQUIST,
225 1667 50 20 Elsa
292 1667 113 24 Katarina,
424 1667 107 21 lärarinna
549 1668 37 20 vid
604 1668 100 20 tekniska
722 1668 82 24 skolan;
823 1674 21 14 se
860 1668 116 20 Pensioner

110 1696 79 26 (1944).

81 1736 124 26 ENQVIST,
218 1738 29 24 J.,
261 1738 14 20 f.
285 1738 21 20 d.
320 1738 264 21 fortifikationsarbetare.

110 1773 42 20 RD
164 1773 73 20 avslår
247 1774 84 19 motion
343 1780 34 13 om
390 1774 118 20 understöd
520 1774 24 20 åt
555 1774 87 21 honom.

80 1829 227 24 ENSAMSTÅENDE
319 1829 137 24 MÖDRARS
467 1833 309 25 BOSTADSKOSTNADER;
789 1840 22 14 se
824 1834 71 20 Enkla
906 1834 70 26 frågor

109 1861 70 27 (1949:
194 1862 38 26 16).

81 1908 240 26 ENSITTARLAGEN;
347 1916 21 13 se
393 1910 93 20 Arrende
511 1910 70 26 (1950:
594 1911 26 25 3),
648 1910 220 27 Fastighetsbildning.
894 1911 80 26 (1950),

108 1939 163 26 Nyttjanderätt.

81 1986 121 20 ENSKILD
220 1982 110 30 TJÄNST,
349 1987 137 20 FRIVILLIG
504 1987 202 21 PENSIONERING
725 1988 36 20 AV
775 1984 165 25 ANSTÄLLDA
958 1988 17 25 i;

108 2022 21 13 se
144 2016 168 21 Pensionsväsen
328 2017 70 26 (1946:
411 2017 40 26 22).

81 2057 142 21 ENSKILDA
236 2058 125 25 BANKEN;
375 2065 21 13 se
410 2059 235 26 Rättegångskostnader
658 2060 79 26 (1948).

81 2098 141 21 ENSKILDA
239 2095 179 30 JÄRNVÄGAR;
433 2107 22 13 se
469 2101 127 25 Järnvägar.

994 186 26 20 År

1042 190 54 20 Prop.

1128 166 91 16 Motioner

1277 165 80 17 Utskott

1400 177 58 17 Skriv.

1518 165 95 18 Protokoll

1123 219 33 16 FK

1186 219 35 16 AK

1243 219 37 16 Sml

1287 219 41 16 Avd

1351 219 27 16 Nr

1418 206 22 12 nr

1496 220 33 16 FK

1595 221 36 16 AK

1005 653 9 14 »

1005 713 9 12 »

1005 772 9 12 »

1188 1773 40 21 299

1361 1774 27 20 39

1343 1811 15 12 s.
1365 1805 25 18 36

1475 588 33 20 29:
1520 590 10 17 4

1475 647 33 20 34:
1519 649 24 18 81

1480 1774 31 20 15:
1522 1775 25 18 29

1577 291 32 21 18:
1617 287 5 34 9

1576 351 33 20 20:
1620 353 10 17 5

1575 410 34 21 20:
1620 412 11 18 6

1576 440 33 21 20:
1620 442 10 18 8

1576 499 67 21 20:11

1575 706 34 21 29:
1620 709 10 17 .5

1576 766 33 20 31:

1620 768 10 17 CC

1576 1092 34 20 32:
1624 1094 21 20 11

1576 1151 33 20 34:
1621 1153 25 17 83

1577 1211 33 20 34:
1624 1212 37 18 106

1577 1299 33 20 34:
1625 1301 37 17 120)

1577 1388 69 20 20:13

1578 1447 32 20 20:
1622 1449 25 17 69

1580 1774 31 20 15:
1623 1776 24 17 45
