1852 2361
814 164 135 15 SAKREGISTER

95 441 174 27 Avskrivningar
284 442 37 21 och
337 441 128 29 eftergifter.

137 472 97 26 personal
251 472 35 21 vid
303 474 80 19 statens
398 473 253 27 fiskehamnsbyggnader
661 474 106 20 utbetalta
777 474 156 26 dyrtidstillägg

137 502 79 20 avförts
232 503 13 19 å
261 502 33 21 6:e
310 503 56 20 HT:s
377 503 163 26 förslagsanslag
551 503 32 20 till
595 503 158 27 dyrtidstillägg
763 504 22 20 åt
796 504 135 26 befattnings-

136 532 78 20 havare
230 533 7 19 i
253 534 80 19 statens
349 533 73 27 tjänst,
439 534 36 19 må
490 534 56 20 bero.

81 602 22 15 14
122 597 86 26 Förslag
232 605 45 19 ang.
303 598 136 26 avskrivning
462 606 26 13 av
504 599 42 20 viss
562 598 34 21 del
613 606 25 13 av
654 599 88 20 statslån
759 599 33 20 för
805 599 127 26 anläggning

137 634 25 23 av
185 628 112 26 järnvägar
320 628 47 20 från
389 628 145 21 Oskarshamn
558 628 33 20 till
616 629 61 20 Ruda
700 629 38 20 och
759 629 47 20 från
821 629 62 20 Ruda
899 629 33 20 till

137 657 89 26 Älghult
242 658 74 20 avslås.

80 727 23 16 15
122 723 37 20 RD
176 723 113 26 medgiver,
301 725 31 18 att
347 719 58 25 Åmål
419 715 108 41 —Årjängs
539 725 155 26 järnvägs-a.-b.
706 725 36 20 må
752 725 28 26 på
790 725 83 25 villkor,
885 732 46 13 som

136 753 7 19 i
159 753 232 27 statsrådsprotokollet
406 756 49 18 över
472 754 292 21 kommunikationsärenden
781 755 41 20 den
839 755 27 20 28
878 755 51 20 febr.

137 782 56 20 1930
210 783 98 26 angivits,
325 784 70 20 såsom
412 784 99 21 säkerhet
526 785 33 20 för
575 786 48 25 nytt
638 785 36 20 lån
690 786 12 19 å
717 785 62 25 högst
793 784 42 21 200
845 785 43 20 000
899 785 31 20 kr.

136 812 99 20 använda
249 813 148 26 inteckningar
413 814 12 20 å
441 814 92 26 tillhopa
549 815 61 26 högst
626 814 94 20 nämnda
731 814 77 27 belopp
819 815 7 20 i
837 815 94 26 bolagets

134 842 90 26 järnväg
240 843 49 20 med
307 844 136 19 förmånsrätt
459 844 91 20 framför
565 845 58 26 varje
640 851 71 14 annan
727 844 92 21 fordran.

79 913 23 15 16
120 908 38 19 RD
174 908 114 26 medgiver,
306 911 32 18 att
348 909 55 20 förre
415 909 136 21 arrendatorn
565 917 25 13 av
601 910 199 26 kronoegendomen
811 909 27 29 3/,
850 910 81 20 mantal

136 937 94 21 Solvalla
253 945 25 13 nr
303 939 12 19 5
339 939 67 26 jämte
423 939 128 25 Vittensten,
568 941 31 19 ett
614 942 53 25 torp,
684 940 7 20 i
708 940 88 26 Faringe
812 940 78 20 socken
905 947 26 13 av

137 968 135 20 Stockholms
296 968 35 20 län
356 969 26 20 K.
399 969 19 20 J.
436 969 49 20 Alm
510 970 35 19 må
569 970 77 20 befrias
662 970 47 20 från
725 970 79 20 honom
821 970 110 26 åliggande

136 997 123 26 skyldighet
282 1000 31 18 att
336 998 63 26 gälda
422 1000 28 25 på
473 999 95 20 närnnda
587 1000 124 25 fastigheter
726 1000 118 26 belöpande
861 1000 69 24 andel,

137 1027 64 20 2535
218 1027 31 20 kr.
267 1028 28 19 84
312 1030 41 22 öre,
370 1029 7 19 i
391 1028 36 20 lån
437 1029 48 20 från
496 1031 80 18 statens
588 1029 229 26 avdikningslånefond
827 1030 33 20 till
875 1030 54 20 »Sol-

136 1057 153 21 vallamossens
305 1058 256 27 torrläggningsföretag».

80 1121 24 15 17
122 1117 37 19 RD
177 1117 114 26 medgiver,
308 1120 31 18 att
355 1118 56 20 vissa
426 1118 75 21 osäkra
516 1119 119 26 fordringar
652 1119 35 21 vid
697 1119 141 21 riksbankens
848 1119 82 21 huvud-

136 1147 77 20 kontor
229 1148 36 19 må
277 1154 25 14 ur
313 1148 171 26 räkenskaperna
494 1149 108 20 avskrivas
613 1149 33 20 till
658 1151 31 19 ett
700 1149 142 26 sammanlagt
853 1149 78 27 belopp

137 1184 25 13 av
180 1177 93 21 122539
290 1179 30 19 kr.
339 1177 27 21 90
383 1180 41 18 öre.

80 1240 23 16 18
121 1236 38 20 RD
175 1237 108 26 medgiver
298 1238 33 19 för
347 1238 33 20 sin
396 1238 41 24 del,
455 1240 31 19 att
502 1238 36 21 det
554 1239 162 26 byggmästaren
732 1239 26 20 K.
776 1239 37 27 Hj.
830 1239 101 26 Harlings

137 1266 196 27 sterbhusdelägare
344 1274 77 20 genom
433 1268 136 20 Stockholms
580 1268 132 21 rådhusrätts
724 1269 49 20 dom
785 1269 41 20 den
839 1269 27 20 18
877 1271 52 25 sept.

138 1296 56 20 1929
219 1296 33 20 till
276 1297 115 26 utgivande
415 1298 33 20 till
472 1298 82 20 kronan
573 1298 93 21 ådömda
681 1299 78 27 belopp
775 1300 12 19 å
804 1299 78 20 11275
899 1299 31 20 kr.

138 1326 26 20 65
181 1328 35 18 öre
232 1328 67 25 jämte
315 1329 61 18 ränta
392 1328 36 20 må
443 1328 33 20 till
493 1328 82 20 hälften
591 1328 152 21 efterskänkas.

80 1395 23 15 19
121 1391 38 20 RD
175 1392 114 25 medgiver,
307 1394 31 19 att
352 1393 123 20 nuvarande
485 1394 145 20 innehavaren
641 1401 26 13 av
678 1394 133 27 skogstorpet
822 1394 109 21 Stenträsk

136 1421 13 19 å
168 1421 148 27 kronoparken
336 1423 82 20 Rämen
434 1423 59 20 inom
510 1423 114 21 Blåvikens
640 1424 55 20 revir
710 1425 63 19 Anna
788 1424 92 21 Jonsson
896 1425 36 19 må

136 1452 52 19 utan
207 1451 76 21 hinder
302 1459 26 13 av
344 1452 146 27 stadgandena
505 1453 7 20 i
528 1453 165 27 kungörelserna
709 1454 41 20 den
767 1454 27 20 18
810 1454 47 27 juni
874 1454 56 20 1909

136 1479 33 28 (nr
186 1481 35 26 69)
237 1482 39 20 och
292 1482 42 20 den
352 1482 25 20 17
395 1483 43 20 okt.
458 1483 55 20 1913
530 1483 33 26 (nr
580 1483 50 26 253)
645 1483 69 21 under
729 1490 26 14 en
771 1484 32 20 tid
819 1491 26 13 av
861 1484 29 20 tio
901 1485 29 22 år,

136 1510 76 21 räknat
235 1511 24 20 fr.
278 1518 17 14 o.
313 1519 28 13 m.
359 1512 41 20 den
419 1512 27 20 14
462 1519 57 14 mars
537 1513 63 24 1929,
617 1514 78 20 besitta
711 1514 95 20 nämnda
821 1514 110 26 skogstorp

136 1542 53 18 utan
205 1541 125 26 erläggande
346 1549 26 14 av
388 1542 171 27 arrendeavgäld.

79 1604 24 16 20
121 1600 37 20 RD
175 1600 113 26 medgiver,
306 1603 31 19 att
352 1602 41 20 vad
408 1603 8 19 i
432 1602 200 27 skatteköpebrevet
648 1605 40 18 rör.
699 1603 125 21 hemmanet
835 1603 27 27 !/,
874 1610 57 13 man-

136 1630 29 20 tal
182 1630 97 27 Köpinge
295 1638 26 13 nr
336 1632 14 19 4
366 1631 45 27 (42)
426 1633 7 19 i
450 1632 153 27 Hälsingborgs
620 1633 47 20 stad
683 1633 126 21 föreskrives
825 1640 34 14 om
873 1633 58 20 hem-

136 1662 83 18 manets
242 1661 163 27 oskiljaktighet
428 1662 47 20 från
499 1663 101 20 Ramlösa
623 1663 132 20 hälsobrunn
779 1663 61 24 skall,
860 1664 27 25 på
906 1663 26 20 de

136 1690 78 20 villkor
237 1691 61 20 KM:t
313 1691 136 24 bestämmer,
465 1693 99 26 upphöra
580 1694 31 19 att
626 1693 57 26 gälla
698 1693 45 20 dels
759 1693 131 21 beträffande
906 1693 26 20 de

136 1720 108 25 områden,
261 1727 46 14 som
324 1722 12 19 å
352 1721 41 21 den
409 1722 8 20 i
433 1722 88 21 ärendet
537 1722 119 27 åberopade
672 1723 75 20 kartan
758 1723 114 21 betecknas
883 1723 49 20 med

136 1749 37 26 gul
195 1750 47 26 färg
263 1751 40 19 och
327 1751 118 21 bokstaven
470 1752 25 24 A,
516 1752 45 20 dels
577 1753 39 19 ock
633 1753 132 20 beträffande
781 1753 26 20 de
823 1753 108 24 områden,

137 1786 45 13 som
199 1781 13 19 å
227 1787 84 13 samma
327 1781 61 20 karta
403 1782 115 20 betecknas
534 1782 50 20 med
600 1782 36 20 blå
651 1783 52 26 färg.

79 1849 23 15 21
121 1845 105 20 Motioner
241 1852 35 13 om
293 1846 97 21 befrielse
407 1847 33 20 för
456 1847 152 27 kronotorpare
624 1848 7 20 i
645 1848 26 20 de
682 1855 37 13 sex
731 1848 127 26 nordligaste
870 1848 62 20 länen

135 1874 48 20 från
199 1875 316 28 återbetalningsskyldigheten
530 1878 34 19 för
580 1878 53 20 visst
649 1878 128 26 statsbidrag
791 1878 76 20 avslås.

148 1909 23 17 Se
180 1910 35 16 ock
223 1910 131 23 Järnvägar
362 1911 59 22 (1923:
431 1911 32 22 so),
473 1912 134 19 Karolinska
616 1912 113 19 institutet
737 1912 59 22 (1923:
806 1912 34 23 11),
850 1913 83 18 Krono-

159 1934 135 21 egendomar
302 1934 59 22 (1926:
370 1941 16 14 4;
396 1935 51 17 1927:
457 1941 15 15 3;
482 1936 51 17 1930:
543 1936 22 20 3),
576 1936 113 23 Lagerhus
697 1936 39 19 och
745 1936 91 23 fryshus
846 1936 58 20 (1926:
911 1937 21 20 2),

158 1957 51 21 Pihl,
223 1958 19 18 S.
256 1958 20 18 P.
290 1958 66 21 (1922),
369 1959 131 19 Postverket
512 1959 61 23 (1924:
582 1960 20 22 se),
617 1960 167 23 Religionsvärd
796 1960 59 22 (1925:
864 1960 23 22 s),
896 1961 37 18 Ut-

159 1980 169 24 låningsfonder
341 1982 58 21 (1928:
409 1983 22 22 1).

90 2026 179 30 Avstyckning;
285 2037 22 13 se
318 2029 228 29 Jordförhållandena
558 2031 57 22 inom
626 2032 155 27 Kopparbergs
790 2031 37 22 län
837 2032 95 27 (1928—

136 2058 71 28 1930).

1639 159 41 21 147

1022 226 40 31 a
1403 233 53 18 Riks-

969 256 88 29 215
1121 281 4 4 É
1267 251 51 18 RON
1393 258 72 33 dagens
1522 264 118 17 Kamrarnas

969 287 17 26 z
1022 283 11 30 å
1046 286 17 36 z
1080 277 94 29 Motioner
1214 277 126 42 utlåtanden
1343 277 17 55 i;
1407 294 46 17 AE
1506 293 146 23 förhandlingar

969 317 17 28 2
1022 315 41 33 ax
1201 311 47 18 eller
1261 317 92 12 memorial
1399 323 62 18 VISAR

956 342 24 27 os
1022 346 38 23 SE

968 365 18 24 &
1022 370 35 27 jag
1194 371 58 22 NS
1289 379 76 19 SSR
1449 380 17 18 2|
1495 378 67 17 Första
1568 372 22 34 |
1596 378 66 18 Andra

969 393 11 9 5
1022 388 35 40 28
1082 389 87 17 FER
1194 384 17 44 E
1236 395 17 25 å
1289 389 17 27 -
1349 400 17 24 =
1402 389 17 27 7
1449 400 17 24 =
1467 396 12 32 |
1492 402 70 17 kamm.
1565 396 24 32 |
1592 403 71 17 kamm.

947 598 55 21 19301
1019 598 41 21 162
1077 599 94 20 [302476]
1198 599 12 20 6
1212 594 14 35 |
1241 600 9 19 11
1289 599 27 21 93
1391 599 39 20 164
1497 600 33 20 24:
1541 600 26 20 6d
1567 596 18 34 |
1590 600 33 20 24:
1633 600 42 21 95d

969 724 91 20 >-1179
1198 725 12 20 6!
1241 725 7 20 1]
1289 725 28 20 94
1392 725 39 20 144
1489 724 32 21 24:
1532 725 83 21 27d124:
1626 726 48 20 110d

969 917 8 11 >
1018 910 41 20 [229
1184 909 26 21 10
1288 910 28 20 44
1389 909 41 20 178
1496 910 33 20 25:
1540 914 24 16 16
1566 906 22 34 |
1596 911 34 20 26:
1641 916 24 15 26

969 1127 8 10 >
1198 1119 12 20 8)
1240 1118 10 20 11
1289 1119 27 20 28
1496 1118 67 21 27:81]
1596 1120 53 20 30:1

969 1246 8 10 >
1131 1238 40 20 1951
1198 1239 12 20 61
1240 1238 75 21 11125
1388 1238 42 20 280
1495 1237 54 22 29:77
1581 1239 85 21 -lJ81:18d

970 1402 8 10 >
1018 1393 42 21 1272
1184 1394 26 20 10
1289 1394 26 20 61
1388 1394 42 20 270
1495 1393 69 21 30:56
1567 1389 19 35 |
1596 1394 34 20 33:
1641 1400 24 15 12

970 1610 8 11 >
1020 1602 40 21 173
1184 1602 27 21 10
1295 1602 20 21 7
1389 1602 41 21 327
1496 1602 33 21 34:
1540 1607 25 17 53
1568 1598 19 35 |
1597 1603 33 20 36:
1642 1608 24 16 25

971 1855 8 11 »
1079 1847 40 21 169
1131 1847 80 21 [358110
1289 1847 27 21 80
1488 1847 33 21 36:
1533 1847 82 21 121/37:
1626 1848 48 20 119d
