1843 2355
167 64 42 21 338

186 243 122 21 Folkskolor
323 249 28 15 m.
367 249 28 15 m.

215 279 33 20 26.
265 279 42 20 RD
320 279 125 20 hemställer
456 285 35 14 om
504 280 131 20 utfärdande
647 286 28 14 av
687 280 124 20 förenklade
824 280 163 20 bestämmelser
997 280 33 20 för
1042 280 35 21 val

184 315 29 14 av
226 309 45 20 ord.
284 309 68 20 lärare
364 309 6 20 i
382 309 129 21 folkskolan.

214 339 33 20 27.
264 339 43 20 RD
323 339 88 20 anvisar
426 339 33 20 till
475 339 136 27 uppförande
627 346 28 14 av
670 339 255 27 lärarbostadsbyggnad
937 340 36 20 vid
990 340 88 26 Skytte-

184 368 70 21 anska
266 369 76 20 skolan
353 369 7 19 i
370 368 72 21 Tärna
455 369 40 20 180
503 369 41 20 000
555 369 32 20 kr.
599 369 31 26 (i).

213 398 34 21 28.
264 398 42 20 RD
319 398 88 21 anvisar
419 398 33 21 till
464 399 230 26 fortbildningskurser
706 399 33 20 för
751 399 162 21 folkskollärare
926 400 38 19 och
978 400 100 26 övnings-

185 428 69 20 lärare
266 429 12 19 å
289 428 134 27 tilläggsstat
436 428 20 20 II
468 428 27 21 36
504 428 41 21 000
556 429 31 20 kr.
600 429 34 27 (r).

216 488 17 20 1.
251 488 42 20 RD
303 488 88 20 anvisar
400 488 32 20 till
442 488 230 27 fortbildningskurser
680 489 33 20 för
722 489 67 20 lärare
799 489 36 20 vid
845 489 106 26 egentliga
961 489 118 20 folkskolor

185 518 41 20 och
238 517 121 21 småskolor
370 518 27 20 30
405 518 42 20 000
457 518 32 21 kr.
502 518 34 26 (r).

213 548 20 20 2.
251 547 42 20 RD
303 548 88 20 anvisar
398 548 32 20 till
438 548 248 27 fortbildningskurs
643 543 45 37 för
693 549 200 20 föreståndarinnor
901 549 39 20 och
950 549 128 20 biträdande

186 577 203 21 föreståndarinnor
402 578 38 20 vid
453 578 98 20 skolhem
565 578 39 20 och
611 578 157 27 ”arbetsstugor
780 578 13 20 8
802 578 41 20 000
861 579 31 20 kr.
908 579 34 25 (r).

216 607 19 20 3.
253 607 42 20 RD
314 607 88 20 anvisar
415 607 38 20 till
471 608 166 26 resestipendier
655 608 24 20 åt
697 608 68 20 lärare
783 608 37 20 vid
836 608 56 20 vissa
908 608 32 20 till
955 608 124 20 folkunder-

185 637 115 26 visningen
313 637 96 20 hörande
422 637 152 21 läroanstalter
586 638 26 20 25
621 637 41 21 000
673 638 32 20 kr.
719 638 34 26 (r).

214 667 20 20 4.
251 667 42 20 RD
311 667 88 20 anvisar
416 667 32 20 till
465 667 119 27 stipendier
601 668 23 20 åt
641 667 162 21 folkskollärare
821 668 33 20 för
871 668 109 20 vinnande
998 674 27 14 av
1044 668 34 20 be-

185 697 101 26 hörighet
296 698 35 19 att
342 697 116 20 undervisa
469 697 6 20 i
486 697 100 26 engelska
600 697 38 20 100
647 697 41 20 000
698 697 32 21 kr.
742 697 33 27 (f).

213 726 19 21 5.
250 726 41 20 RD
300 726 88 21 anvisar
396 726 32 20 till
437 727 76 26 bidrag
521 727 32 20 till
561 727 103 26 avlöning
672 728 24 19 åt
703 727 68 20 lärare
778 728 36 19 vid
821 727 118 21 folkskolor
948 727 40 21 216
993 722 85 36 600000

184 756 32 20 kr.
229 756 33 26 (f);
275 756 40 20 och
326 756 73 21 avslår
410 756 41 20 RD
464 757 83 20 motion
560 763 34 14 om
607 757 146 26 organisation
764 763 28 14 av
804 757 272 26 övningslärartjänsterna

184 788 59 18 samt
255 786 83 20 motion
352 792 34 14 om
399 786 306 27 förstärkningsanordningar
717 787 37 20 vid
767 787 56 20 vissa
836 787 134 20 skolformer.

213 816 19 20 6.
249 816 42 19 RD
310 816 88 20 anvisar
415 816 32 20 till
466 816 76 26 bidrag
560 816 31 20 till
611 816 143 21 hälsovården
772 817 37 20 vid
828 817 54 20 folk-
900 817 39 20 och
957 817 121 20 småskolor

184 845 42 21 820
234 845 42 20 000
286 845 32 21 kr.
330 845 33 27 (f).

213 875 19 20 7.
250 875 41 20 RD
303 876 88 19 anvisar
402 875 32 20 till
445 876 302 26 resekostnadsersättningar
758 877 23 19 åt
792 876 120 20 skolläkare
924 876 37 20 vid
973 876 54 20 folk-
1038 876 39 20 och

184 905 122 20 småskolor
319 905 27 20 75
348 901 45 35 000
408 905 32 21 kr.
455 906 33 25 (f).

213 935 19 20 8.
249 935 42 20 RD
305 935 88 20 anvisar
405 935 32 20 till
450 935 77 26 bidrag
539 935 32 20 till
584 935 103 27 avlöning
699 936 24 20 åt
735 936 68 20 lärare
816 936 6 20 i
835 936 55 26 slöjd
903 936 36 20 vid
953 936 124 22 folkskolor,

185 965 84 20 mindre
281 965 119 20 folkskolor
411 965 51 20 eller
473 965 106 20 särskilda
590 965 130 26 slöjdskolor
730 966 13 19 4
752 965 41 21 350
801 965 41 20 000
854 966 31 20 kr.
898 966 33 26 (f).

213 995 19 20 9.
250 994 42 20 RD
305 995 88 20 anvisar
405 995 32 19 till
450 995 77 26 bidrag
539 995 32 20 till
584 995 103 26 avlöning
699 996 23 19 åt
735 995 120 20 lärarinnor
866 996 6 19 i
885 995 192 26 hushållsgöromål

185 1024 37 20 vid
234 1024 108 26 egentliga
354 1024 119 20 folkskolor
483 1031 29 14 m.
522 1031 29 14 m.
562 1025 41 20 425
612 1025 41 20 000
664 1025 32 20 kr.
708 1025 33 26 (f).

215 1054 31 19 10.
263 1054 42 19 BD
313 1054 88 20 anvisar
408 1054 33 19 till
448 1055 76 25 bidrag
532 1054 32 20 till
572 1055 102 25 avlöning
681 1055 24 19 åt
712 1055 68 20 lärare
788 1055 33 19 för
829 1055 36 19 vid
873 1055 205 19 statsunderstödda

184 1083 226 26 sjukvårdsanstalter
429 1084 39 19 och
488 1084 37 19 vid
545 1084 57 20 vissa
622 1084 104 20 barnhem
747 1084 89 26 intagna
856 1084 54 20 barn
930 1084 6 20 i
955 1084 122 20 skolåldern

184 1113 42 19 440
234 1113 42 20 000
288 1113 33 20 kr.
335 1113 33 26 (f).

215 1143 31 19 11.
265 1142 41 20 RD
325 1142 87 20 anvisar
429 1142 33 20 till
480 1142 240 26 folkundervisningens
738 1143 149 26 befrämjande
905 1143 6 20 i
930 1144 66 19 rikets
1015 1144 63 19 nord-

185 1172 76 26 ligaste
273 1174 125 24 gränsorter
409 1178 29 14 m.
448 1178 29 14 m.
490 1172 41 20 300
539 1172 42 20 000
592 1173 32 19 kr.
638 1172 33 26 (f).

215 1202 31 19 12.
264 1201 42 20 RD
323 1202 88 19 anvisar
426 1201 33 20 till
476 1202 76 25 bidrag
568 1202 33 20 till
616 1202 103 26 avlöning
735 1202 24 20 åt
774 1202 201 20 föreståndarinnor
991 1203 39 19 och
1048 1202 30 20 bi-

185 1231 109 20 trädande
307 1231 201 20 föreståndarinnor
521 1232 37 19 vid
571 1231 97 20 skolhem
681 1232 40 19 och
734 1232 150 26 arbetsstugor
896 1232 40 20 625
945 1232 41 20 000
998 1232 32 20 kr.
1044 1232 33 26 (f).

215 1261 32 20 13.
264 1261 43 19 RD
322 1261 88 20 anvisar
425 1261 33 20 till
473 1261 119 20 understöd
608 1262 23 19 åt
646 1261 57 20 vissa
719 1261 126 24 lärarinnor,
861 1268 46 13 som
923 1262 27 26 på
965 1262 70 26 grund
1050 1268 27 14 av

186 1290 223 20 folkskoleväsendets
423 1290 184 26 omorganisation
621 1291 91 20 förlorat
724 1291 33 20 sin
770 1291 139 26 anställning,
923 1291 12 20 5
947 1291 38 20 100
998 1292 32 19 kr.
1044 1291 33 26 (f).

215 1320 31 20 14.
264 1320 42 20 RD
322 1320 89 20 anvisar
425 1320 32 20 till
473 1320 76 26 bidrag
564 1320 33 20 till
612 1320 164 27 inackordering
791 1327 28 14 av
834 1321 102 20 skolbarn
952 1321 6 20 i
973 1321 104 23 skolhem,

185 1350 151 25 arbetsstugor
347 1350 51 19 eller
409 1350 97 20 enskilda
519 1350 49 20 hem
580 1351 13 19 2
602 1350 41 20 250
651 1350 41 20 000
704 1350 31 20 kr.
748 1351 33 25 (f).

216 1380 31 20 15.
264 1380 42 19 RD
323 1380 88 20 anvisar
426 1380 32 20 till
475 1380 76 26 bidrag
566 1380 32 20 till
614 1380 141 20 anordnande
771 1386 27 14 av
814 1380 145 26 skolskjutsar
974 1381 34 19 för
1022 1380 57 20 skol-

186 1409 91 26 pliktiga
291 1410 53 19 barn
357 1409 13 20 9
378 1409 42 20 000
428 1409 41 20 000
481 1410 32 20 kr.
527 1409 32 27 (f).

215 1439 32 20 16.
264 1439 42 20 RD
322 1439 89 20 anvisar
425 1439 33 20 till
474 1439 76 26 bidrag
566 1439 32 20 till
614 1440 147 20 kostnaderna
777 1440 34 19 för
826 1440 208 20 tillhandahållande
1050 1446 28 14 av

185 1469 40 20 fria
238 1469 127 20 läroböcker
375 1475 29 14 m.
414 1475 29 14 m.
455 1469 13 20 5
477 1469 41 20 950
526 1469 41 20 000
578 1469 32 20 kr.
624 1469 32 26 (f).

216 1499 31 20 17.
264 1498 42 20 RD
322 1499 88 20 anvisar
425 1499 32 20 till
473 1499 76 26 bidrag
564 1499 32 20 till
612 1499 57 20 vissa
685 1499 204 26 byggnadsarbeten
904 1500 27 19 22
940 1499 41 20 000
982 1494 51 35 000
1046 1499 31 20 kr.

186 1528 26 25 (f)
226 1530 58 18 samt
297 1528 33 20 till
344 1528 77 26 bidrag
434 1528 32 20 till
480 1529 57 20 vissa
552 1528 135 21 fullbordade
702 1529 203 26 byggnadsarbeten
920 1529 12 20 2
941 1529 41 20 200
991 1529 41 20 000
1045 1529 32 20 kr.

186 1558 33 25 (f);
231 1558 39 20 och
281 1558 97 20 anhåller
389 1558 49 23 RD,
449 1560 35 18 att
494 1558 64 20 KM:t
568 1559 69 19 måtte
648 1558 45 20 låta
704 1558 117 21 verkställa
832 1559 119 26 skyndsam
963 1559 115 25 utredning

185 1589 42 18 rör.
240 1588 76 25 frågan
330 1594 34 14 om
377 1588 134 26 statsbidrag
523 1588 32 20 till
568 1588 138 23 inventarier;
719 1589 40 19 och
771 1588 72 20 avslår
855 1589 42 19 RD
910 1589 107 20 motioner
1028 1594 49 20 ang.

185 1618 86 19 statens
293 1618 147 26 övertagande
462 1623 28 14 av
512 1618 147 20 kostnaderna
681 1618 34 20 för
736 1618 223 20 folkskoleväsendets
981 1618 97 20 normala

186 1647 186 26 byggnadsbehov
385 1653 28 14 av
426 1647 82 20 lokaler
520 1647 40 20 och
573 1647 193 26 tjänstebostäder.

216 1676 31 20 18.
265 1676 42 20 RD
316 1677 88 20 anvisar
413 1676 32 21 till
455 1677 191 26 byggnadsbidrag
654 1677 34 20 för
696 1677 57 20 vissa
762 1677 59 20 äldre
831 1677 248 26 undervisningslokaler

185 1706 42 19 900
235 1706 42 20 000
289 1706 32 20 kr.
335 1706 33 26 (f).

216 1736 31 20 19.
264 1735 42 20 RD
317 1736 88 20 anvisar
415 1736 33 20 till
458 1736 142 26 hyresbidrag
610 1736 33 20 för
653 1736 248 27 undervisningslokaler
911 1743 28 14 m.
949 1743 29 14 m.
989 1737 40 20 625
1038 1736 41 20 000

186 1765 31 20 kr.
235 1765 32 26 (f).

214 1795 33 20 20.
265 1795 42 20 RD
320 1795 88 20 anvisar
419 1795 33 20 till
466 1795 75 26 bidrag
553 1795 33 20 till
600 1795 264 27 undervisningsmateriel
876 1796 13 20 2
897 1796 41 20 800
947 1796 41 20 000
1000 1796 32 20 kr.
1045 1796 33 26 (f).

214 1854 33 20 21.
264 1854 42 20 RD
326 1854 117 27 medgiver,
463 1856 35 19 att
516 1855 64 20 KM:t
598 1855 35 20 må
653 1855 68 20 under
739 1855 131 26 budgetåret
889 1855 91 26 1949/50
998 1855 80 26 bevilja

186 1884 192 26 byggnadsbidrag
393 1884 33 20 till
440 1884 188 26 tjänstebostäder
642 1884 34 21 för
690 1885 133 20 folkskolans
839 1885 68 20 lärare
922 1885 49 20 med
987 1885 91 26 tillhopa

185 1913 13 20 4
199 1909 50 37 000
250 1909 54 37 000
321 1914 31 20 kr.
377 1916 58 18 samt
457 1914 88 20 anvisar
567 1914 33 20 till
623 1914 191 27 byggnadsbidrag
836 1915 33 20 till
892 1915 187 26 tjänstebostäder

186 1943 12 20 2
201 1939 49 35 000
257 1939 42 35 000
316 1944 32 19 kr.
367 1944 26 26 (f)
411 1944 40 19 och
469 1944 33 20 till
520 1944 197 26 övergångsbidrag
734 1944 33 20 till
784 1944 187 26 tjänstebostäder
988 1944 41 20 450
1032 1939 50 35 000

185 1973 33 20 kr.
234 1973 33 26 (f);
284 1973 40 20 och
339 1973 97 20 anhåller
451 1973 50 24 RD,
516 1975 35 19 att
566 1974 64 20 KM:t
644 1974 70 20 måtte
728 1986 28 2 —
770 1974 49 20 med
835 1974 142 26 iakttagande
992 1980 28 14 av
1035 1974 43 20 vad

186 2003 169 20 statsutskottet
367 2003 74 20 anfört
453 2015 28 2 —
494 2003 45 20 låta
552 2003 118 21 verkställa
684 2010 26 13 en
724 2005 92 25 översyn
830 2010 28 14 av
871 2004 100 26 gällande
984 2004 95 20 bestäm-

186 2032 77 20 melser
275 2038 49 20 ang.
339 2033 134 26 statsbidrag
486 2032 32 21 till
532 2033 186 26 tjänstebostäder
731 2034 33 19 för
776 2034 134 20 folkskolans
923 2034 75 20 lärare.

214 2062 33 20 22.
265 2062 41 20 RD
316 2062 88 20 anvisar
412 2062 33 20 till
454 2062 76 26 bidrag
539 2062 32 21 till
581 2063 147 26 Skytteanska
738 2063 75 20 skolan
823 2063 6 20 i
838 2063 71 21 Tärna
918 2064 24 19 21
954 2063 40 20 900
1003 2064 31 19 kr.
1045 2063 32 26 (f).

1222 151 101 30 Motioner
1371 151 89 30 Utskott
1538 168 4 3 3
1622 155 95 17 Protokoll

1097 175 26 20 År
1120 171 18 34 |
1145 179 54 21 Prop.
1504 168 57 39 SS

1226 209 34 16 FK
1261 205 23 29 |
1289 209 36 16 AK
1346 209 85 16 |ISmllAvd!
1454 209 27 16 Nr
1600 209 34 16 FK
1699 209 35 16 AK

1097 280 28 20 481
1167 292 27 2 —
1197 276 26 34 ]
1240 280 24 20 18)
1302 281 75 19 —]12]
1414 281 8 19 1
1477 280 171 22 61198114:24
1656 276 19 35 |
1682 280 31 21 16:
1727 282 36 18 106

1352 310 25 20 131
1414 311 8 19 1
1477 310 12 20 8

1108 347 8 12 »
1134 335 14 35 1
1153 340 41 20 2221
1238 351 27 3 —|
1303 351 27 3 —I
1365 340 60 20 61—1
1451 340 38 20 1941
1514 340 98 21 381126:
1624 343 9 17 7
1679 339 33 21 126:
1724 342 23 17 61

1152 374 22 19 pt
1184 371 9 17 5
1451 377 15 12 s.
1478 372 10 17 2

1109 406 8 13 »
1128 395 22 34 1
1153 399 41 20 2661
1238 411 27 2 —I
1303 411 27 2 —I
1365 399 124 21 61—11951
1514 400 41 20 3821
1579 401 54 20 26::7
1653 395 22 34 1
1679 399 68 21 26:61

1147 437 15 12 s,
1170 431 25 17 39

1097 489 168 20 4911:10]-—]
1303 500 27 3 —I
1365 489 60 19 61—
1477 489 12 20 8
1542 489 70 21 8112:
1624 492 23 17 27
1652 485 22 34 |
1681 489 31 20 12:
1727 491 37 17 143)

1142 522 20 20 pt
1170 516 38 31 215]
1445 526 15 12 s.
1467 521 25 17 74

1109 555 8 12 »
1150 549 52 19 [1:10]
1238 560 27 2 —I
1303 560 27 2 —I
1365 548 60 20 61—
1477 548 12 20 8
1542 549 70 21 8112:
1624 552 23 17 27
1651 544 23 35 |
1681 548 30 20 12:
1727 550 37 18 143

1142 582 21 19 pt
1170 580 36 17 216
1445 586 14 11 s.
1467 581 23 17 74

1109 614 9 13 »
1149 608 53 20 [1:10]
1238 620 27 2 /—1
1303 619 27 3 —1
1364 608 61 19 61—]
1477 608 12 20 8
1542 608 70 21 8112:
1623 611 24 18 27
1656 604 18 35 |
1680 608 31 26 12:
1726 610 37 17 143

1142 642 20 19 pt
1170 636 38 29 217|
1445 645 14 12 s.
1467 640 24 17 74

1109 673 8 13 »
1149 668 53 19 I1:10l
1237 679 28 2 —1
1302 679 27 2 —1
1364 667 61 20 61—1
1475 668 14 20 8
1542 668 104 21 8'1'12::27
1658 663 14 35 |
1680 667 31 20 12:
1726 669 38 17 148]

1130 695 32 30 pt
1170 695 38 30 218|
1445 699 46 18 s.75

1109 733 8 13 »
1149 728 53 19 11:10]
1238 726 91 20 921255]
1364 727 61 19 61—
1477 727 12 20 8
1541 727 70 21 8112:
1623 730 24 17 28
1650 722 23 35 |
1680 726 31 21 12:
1726 729 38 17 144

1142 761 20 19 pt
1170 759 37 17 224
1444 759 48 17 si79
1592 767 1 3 s

1108 822 9 13 »
1149 817 53 19 11:10]:
1238 827 26 3 —]
1302 828 27 2 —1
1364 816 61 19 61—
1477 816 12 20 8
1541 816 106 21 8112:28
1652 812 23 35 |
1681 816 31 20 12:
1726 818 38 17 144

1142 850 19 19 pt
1170 844 37 30 225]
1445 853 14 12 s.
1467 848 24 17 84

1109 882 8 12 »
1149 876 53 20 [1:10]
1237 887 27 2 —)h
1302 876 123 19 —161—
1476 876 13 20 8
1541 876 12 19 81
1580 877 67 20 12:28)
1680 875 31 20 12:
1727 877 37 17 144

1142 910 20 19 pt
1169 894 39 40 226
1444 908 47 17 s.84

1108 941 9 13 »
1149 936 53 19 11:10]
1238 947 27 2 .—]1
1303 946 26 3 —1]
1364 935 61 19 6)—]
1476 936 13 19 81
1512 931 22 34 :
1541 935 13 20 81
1580 936 66 21 12:28
1680 935 32 20 112:
1728 936 37 18 144]

1142 969 20 19 pt
1170 967 37 17 227
1444 972 15 12 s.
1466 967 25 18 84

1109 1001 8 12 »
1149 995 53 20 11:10]
1238 1006 27 2 —I
1302 1006 28 2 —1
1364 994 61 20 61—1]1
1476 995 13 20 8
1541 995 106 21 8112:28'
1655 990 18 35 |
1682 994 30 20 12:
1727 996 38 17 144;

1142 1029 20 19 pt
1170 1023 36 29 228
1444 1032 15 12 s.
1466 1027 25 17 84

1109 1060 8 12 »
1149 1055 53 19 I1:10]
1252 1065 13 2 —I|
1303 1065 26 2 —1I
1364 1054 61 19 61—1
1476 1054 13 20 81
1540 1054 107 21 8112:28
1681 1054 84 19 PI2:1144]

1141 1088 22 19 pt
1165 1082 43 30 229]
1444 1090 15 13 s.
1462 1082 29 30 84

1109 1149 8 12 »
1150 1144 114 18 ]1:10l0—]
1303 1154 27 2 —I
1364 1142 61 20 61—
1476 1143 13 19 8
1540 1142 13 20 81
1580 1144 67 19 12:28
1652 1138 23 34 |
1681 1142 31 20 12:
1728 1144 37 17 144

1130 1170 32 30 pt
1170 1170 38 30 2301
1444 1179 15 12 s.
1467 1175 24 17 85

1108 1208 9 12 »
1149 1202 52 20 [1:10]
1238 1213 27 2 —1I
1302 1213 28 2 —)
1364 1201 61 20 61—1
1476 1202 13 20 8
1541 1202 12 19 81
1580 1203 67 19 12:28
1651 1197 22 34 |
1680 1201 31 20 12:
1728 1203 37 17 144]

1142 1235 20 20 pt
1170 1233 36 18 231
1444 1234 47 17 s.85

1109 1267 8 13 »
1149 1262 53 19 I1:10]:
1238 1272 27 3 —I
1302 1261 187 20 —1:61—118
1541 1261 12 20 81
1580 1262 67 20 12:28
1655 1256 18 35 |
1681 1260 31 20 12:
1728 1262 37 17 144]

1142 1295 21 19 pt
1170 1293 37 17 232
1444 1293 47 17 s..85

1108 1326 9 13 »
1149 1321 53 19 11:10
1238 1331 27 3 —]
1302 1331 28 3 —]
1364 1320 61 19 61/—
1476 1321 13 19 8
1541 1320 13 20 81
1581 1321 66 20 12:28
1652 1316 22 33 |
1682 1320 31 19 12:
1728 1321 37 20 144

1142 1354 20 20 pt
1170 1352 38 18 233
1444 1352 47 17 s.85

1109 1385 8 13 »
1149 1381 53 19 1:10
1237 1391 28 2 —]
1303 1391 26 2 —1
1364 1379 61 20 61—
1477 1380 13 20 8
1541 1380 13 19 81
1581 1380 67 20 12:28
1658 1375 18 34 |
1683 1379 30 20 12:
1729 1381 37 17 144

1142 1414 21 19 pt
1170 1408 34 31 234
1445 1416 15 13 s.
1467 1412 24 17 85

1108 1445 9 13 »
1149 1440 17 20 |1:
1179 1442 23 17 10)
1237 1450 27 3 5)
1302 1450 28 3 1—]
1365 1439 60 19 61
1477 1440 13 19 81):
1541 1439 13 20 81
1581 1438 132 22 12:28:112:
1728 1440 37 17 144)

1142 1473 21 20 pt
1170 1471 36 18 235
1445 1476 15 12 s.
1467 1471 24 17 86

1109 1505 9 13 »
1149 1500 53 19 11:10]
1238 1498 27 20 931
1303 1498 26 20 931
1365 1498 60 20 6)—
1477 1499 13 20 8
1541 1498 13 20 81
1582 1499 66 20 12:28
1652 1494 22 33 |
1682 1498 30 19 12:
1728 1500 37 17 144]

1142 1533 21 19 pt
1170 1524 38 32 2361
1226 1528 39 20 142
1264 1524 20 32 |
1291 1528 38 20 175
1445 1535 15 13 s.
1468 1531 23 17 86

1109 1682 9 13 »
1150 1678 52 19 11:10]
1238 1688 28 2 —I
1303 1688 27 2 —I
1365 1676 61 20 61)—
1477 1677 13 20 8
1542 1676 106 21 8112:28
1653 1671 23 35 |
1682 1675 30 20 12:
1727 1677 38 18 144

1131 1704 32 31 pt
1170 1708 35 18 237
1445 1713 15 12 s.
1468 1709 24 16 90

1109 1742 9 13 »
1150 1737 53 19 [1:10]
1238 1747 28 3 —I
1303 1748 27 2 —1
1365 1736 61 19 61—1
1477 1736 13 20 8
1542 1736 13 20 81
1582 1736 66 20 12:28
1650 1731 27 34 |
1682 1735 31 19 12:
1727 1737 38 17 144

1134 1755 29 38 pt
1171 1755 38 38 238]
1446 1772 14 13 s.
1468 1768 24 17 90

1109 1801 9 13 »
1150 1796 53 19 [1:10]
1239 1807 27 2 —LI
1303 1807 27 2 —1I
1365 1795 125 20 61—1-8
1543 1795 70 20 8112:
1625 1797 24 18 28
1653 1790 22 34 |
1683 1794 30 20 12:
1728 1796 37 17 144

1143 1829 21 20 pt
1171 1827 36 18 238
1446 1827 47 18 s.90

1109 1860 9 13 »
1150 1856 53 19 [1:10]
1241 1854 25 20 10
1317 1855 13 20 41
1365 1854 61 20 61]—
1477 1855 13 20 8
1542 1855 13 19 81
1582 1855 66 20 12:28
1658 1849 23 35 |
1682 1853 83 20 12::144

1143 1889 20 19 pt
1170 1880 39 34 240]
1227 1884 36 20 141
1266 1880 18 34 |
1291 1884 39 20 172
1446 1892 14 12 s.
1468 1887 21 17 91

1109 2069 8 13 »
1150 2063 53 20 toto
1239 2074 92 3 le]
1365 2063 62 19 6-1
1478 2063 13 20 008
1543 2063 12 19 81
1582 2063 66 20 12:28
1660 2058 13 34 |
1682 2062 31 20 12:
1728 2064 37 17 144]

1142 2096 21 20 pt
1166 2091 41 30 241
1446 2100 15 11 s.
1468 2095 25 17 95
