1823 2357
749 158 223 17 SAKREGISTER

76 451 169 26 Avskrivningar
261 450 36 21 och
313 450 116 27 eftergifter.

78 483 10 18 6
104 481 42 20 RD
164 481 118 26 medgiver,
301 482 34 18 att
353 480 25 20 A.
397 480 66 23 Bask,
483 480 22 20 F.
525 480 62 23 Lind,
606 480 23 19 L.
648 480 63 23 Lind,
730 480 20 19 J.
769 480 25 19 A.
813 480 100 24 Jonsson,

118 511 19 20 S.
152 511 25 20 A.
192 511 66 23 Bask,
277 510 20 20 J.
312 510 107 26 Lindgren
437 510 39 20 och
490 510 21 20 J.
526 510 24 20 G.
565 510 103 19 Eriksson
682 510 35 19 må
731 509 79 20 befrias
823 510 47 19 från
883 510 32 20 vi-

117 541 51 20 dare
183 540 247 27 betalningsskyldighet
445 540 32 20 till
492 540 82 20 kronan
590 540 27 26 på
631 539 70 27 grund
716 545 28 14 av
758 539 56 20 visst
827 540 88 26 angivet

117 571 124 25 virkesköp,
256 571 68 19 under
337 570 158 25 förutsättning
509 571 35 18 att
557 575 28 14 av
599 570 94 19 kronans
707 569 87 20 fordran
809 569 105 21 inbetalas

117 602 32 18 ett
165 600 78 26 belopp
259 605 28 15 av
302 599 63 20 4000
379 600 32 19 kr.

78 662 9 17 7
104 660 41 20 RD
162 659 118 27 medgiver,
297 661 34 18 att
346 659 67 20 förste
429 659 270 26 gymnastikkonsulenten
716 659 38 19 hos
770 659 145 26 skolöversty-

116 689 76 24 relsen,
210 689 109 26 kaptenen
337 689 7 19 i
361 689 85 19 Vendes
463 689 223 25 artilleriregementes
703 694 71 14 reserv
791 688 28 20 K.
837 688 25 20 A.
880 689 34 20 W.

117 719 56 26 Berg
189 725 43 14 von
249 719 67 20 Linde
333 719 35 19 må
385 718 79 20 befrias
480 718 47 20 från
544 718 124 26 skyldighet
683 720 35 18 att
733 718 33 20 till
782 719 132 19 statsverket

117 749 120 20 återbetala
253 749 91 25 oriktigt
359 748 112 26 uppburen
488 748 89 26 pension
593 754 35 14 om
643 748 91 26 tillhopa
749 748 13 20 5
771 747 40 20 040
826 748 32 20 kr.

77 812 11 17 8
104 808 41 20 RD
160 808 117 26 medgiver,
291 810 35 18 att
339 808 144 26 värnpliktige
498 808 21 20 C.
535 808 27 19 H.
577 808 136 20 Söderström
726 808 34 19 må
775 807 78 20 befrias
867 808 46 20 från

117 838 41 20 den
179 838 80 20 honom
278 838 88 26 jämlikt
385 838 166 20 rådhusrättens
571 838 6 19 i
598 834 119 23 Östersund
737 837 71 26 utslag
827 837 40 20 den
890 838 24 19 10

117 874 57 14 mars
194 868 51 20 1938
262 868 113 26 åliggande
392 867 124 26 skyldighet
533 869 35 18 att
584 867 32 20 till
633 868 82 19 kronan
733 867 75 26 utgiva
827 867 38 19 110
882 868 31 20 kr.

116 898 27 20 87
158 900 42 18 öre.

77 961 11 17 9
103 958 42 20 RD
163 958 118 26 medgiver,
298 959 36 18 att
350 957 145 27 värnpliktige
512 957 24 20 P.
555 957 24 19 O.
597 957 24 20 T.
639 957 63 19 Lund
719 957 35 19 må
771 957 79 20 befrias
867 957 47 20 från

117 987 41 21 den
179 988 80 19 honom
278 987 89 26 jämlikt.
385 987 188 26 krigshovrättens
593 987 71 26 utslag
684 987 41 19 den
745 986 27 20 30
791 992 49 21 aug.
862 987 52 20 1938

116 1017 114 27 åliggande
251 1017 125 26 skyldighet
397 1019 35 18 att
453 1017 33 20 till
508 1017 83 20 kronan
614 1017 75 26 utgiva
711 1016 132 20 skadestånd
865 1017 49 20 med

116 1047 37 20 651
170 1048 32 19 kr.
217 1047 26 20 55
257 1049 42 18 öre.

65 1109 23 18 10
102 1107 43 20 RD
160 1106 117 27 medgiver,
292 1108 35 18 att
341 1108 126 24 sergeanten
481 1107 12 19 å
508 1108 117 18 reservstat
640 1106 36 20 vid
691 1106 119 20 Norrlands
824 1106 91 26 dragon-

116 1138 123 24 regemente
254 1136 24 20 E.
294 1136 28 20 K.
337 1136 21 20 J.
373 1136 86 20 Lundin
474 1137 34 19 må
524 1136 78 20 befrias
616 1136 47 20 från
679 1136 40 19 den
733 1136 81 19 honom
827 1135 88 26 jämlikt

116 1166 129 20 hovrättens
259 1166 34 20 för
308 1163 56 23 Övre
379 1166 108 20 Norrland
502 1166 71 26 utslag
588 1166 40 20 den
643 1166 12 19 3
670 1171 48 21 aug.
735 1165 52 20 1938
802 1165 112 26 åliggande

116 1196 125 26 skyldighet
266 1197 35 19 att
321 1196 33 20 till
375 1196 83 20 kronan
480 1196 75 26 utgiva
577 1195 132 21 skadestånd
730 1195 49 20 med
803 1195 57 20 1304
881 1196 32 20 kr.

117 1226 26 20 LO:
160 1227 42 19 Öre:

64 1289 21 16 11
102 1286 42 19 RD
158 1285 118 26 medgiver,
290 1287 35 18 att
337 1285 143 20 maskinisten
493 1285 37 20 vid
544 1285 139 26 Kronobergs
696 1286 121 25 regemente
831 1285 20 20 S.
865 1285 49 20 Pet-

115 1317 72 18 terson
208 1315 35 20 må
263 1315 80 20 befrias
362 1315 48 20 från
431 1315 80 20 honom
530 1315 88 26 jämlikt
637 1315 187 26 krigshovrättens
843 1315 71 26 utslag

115 1345 41 20 den
177 1346 13 19 3
210 1345 43 26 maj
278 1345 52 20 1938
350 1345 114 26 åliggande
484 1345 125 26 skyldighet
628 1346 35 19 att
682 1345 33 20 till
735 1345 83 26 kronan
838 1345 75 26 utgiva

115 1375 133 20 skadestånd
264 1375 49 20 med
328 1375 40 20 355
383 1375 32 20 kr.

63 1438 23 17 12
101 1435 43 20 RD
163 1435 117 26 medgiver,
300 1437 35 18 att
352 1435 146 26 värnpliktige
518 1435 24 20 G.
562 1435 27 19 H.
609 1435 91 19 Persson
718 1434 42 23 må,
780 1434 73 20 därest
871 1434 42 21 han

115 1466 73 19 senast
202 1465 41 19 den
260 1465 7 19 1
285 1465 45 19 okt.
347 1465 52 20 1939
414 1465 32 20 till
460 1464 207 27 flygförvaltningen
681 1464 95 26 erlägger
789 1465 33 19 ett
835 1464 78 26 belopp

115 1501 29 14 av
167 1494 25 21 75
215 1495 40 23 kr.,
279 1494 79 21 befrias
381 1495 47 19 från
452 1494 137 21 återstående
612 1494 247 26 betalningsskyldighet
881 1494 32 20 till

115 1525 84 19 kronan
216 1524 67 26 enligt
298 1524 144 27 krigsrättens
459 1525 36 19 vid
512 1524 98 20 Skånska
627 1524 237 26 kavalleriregementet
880 1526 34 18 ut-

116 1554 45 26 slag
177 1554 41 20 den
234 1554 23 20 31
277 1560 57 14 mars
352 1554 58 20 1938.

64 1616 23 18 13
102 1614 43 20 RD
159 1614 117 26 medgiver,
290 1616 35 18 att
338 1614 145 26 värnpliktige
497 1614 25 20 E.
537 1614 23 20 L.
576 1614 134 20 Gustavsson
724 1614 35 19 må
774 1613 78 20 befrias
865 1613 47 20 från

116 1644 80 19 honom
217 1643 88 26 jämlikt
327 1644 54 19 Svea
403 1644 107 25 livgardes
530 1644 116 25 krigsrätts
667 1643 71 26 utslag
759 1643 40 19 den
821 1643 26 19 28
868 1643 43 26 maj

117 1673 53 20 1938
191 1673 113 26 åliggande
325 1673 125 26 skyldighet
471 1675 35 18 att
526 1673 32 20 till
579 1674 83 19 kronan
684 1673 75 26 utgiva
780 1673 132 20 skadestånd

115 1703 49 20 med
179 1703 40 20 253
233 1703 32 20 kr.
280 1703 27 20 92
321 1705 42 18 öre.

64 1765 23 17 14
102 1762 42 20 RD
158 1762 117 26 medgiver,
290 1764 35 18 att
338 1763 94 20 kronans
445 1763 7 19 i
465 1762 240 27 statsrådsprotokollet
718 1762 142 20 omförmälda
874 1762 38 20 hos

116 1792 145 20 Norrbottens
278 1792 47 20 läns
341 1792 239 21 kolonisationsnämnd
597 1792 126 20 redovisade
740 1792 121 26 fordringar
878 1798 34 14 om

115 1822 91 26 tillhopa
223 1822 72 20 11122
310 1823 31 19 kr.
357 1823 27 19 29
399 1824 35 18 öre
450 1823 34 19 må
499 1822 120 21 avskrivas.

64 1884 22 17 15
102 1882 42 20 RD
161 1882 117 26 medgiver,
295 1884 35 18 att
345 1882 20 20 J.
383 1883 25 20 O.
426 1882 100 20 Hedman
543 1882 6 20 i
566 1882 94 23 Hedvik,
677 1877 89 31 Åskilje,
782 1882 35 19 må
834 1881 78 21 befrias

115 1912 48 20 från
176 1912 126 26 skyldighet
314 1914 35 18 att
360 1912 88 26 jämlikt
460 1913 151 19 bestämmelse
624 1912 6 20 i
643 1912 106 20 kontrakt
762 1912 40 20 den
816 1911 24 20 21
855 1917 57 14 mars

116 1942 39 20 och
176 1942 40 20 den
236 1942 13 19 4
269 1947 48 21 aug.
340 1942 49 20 1931
412 1942 120 20 återbetala
552 1944 33 18 ett
603 1942 48 20 från
671 1943 83 19 statens
773 1941 139 26 avdiknings-

115 1971 75 27 anslag
204 1972 109 20 utbetalat
325 1972 134 26 statsbidrag
471 1978 28 14 av
512 1972 41 20 650
565 1973 32 19 kr.
611 1972 33 20 till
656 1973 33 19 ett
701 1972 91 26 företag,
806 1971 106 20 avseende

115 2001 167 27 myrutdikning
302 2002 39 20 och
361 2002 215 26 vattenavtappning
596 2002 59 20 inom
674 2002 138 26 skogstorpet
832 2001 80 26 Ljung-

115 2031 58 20 holm
189 2031 6 20 i
213 2031 95 20 Stensele
324 2032 79 20 socken
419 2038 28 14 av
462 2032 168 20 Västerbottens
645 2032 43 23 län,
703 2031 69 27 jämte
788 2031 12 20 å
816 2031 96 20 nämnda

114 2061 79 27 belopp
211 2061 110 27 upplupen
338 2063 64 19 ränta
419 2063 58 19 samt
493 2063 35 18 att
544 2061 33 20 till
594 2061 101 20 Hedman
712 2061 35 20 må
764 2061 48 20 från
829 2062 83 19 statens

1209 235 96 16 Utskotts-
1378 234 55 17 Riks-

995 257 55 35 Kungl.
1104 283 3 3 :
1186 259 129 30 utlåtanden,
1371 259 69 30 dagens
1499 252 117 34 SSRENAS

997 291 54 18 Maj:ts]
1062 283 92 16 Motioner
1181 294 95 17 memorial
1289 294 43 16 eiler
1382 294 21 16 Sk
1489 278 141 29 förhandlingar

943 315 26 20 År
997 323 50 16 [propir
1192 319 131 31 betänkanden
1375 324 59 16 velser
1516 311 87 21 (propan)

1005 351 36 14 eller
1111 360 94 16 fl
1409 345 45 27 Wen
1563 360 21 1 NS

997 381 54 14 SKEN
1065 391 33 16 BRC
1116 390 35 17 LAR
1172 378 16 38 5
1219 382 10 49 Zz
1255 390 89 17 Nummer|
1362 390 90 16 Nummer
1500 378 31 40 SR
1576 378 66 40 ee

1173 418 15 11 3
1540 414 3 3 ö
1641 413 3 3 5

1559 443 1 27 |

934 480 52 20 1939)
1010 480 26 20 83
1048 476 22 35 |
1072 492 27 2 —I|
1125 480 116 20 —HO|—1
1263 480 26 20 28
1303 483 31 17 s.6
1389 480 38 20 118
1436 475 30 34 |
1478 480 67 19 18:40
1559 481 2 23 |
1579 479 31 20 18:
1622 481 24 17 60

1000 511 21 20 pt
1034 511 11 15 2

933 658 53 20 1939]
1004 658 39 21 107]
1072 671 27 2 —|
1125 671 28 1 —I
1180 659 62 19 81—]
1263 659 26 19 22
1389 659 38 20 132
1476 658 55 19 20:4
1542 654 25 33 |
1577 658 69 19 20:48

1559 740 1 62 |

934 807 51 20 1939]
1005 807 39 20 104]
1072 819 27 2 —|
1126 820 27 2 —1I
1180 808 12 19 6
1215 819 27 2 1—]
1263 807 26 20 76
1303 809 32 18 8.9
1388 807 36 19 141
1476 807 33 19 20:
1521 809 5 16 7
1577 806 33 20 20:
1622 808 24 17 54

999 838 22 20 pt
1036 838 7 16 1

1244 867 2 20 I

1244 899 2 29 |

932 957 54 20 1939]
1004 956 39 20 104
1049 952 18 34 |
1072 969 27 2 —
1106 952 7 34 I!
1125 968 28 3 —]
1180 957 12 19 6
1215 968 27 2 |—]
1263 956 26 19 76
1303 958 45 18 s.10]
1388 956 37 19 141
1476 955 33 21 20:
1521 958 9 16 7
1577 955 33 20 20:
1622 957 24 17 54

999 988 22 19 pt
1034 987 11 16 2

933 1106 53 20 1939]
1004 1106 39 20 104
1048 1099 19 36 |
1071 1118 28 2 —|
1125 1117 28 3 —IJ|
1179 1106 62 19 6-1
1263 1105 84 20 76's.11l
1388 1105 36 19 141
1476 1104 80 22 120:7::]
1577 1103 69 20 20:54

1000 1137 21 19 pt
1034 1136 10 16 3
1559 1148 1 3 |

933 1284 52 20 1939]
1004 1284 38 20 104]
1070 1296 29 3 —I|
1125 1296 27 2 —1
1179 1284 12 20 6
1214 1296 27 2 |—]
1263 1283 25 20 76
1302 1286 45 17 s.13l
1389 1283 34 20 141
1475 1282 55 20 20:7
1539 1278 26 34 |
1576 1282 70 21 20:54

999 1316 21 19 pt
1033 1315 10 16 4

933 1433 52 21 1939]
1003 1434 39 20 104
1047 1421 17 44 |
1070 1445 28 3 —
1099 1421 17 44 |
1124 1446 28 2 —]
1179 1433 12 19 6
1213 1445 27 2 |—]
1262 1432 25 20 76
1302 1435 45 17 s.14]
1387 1432 36 20 141
1475 1431 54 20 |20:7
1557 1425 2 24 |
1564 1425 81 26 20:54

998 1465 22 20 pt
1033 1465 10 16 5
1557 1456 2 8 I

932 1612 52 21 1939]
1002 1613 39 20 104]
1069 1624 29 3 —|
1124 1625 27 2 —]
1178 1612 12 20 6
1213 1624 27 2 1—]
1261 1611 26 19 76
1301 1613 45 18 s.15l
1387 1611 35 19 141
1473 1610 34 21 20:
1519 1612 9 17 7
1575 1610 33 20 20:
1620 1612 24 17 54

997 1644 22 19 pt
1032 1644 10 15 6

930 1761 54 21 1939]
1002 1761 38 21 133]
1069 1773 27 3 —
1101 1756 14 35 |
1122 1773 28 2 —
1165 1760 25 20 10
1212 1772 27 2 |—]
1260 1760 26 19 29
1386 1759 38 21 145
1438 1754 28 35 |
1473 1758 135 21 20:12:20:
1619 1760 24 17 62

930 1882 53 20 1939]
1001 1881 39 21 155
1043 1870 22 41 |
1068 1893 28 2 —
1095 1870 16 41 |
1122 1892 28 3 —
1165 1880 24 20 10
1189 1870 27 41 |
1211 1874 32 20 —I
1259 1879 27 20 40
1385 1879 38 20 188
1435 1874 27 35 |
1473 1878 69 20 23:66
1542 1874 23 35 |
1574 1878 33 20 24:
1619 1880 10 17 8
