1836 2353
158 142 27 21 16
892 149 136 15 SAKREGISTER

177 425 151 22 Alkoholister.

221 456 59 20 finna
298 457 78 26 skäligt
395 457 125 25 bestämma,
539 457 100 27 upplåtas
655 457 34 20 till
705 457 114 26 landsting,
835 457 113 25 kommun,
964 457 51 20 före-

221 486 58 26 ning,
296 486 90 21 stiftelse
402 486 51 21 eller
469 493 70 14 annan
555 487 33 20 för
604 487 137 20 anordnande
758 494 26 13 av
799 487 81 20 allmän
893 487 123 20 alkoholist-

221 516 86 20 anstalt.

179 587 9 15 5
206 582 38 20 RD
266 582 115 26 medgiver,
404 584 31 18 att
453 582 33 20 till
503 582 136 20 bestridande
655 588 26 14 av
697 582 143 20 kostnaderna
855 582 33 20 för
903 582 113 20 utförande

221 619 26 13 av
263 611 147 28 nybyggnads-
423 612 40 20 och
474 612 226 25 förbättringsarbeten
711 611 131 21 beträffande
853 612 163 26 ekonomibygg-

221 642 66 20 nader
302 643 13 19 å
330 644 81 18 statens
426 642 133 20 vårdanstalt
569 643 13 19 å
594 642 113 26 Venngarn
718 642 34 20 för
762 641 138 21 alkoholister
912 642 36 20 må
959 642 57 20 intill

220 674 31 18 ett
266 672 78 26 belopp
361 678 26 14 av
402 672 63 26 högst
481 672 27 20 20
518 671 42 21 945
577 672 31 21 kr.
626 672 27 19 26
670 673 34 19 öre
720 671 108 21 användes
844 671 37 21 det
896 678 26 14 av
937 672 38 19 RD
989 672 28 26 på

221 702 117 26 tilläggstat
358 702 34 20 för
414 702 23 19 år
460 701 57 21 1920
540 701 100 21 anvisade
659 703 60 19 extra
737 701 236 26 reservationsanslaget
990 708 27 14 av

223 732 40 20 140
274 731 42 21 000
340 731 31 20 kr.
396 731 34 20 till
453 731 146 27 nybyggnads-
622 732 40 20 och
681 731 188 26 ändringsarbeten
886 731 34 21 vid
937 734 80 18 statens

221 761 227 27 uppfostringsanstalt
463 762 13 19 å
492 762 119 25 Venngarn.

179 826 7 15 1
205 821 43 20 Till
272 820 168 21 driftkostnader
460 821 33 20 för
516 823 80 18 statens
620 820 132 21 vårdanstalt
774 821 33 20 för
825 821 139 20 alkoholister
979 820 37 21 vid

221 851 96 26 Svartsjö
339 851 85 20 anvisas
447 851 33 20 för
504 851 124 26 budgetåret
653 850 124 28 1926/1927
798 853 31 18 ett
844 853 60 18 extra
920 851 96 26 förslags-

221 881 74 25 anslag
312 887 26 14 av
354 880 27 21 25
391 880 42 21 000
450 881 31 20 kr.

178 946 9 15 2
206 941 42 19 Till
264 940 168 21 driftkostnader
446 940 34 20 för
495 942 80 18 statens
586 940 132 21 vårdanstalt
728 941 33 19 för
772 940 138 20 alkoholister
920 941 6 19 i
938 940 78 20 Lands-

221 971 67 19 krona
304 970 85 20 anvisas
404 970 33 20 för
453 970 124 26 budgetåret
595 968 124 29 1926/1927
737 972 30 18 ett
783 972 60 18 extra
853 970 164 26 förslagsanslag

221 1007 26 14 av
264 1001 12 19 2
286 1000 43 20 000
345 1000 31 20 kr.

179 1064 9 15 3
206 1059 41 20 För
271 1059 125 25 budgetåret
420 1057 126 28 1926/1927
563 1059 84 20 anvisas
663 1059 33 20 till
713 1059 124 26 avlöningar
852 1059 40 20 och
908 1059 108 20 vikariats-

221 1088 141 26 ersättningar
378 1088 36 20 vid
430 1090 80 18 statens
525 1088 132 20 vårdanstalt
673 1089 12 19 å
703 1088 112 26 Venngarn
830 1088 34 20 för
879 1088 138 20 alkoholister

222 1120 30 19 ett
271 1120 60 18 extra
346 1118 74 26 anslag
435 1124 27 14 av
478 1118 79 19 41545
574 1118 30 20 kr.
620 1120 57 18 samt
692 1118 33 20 till
742 1118 74 26 bidrag
831 1118 34 20 till
881 1118 135 20 driftkostna-

222 1148 66 20 derna
304 1148 7 20 i
327 1148 68 26 övrigt
418 1148 33 20 för
474 1154 83 13 samma
580 1148 80 20 anstalt
683 1150 30 18 ett
736 1150 60 18 extra
811 1148 164 26 förslagsanslag
991 1154 26 14 av

223 1178 26 20 69
260 1178 42 20 575
319 1178 31 20 kr.

179 1242 10 15 4
207 1237 42 20 Till
268 1236 122 28 främjande
408 1243 27 14 av
453 1236 269 27 nykterhetsnämndernas
741 1237 136 20 verksamhet
893 1243 29 14 m.
938 1243 29 13 m.
984 1236 32 20 be-

221 1267 64 26 viljas
301 1268 30 19 ett
347 1266 78 26 anslag,
442 1268 32 19 att
489 1267 51 25 utgå
555 1266 67 26 enligt
637 1273 26 14 av
679 1266 61 21 KM:t
749 1266 122 21 fastställda
881 1266 98 26 grunder,
991 1273 25 13 av

223 1296 41 21 150
274 1296 43 20 000
333 1296 39 25 kr.,
389 1297 39 19 och
445 1297 84 20 anvisas
545 1296 65 20 därav
625 1296 33 20 för
672 1296 125 26 budgetåret
810 1294 124 28 1926/1927
946 1296 70 20 såsom

221 1328 59 19 extra
296 1326 215 26 reservationsanslag
527 1326 27 20 45
564 1326 42 20 000
623 1326 39 23 kr.,
679 1328 32 18 att
720 1327 51 25 utgå
781 1332 26 14 ur
817 1326 137 20 statsverkets
965 1325 52 20 fond

222 1363 26 13 av
271 1355 195 27 rusdrycksmedel;
491 1356 40 20 och
551 1356 84 20 anvisas
651 1356 33 20 för
700 1356 125 26 budgetåret
843 1354 123 29 1926/1927
984 1355 33 21 till

222 1386 93 20 erkända
330 1386 40 20 och
386 1386 98 20 enskilda
499 1386 229 20 alkoholistanstalters
739 1385 168 21 driftkostnader
917 1387 31 19 ett
958 1387 60 19 extra

222 1416 163 26 förslagsanslag
408 1422 26 14 av
454 1416 41 20 135
506 1415 42 20 000
564 1415 39 25 kr.,
620 1415 33 21 till
669 1418 81 18 statens
765 1415 115 21 kostnader
894 1415 34 20 för
942 1415 76 26 farliga

222 1445 138 21 alkoholister
383 1452 28 13 m.
429 1452 28 13 m.
482 1447 31 18 ett
535 1447 60 18 extra
618 1445 164 26 förslagsanslag
805 1452 26 13 av
848 1445 12 20 5
870 1445 42 20 000
929 1445 39 25 kr.,
984 1445 34 20 till

222 1475 137 20 anordnande
374 1482 26 13 av
416 1475 94 20 erkända
526 1475 219 20 alkoholistanstalter
760 1477 30 18 ett
801 1476 60 19 extra
871 1475 146 20 reservations-

223 1505 73 25 anslag
312 1511 26 14 av
355 1504 77 20 15000
448 1505 39 24 kr.,
504 1504 34 21 till
554 1505 131 26 sakkunnigt
701 1504 82 21 biträde
799 1505 39 20 hos
849 1504 169 27 socialstyrelsen

221 1535 34 20 för
265 1534 93 21 ärenden
368 1534 89 20 rörande
469 1534 195 21 alkoholistvården
675 1536 31 19 ett
716 1536 60 19 extra
787 1534 74 26 anslag
871 1541 26 13 av
907 1534 12 20 3
927 1534 42 20 600
979 1534 38 24 kr.;

222 1564 40 20 och
285 1564 108 26 medgiver
416 1564 37 20 RD
475 1566 32 18 att
523 1571 26 13 av
564 1564 151 20 ovannämnda
730 1564 74 26 anslag
819 1564 34 20 till
869 1563 94 21 erkända
978 1564 40 20 och

222 1593 98 21 enskilda
331 1593 228 21 alkoholistanstalters
571 1593 167 21 driftkostnader
749 1594 36 20 må
795 1593 75 21 kunna
881 1593 33 21 till
925 1593 94 21 erkända

222 1623 223 21 alkoholistanstalten
453 1623 104 21 Hemmet
565 1623 142 26 Gunnarskog
715 1624 33 20 för
756 1623 126 26 budgetåret
891 1621 125 26 1926/1927

222 1654 52 25 utgå
292 1653 74 26 bidrag
384 1653 34 20 till
437 1653 197 20 driftkostnaderna
649 1653 50 20 med
715 1654 19 26 ej
752 1653 84 20 mindre
852 1655 31 18 ett
899 1653 77 26 belopp
993 1660 26 13 av

223 1689 26 14 en
265 1683 68 20 krona
347 1683 33 20 för
396 1683 41 25 dag
451 1683 40 20 och
507 1682 110 27 vårdplats
633 1685 27 18 än
676 1685 53 18 även
745 1684 31 19 ett
786 1683 78 26 belopp
874 1683 34 20 för
918 1682 100 26 vårddag,

222 1719 47 14 som
285 1713 50 20 med
350 1719 27 14 en
392 1713 67 20 krona
474 1712 134 26 understiger
618 1712 36 21 det
664 1713 35 20 till
709 1713 72 26 övriga
792 1712 94 21 erkända
896 1712 122 21 alkoholist-

222 1742 104 21 anstalter
344 1742 105 26 utgående
468 1742 156 26 statsbidraget,
641 1744 56 19 samt
713 1744 31 19 att
759 1742 55 27 jord,
830 1749 46 14 som
892 1743 44 20 står
951 1742 68 20 under

222 1772 93 20 kronans
338 1772 136 20 omedelbara
497 1772 127 26 disposition
648 1772 52 21 eller
715 1779 45 13 som
777 1772 73 20 tillhör
865 1773 69 25 någon
950 1778 26 14 av
992 1772 26 20 de

222 1802 69 20 under
307 1802 54 20 bruk
376 1802 40 20 och
433 1802 101 26 bergverk
550 1802 33 20 för
598 1802 75 26 nödigt
688 1802 115 26 skogsfång
816 1802 104 26 upplåtna
930 1802 88 20 allmän-

222 1833 76 25 ningar
308 1832 52 20 eller
370 1832 69 25 någon
451 1838 26 14 av
485 1831 26 21 de
520 1838 76 19 genom
605 1831 196 27 domänstyrelsens
809 1832 82 25 försorg
898 1831 120 21 utarrende-

222 1862 50 20 rade
283 1861 202 26 kronoegendomar,
494 1861 59 21 vilka
561 1861 47 21 icke
616 1862 105 26 upplåtits
729 1862 34 20 till
771 1861 101 21 förenade
880 1863 138 25 mötespasse-

222 1891 189 21 volanskassornas
430 1891 59 24 fond,
509 1891 127 21 stuterierna
654 1891 52 21 eller
724 1891 109 21 Vadstena
848 1891 170 26 krigsmanshus-

222 1921 59 24 fond,
298 1922 42 23 må,
357 1921 53 20 efter
425 1928 27 13 av
467 1921 61 20 KM:t
543 1921 7 20 i
566 1922 58 25 varje
634 1921 87 20 särskilt
731 1921 38 20 fall
780 1921 116 21 verkställd
907 1921 111 26 prövning,

222 1953 53 18 utan
291 1951 92 20 särskild
399 1951 118 26 ersättning
532 1951 33 20 till
581 1951 81 20 kronan
678 1952 28 25 på
722 1951 26 20 de
763 1951 79 20 villkor
852 1951 8 20 i
870 1951 73 25 övrigt,
957 1951 62 20 KM:t

222 1980 43 20 kan
288 1980 59 21 finna
370 1980 78 26 skäligt
464 1980 127 26 bestämma,
607 1980 100 27 upplåtas
723 1980 34 21 till
773 1980 116 26 landsting,
905 1980 112 25 kommun,

221 2010 105 26 förening,
350 2010 91 21 stiftelse
464 2010 52 20 eller
534 2017 71 13 annan
621 2010 33 20 för
670 2010 137 21 anordnande
823 2017 26 14 av
865 2010 81 20 allmän
962 2010 56 20 alko-

222 2040 152 20 holistanstalt.

1105 211 41 32 så
1488 217 53 18 Riks-

1052 242 17 26 =
1105 240 42 36 2
1197 265 12 17 SG
1335 235 73 47 SE
1479 240 72 33 dagens
1609 247 118 17 Kamrarnas

1051 272 17 26 ARR
1129 278 18 28 2
1184 270 75 13 ORON
1302 266 20 36 Sa
1371 271 12 11 ”
1398 270 27 28 Ön
1483 272 56 30 skri-
1594 276 146 23 förhandlingar

1047 303 22 42 2
1106 300 40 51 ie
1286 295 48 17 eller
1346 295 100 17 memorial
1486 307 62 17 völksr

1052 349 11 9 a
1106 343 17 16 R

1052 362 17 11 &
1106 358 35 23 [27
1279 355 58 20 sir
1440 355 7 31 Be
1536 362 17 19 21
1582 360 68 18 Första
1654 356 24 31 |
1683 360 66 17 Andra

1052 377 11 9 3
1114 372 28 40 8
1167 372 88 18 FKIAK
1279 368 17 44 E
1320 378 18 30 å
1375 372 17 27 :
1435 383 17 24 :
1488 372 17 27 S
1536 382 17 25 &
1552 378 18 33 |
1578 384 72 17 kamm.
1651 378 26 33 |
1681 385 71 16 kamm.

1031 457 56 21 1924;

1031 581 57 22 1925]
1111 583 27 20 82
1285 582 12 20 61
1327 582 11 20 11
1375 582 27 20 65
1476 582 41 20 165
1584 581 69 21 28:15:
1686 583 33 20 31:
1731 588 24 16 10

1031 820 91 23 192611:
1133 821 12 20 5
1285 821 12 20 6|/
1327 820 76 21 11132|
1451 820 66 21 11270)
1543 820 66 20 7138:
1620 820 42 21 69d1
1677 820 34 21 39:
1723 820 40 21 76d

1102 856 45 22 p-23

1055 941 90 21 FAR
1285 941 12 20 6|
1327 939 76 21 11132!
1449 939 69 21 21270]
1543 944 9 15 81
1583 939 68 22 38:77]
1686 939 70 21 39:80

1102 976 46 23 p-24

1055 1067 8 10 s
1105 1060 40 20 AL:D
1285 1059 12 20 6|
1327 1058 76 21 1/132|
1450 1058 68 20 81270)
1543 1063 10 15 81
1584 1058 69 21 38:77]
1685 1054 34 34 39:
1725 1054 31 34 80

1102 1095 45 22 p.-25

1055 1246 8 10 »
1105 1238 40 20 [1:5
1163 1235 100 29 |1691240j
1285 1238 12 19 6|
1327 1236 76 21 111321]
1450 1236 68 21 41270)
1543 1236 119 21 8138:78d1
1678 1236 34 21 39:
1723 1237 42 20 god

1102 1272 46 23 p-26
