1826 2349
1618 69 40 20 441

75 249 107 22 Hansson,
201 249 40 19 Per
258 248 71 20 Albin.

75 284 82 26 Norges
173 284 105 26 stortings
294 284 239 26 kondoleanstelegram
551 283 31 20 till
600 283 97 27 Sveriges
713 283 87 27 riksdag
816 284 49 20 med
881 284 43 20 anl.
941 290 27 14 av

74 314 81 20 dennes
170 314 106 20 frånfälle.

100 344 55 25 Ang.
172 343 89 27 pension
276 344 24 19 åt
315 344 53 20 hans
383 344 64 22 änka;
463 350 22 13 se
499 343 114 20 Pensioner
627 343 64 26 (1946
701 343 37 26 H).

75 386 135 24 HANSSON,
225 385 84 21 Teresia
325 385 146 25 Wilhelmina,
487 385 14 20 f.
512 385 20 20 d.
548 385 113 20 städerska
677 385 36 20 vid
730 386 133 25 postverket;
879 392 21 13 se
915 386 54 20 Pen-

102 415 70 20 sioner
183 415 80 26 (1941).

75 457 161 20 HANTVERK.

102 492 41 20 Till
162 492 152 27 upplysnings-
332 493 39 19 och
389 492 300 26 organisationsverksamhet
706 492 6 20 i
730 493 59 26 fråga
808 499 35 14 om
861 493 107 20 hantverk

75 523 39 19 och
127 522 142 20 småindustri
281 522 87 20 anvisas
380 523 27 19 60
415 523 42 19 000
469 522 31 20 kr.
514 522 34 26 (r).

104 564 41 19 RD
160 564 101 23 besluter,
275 566 35 17 att
323 570 25 13 en
362 564 75 25 statlig
451 564 59 22 fond,
524 564 109 19 benämnd
648 564 79 20 fonden
741 565 33 19 för
787 565 128 19 hantverks-
929 565 38 19 och

74 593 223 23 småindustrikredit,
313 593 54 20 skall
383 593 99 23 inrättas;
499 593 39 20 och
554 593 88 20 anvisar
657 593 41 20 RD
714 593 32 20 till
762 594 80 19 fonden
858 594 33 19 för
905 594 64 20 hant-

75 623 73 19 verks-
158 623 39 20 och
208 623 215 20 småindustrikredit
432 623 11 19 å
455 622 132 26 tilläggsstat
598 623 8 19 I
615 623 13 19 2
637 623 41 19 000
687 623 41 20 000
737 623 31 20 kr.
779 623 35 25 (r);
825 623 39 20 och
875 623 94 20 besluter

76 653 41 19 RD
128 652 26 20 de
165 652 117 26 ändringar
292 652 5 20 i
308 652 122 26 grunderna
441 653 33 19 för
484 653 34 19 lån
530 652 46 20 från
587 654 84 18 statens
682 653 229 23 hantverkslånefond,
922 659 45 14 som

74 688 28 14 av
119 682 240 26 departementschefen
376 682 102 26 angivits;
495 682 39 20 och
550 682 88 20 anvisar
655 682 41 19 RD
712 682 32 20 till
761 682 152 26 upplysnings-
929 683 39 19 och

75 712 301 25 organisationsverksamhet
394 711 6 20 i
419 711 59 26 fråga
498 717 34 14 om
552 712 108 19 hantverk
679 712 39 19 och
736 712 142 20 småindustri
896 713 12 19 å
928 712 41 20 till-

75 741 106 26 läggsstat
196 741 8 20 I
221 741 24 20 15
254 741 41 20 000
308 741 32 20 kr.
355 741 34 25 (r).

102 782 40 20 Till
161 782 153 27 upplysnings-
331 783 39 19 och
389 782 300 26 organisationsverksamhet
706 782 6 20 i
729 783 60 25 fråga
808 789 34 14 om
861 783 107 20 hantverk

75 813 38 19 och
129 812 141 20 småindustri
284 812 87 20 anvisas
385 813 27 19 80
420 812 41 20 000
475 812 31 20 kr.
521 812 35 25 (r).

102 854 40 20 Till
162 854 152 26 upplysnings-
332 854 39 19 och
389 854 300 25 organisationsverksamhet
706 854 6 20 i
729 854 60 25 fråga
808 860 34 14 om
861 855 106 19 hantverk

75 884 39 19 och
128 883 142 21 småindustri
284 883 87 20 anvisas
385 884 26 19 82
420 884 41 19 000
475 883 31 20 kr.
521 883 35 26 (r).

103 925 42 20 RD
159 925 89 20 anvisar
262 925 31 20 till
308 925 151 26 upplysnings-
473 926 39 19 och
527 925 300 26 organisationsverksamhet
840 925 6 20 i
859 926 60 26 fråga
934 932 34 14 om

75 955 108 20 hantverk
192 955 40 20 och
241 955 141 20 småindustri
390 955 27 20 85
426 955 41 20 000
476 955 31 20 kr.
517 955 34 25 (r);
561 955 39 20 och
609 955 73 20 avslår
691 955 40 20 RD
740 955 136 20 motionerna
886 955 46 20 FK:
943 956 26 19 60

75 985 39 20 och
131 985 49 20 AK:
193 985 38 20 113
248 985 5 19 i
271 985 42 19 vad
331 985 25 19 de
373 991 51 13 avse
440 985 76 26 anslag
532 985 32 19 till
581 986 84 18 statens
682 985 229 21 hantverkslånefond;
929 986 38 19 och

74 1014 98 20 anhåller
185 1015 49 22 RD,
248 1016 35 18 att
296 1014 64 20 KM:t
372 1015 70 19 måtte
455 1014 44 20 låta
513 1014 117 20 verkställa
644 1014 117 27 utredning
774 1015 48 20 med
836 1015 87 26 uppgift
935 1016 34 19 att

75 1044 122 20 undersöka
221 1044 166 26 möjligheterna
411 1044 33 20 för
467 1044 121 26 främjande
611 1050 28 14 av
663 1044 141 20 hantverkets
827 1045 40 19 och
890 1044 79 21 småin-

75 1074 109 20 dustriens
199 1074 132 26 utveckling;
346 1074 39 19 och
400 1073 98 20 anhåller
513 1074 41 19 RD
568 1075 35 18 att
617 1074 64 20 KM:t
695 1074 69 20 måtte
779 1074 5 19 i
798 1074 107 20 samband
920 1075 48 19 med

75 1103 139 27 planeringen
226 1110 28 13 av
267 1103 41 20 den
321 1103 140 20 ekonomiska
475 1104 38 19 och
527 1103 78 20 sociala
618 1103 219 26 efterkrigspolitiken
850 1104 44 20 låta
907 1104 62 20 verk-

74 1133 63 20 ställa
156 1133 117 26 utredning
290 1139 28 14 av
336 1133 142 20 hantverkets
496 1133 39 20 och
554 1133 180 20 småindustriens
752 1133 159 27 omställnings-
929 1134 38 20 och

74 1162 249 27 anpassningsproblem.

105 1204 16 20 1.
140 1204 41 20 RD
196 1204 116 26 medgiver,
327 1205 34 19 att
375 1204 138 20 återstående
528 1204 69 20 medel
612 1205 11 19 å
639 1204 37 20 det
690 1204 32 20 för
735 1204 130 26 budgetåret
881 1205 87 25 1941/42

74 1234 104 20 anvisade
202 1234 244 26 reservationsanslaget
467 1233 33 20 till
522 1234 79 19 fonden
625 1234 33 19 för
680 1234 127 20 hantverks-
829 1234 38 20 och
890 1234 78 20 småin-

75 1263 143 20 dustrikredit
232 1264 69 19 måtte
314 1264 20 19 få
349 1263 125 26 disponeras
488 1263 68 20 under
569 1263 130 26 budgetåret
713 1264 96 25 1945/46.

102 1294 19 19 2.
139 1293 42 20 RD
197 1293 89 20 anvisar
302 1293 31 20 till
351 1293 152 26 upplysnings-
518 1293 39 20 och
574 1293 298 26 organisationsverksamhet
887 1293 6 20 i
909 1294 58 26 fråga

75 1329 34 14 om
123 1323 108 20 hantverk
243 1323 39 19 och
295 1323 142 20 småindustri
449 1323 40 20 210
498 1322 41 20 000
551 1323 31 19 kr.
596 1323 34 25 (r).

104 1365 42 19 RD
160 1364 88 20 anvisar
262 1364 31 20 till
309 1364 152 26 upplysnings-
474 1365 39 19 och
528 1364 299 26 organisationsverksamhet
840 1365 6 20 i
860 1365 58 26 fråga
934 1371 34 14 om

76 1394 108 20 hantverk
198 1394 39 20 och
251 1394 141 20 småindustri
405 1394 41 20 225
454 1394 42 20 000
509 1394 31 20 kr.
554 1394 34 26 (r).

104 1436 42 19 RD
160 1435 88 21 anvisar
263 1435 31 21 till
308 1435 152 27 upplysnings-
474 1436 39 20 och
528 1435 299 26 organisationsverksamhet
840 1436 6 20 i
860 1437 59 25 fråga
933 1443 35 13 om

75 1466 108 19 hantverk
197 1465 39 20 och
250 1465 141 20 småindustri
404 1465 41 20 250
454 1465 41 20 000
508 1466 31 19 kr.
554 1465 34 26 (r).

104 1507 41 20 RD
159 1507 89 20 anvisar
263 1507 30 19 till
308 1507 151 26 upplysnings-
473 1507 39 20 och
527 1507 300 25 organisationsverksamhet
840 1507 6 20 i
860 1508 59 26 fråga
933 1514 35 14 om

76 1537 108 20 hantverk
197 1537 40 19 och
250 1536 141 21 småindustri
404 1537 41 20 270
454 1537 41 20 000
508 1537 31 19 kr.
553 1536 34 26 (r).

105 1578 16 20 1.
140 1578 41 20 RD
197 1578 88 20 anvisar
301 1578 32 20 till
349 1578 153 26 upplysnings-
517 1578 38 20 och
573 1578 299 26 organisationsverksamhet
887 1579 6 19 i
909 1579 58 26 fråga

75 1614 34 14 om
131 1608 107 20 hantverk
260 1608 38 19 och
319 1608 142 20 småindustri
481 1608 41 19 270
530 1608 41 20 000
591 1608 31 19 kr.
644 1607 34 26 (r),
699 1608 33 19 till
752 1608 165 26 resestipendier
936 1609 31 19 till

75 1638 116 19 teoretiskt
203 1638 39 19 och
257 1637 110 26 praktiskt
380 1637 86 20 bildade
481 1637 98 20 tekniker
593 1638 25 19 10
626 1638 42 19 000
680 1638 32 19 kr.
726 1637 34 26 (r),
775 1637 31 20 till
819 1638 149 26 befrämjande

74 1673 28 14 av
120 1666 136 26 hemslöjden
275 1667 27 20 50
310 1667 41 20 000
370 1667 30 19 kr.
420 1666 35 26 (r),
476 1667 30 19 till
526 1667 76 25 bidrag
620 1667 31 19 till
671 1667 96 20 Svenska
786 1667 182 27 slöjdföreningen

74 1697 27 20 50
109 1697 42 20 000
163 1697 31 19 kr.
206 1698 59 18 samt
277 1696 32 20 till
321 1696 76 26 bidrag
410 1696 31 20 till
453 1696 107 20 Tekniska
573 1697 264 20 nomenklaturcentralen
849 1698 27 19 30
884 1697 41 20 000
937 1697 30 20 kr.

102 1727 19 19 2.
140 1726 41 20 RD
199 1726 117 26 medgiver,
334 1727 35 19 att
385 1726 100 26 befintlig
501 1726 132 20 reservation
651 1727 11 19 å
680 1726 37 20 det
733 1727 11 19 å
762 1726 132 27 tilläggsstat
912 1727 7 19 I
938 1727 30 20 till

75 1756 117 20 riksstaten
208 1756 32 20 för
254 1756 130 26 budgetåret
400 1755 90 26 1941/42
503 1756 70 20 såsom
588 1755 218 27 kapitalinvestering
819 1756 5 20 i
838 1758 83 18 statens
935 1758 34 18 ut-

75 1786 163 25 låningsfonder
247 1785 105 20 anvisade
363 1785 244 26 reservationsanslaget
616 1785 32 20 till
659 1786 79 19 fonden
749 1786 33 20 för
792 1786 127 20 hantverks-
929 1787 39 19 och

74 1815 217 20 småindustrikredit
306 1815 35 20 må
357 1815 83 26 jämväl
457 1815 69 20 under
542 1815 130 26 budgetåret
690 1815 89 26 1949/50
795 1815 125 27 disponeras
936 1816 33 20 för

75 1845 37 20 det
126 1845 49 20 med
189 1845 99 26 anslaget
301 1845 96 20 avsedda
411 1845 132 20 ändamålet.

104 1887 17 19 1.
140 1886 41 20 RD
198 1886 88 20 anvisar
302 1886 31 20 till
349 1886 153 27 upplysnings-
518 1887 38 19 och
573 1886 299 26 organisationsverksamhet
887 1887 5 20 i
909 1888 58 25 fråga

75 1922 35 14 om
131 1916 108 20 hantverk
260 1916 39 20 och
320 1916 141 20 småindustri
482 1916 40 20 270
531 1916 41 20 000
592 1916 31 20 kr.
644 1916 34 26 (r),
700 1916 31 20 till
752 1917 164 26 resestipendier
936 1917 31 20 till

76 1946 115 20 teoretiskt
204 1946 38 20 och
257 1946 110 26 praktiskt
381 1945 85 21 bildade
480 1946 99 20 tekniker
594 1946 24 19 10
627 1946 41 19 000
681 1946 30 19 kr.
725 1946 35 26 (r),
775 1946 30 20 till
819 1946 148 26 befrämjande

74 1982 28 13 av
120 1975 136 26 hemslöjden
275 1976 27 19 50
310 1976 42 19 000
370 1976 31 19 kr.
421 1976 34 25 (r),
476 1975 31 20 till
526 1975 75 26 bidrag
620 1975 31 20 till
671 1976 95 20 Svenska
785 1976 182 26 slöjdföreningen

75 2005 26 20 50
110 2005 42 20 000
163 2005 40 23 kr.,
215 2005 33 20 till
261 2005 75 25 bidrag
348 2005 31 19 till
391 2005 364 26 standardiseringsverksamheten
766 2006 41 19 400
815 2006 41 20 000
867 2006 31 20 kr.
910 2008 58 18 samt

75 2034 32 21 till
120 2035 76 26 bidrag
208 2034 32 20 till
252 2035 100 19 tekniska
365 2035 265 20 nomenklaturcentralen
642 2035 26 20 30
677 2035 41 20 000
728 2035 32 19 kr.

102 2065 20 19 2.
140 2064 42 20 RD
198 2064 73 20 avslår
286 2064 108 20 motioner
409 2070 34 13 om
460 2064 75 26 anslag
551 2064 33 20 till
600 2064 97 26 Sveriges
712 2065 129 19 hantverks-
857 2065 38 20 och
912 2066 56 19 små-

75 2093 243 27 industriorganisation
332 2094 33 19 för
378 2093 57 20 vissa
448 2093 110 21 allmänna
573 2094 190 26 undersökningar.

1124 160 90 16 Motioner
1273 155 79 28 Utskott
1396 155 51 36 Skriv.
1514 159 94 16 Protokoll

991 180 24 19 Ar
1038 184 53 20 [ErOp:
1109 195 49 2 ko
1243 195 73 2 —
1372 195 63 16 Pär
1586 195 58 1 Rad

1119 213 32 16 FK
1154 209 23 29 |
1181 213 35 16 AK
1238 213 85 16 |SmillAvd]
1347 213 26 16 Nr
1492 213 32 16 FK
1591 213 34 16 AK

990 494 23 20 411
1044 493 40 20 205]
1130 505 26 2 —|I
1194 506 26 2 —T1
1257 494 60 19 61—
1317 489 18 34 1
1344 493 37 20 147
1387 489 18 34 |
1406 493 41 20 3061
1471 493 33 20 35:
1515 495 10 17 3
1544 489 23 34 |
1572 493 33 20 35:
1617 495 23 17 28

989 566 24 19 411
1044 565 41 19 3061]
1129 576 27 2 —|
1194 577 28 3 —IJ]
1257 566 60 18 61—]
1341 564 40 20 2381
1406 564 40 20 505
1444 560 22 34 |
1471 564 33 20 50:
1515 565 25 19 3d
1541 560 22 34 |
1572 564 32 20 50:
1616 564 39 20 48d

992 596 20 19 H

989 784 103 21 42l1:10l
1129 795 27 3 —I
1194 798 27 2 —I
1256 784 61 20 61—]
1357 784 24 20 101
1423 784 116 19 10110:14
1543 779 23 34 |
1574 783 30 20 10:
1617 785 23 18 15

1037 817 21 19 pt
1069 815 23 17 43
1336 815 112 18 s.301s.16

989 857 27 20 43]
1040 855 53 19 1:10]
1129 867 27 2 —I
1194 869 27 2 —I
1256 856 60 19 61—]
1357 855 24 19 101
1422 855 117 19 10112:17
1546 851 21 33 |
1574 855 30 19 12:
1616 857 24 17 33

1037 888 21 20 pt
1069 887 24 17 48
1337 887 111 17 s,.201s.13

989 929 27 20 441
1040 927 52 19 1:10]
1130 926 91 22 601113]
1256 927 61 19 61—1
1357 926 25 20 101
1422 926 116 20 10119:31
1548 922 18 34 |
1565 922 39 34 19:
1616 927 39 19 41d

1037 960 21 19 pt
1069 958 23 17 47]
1115 956 40 20 244
1155 952 20 32 |
1180 958 40 20 243
1337 958 111 17 s.271s.15

1180 987 40 21 354

989 1208 27 20 45]
1061 1205 6 19 1
1084 1191 36 48 |
1128 1195 93 26 —|)
1256 1206 61 19 6|—1]
1355 1208 26 19 301
1419 1205 120 21 51110:28
1546 1191 18 48 |
1574 1206 64 19 10:31

1041 1235 26 19 K:
1079 1237 10 17 8
1342 1245 15 11 s.
1370 1239 9 17 4

1044 1269 21 18 pt
1075 1268 10 16 2

999 1303 9 12 »
1016 1291 23 35 |
1044 1295 41 19 290]
1130 1308 27 2 —1|
1195 1296 26 20 551
1256 1295 55 19 61—]
1343 1296 36 20 1841
1411 1295 35 20 4301
1470 1295 33 20 28:
1517 1297 22 17 14
1544 1291 22 35 |
1571 1295 33 19 28:
1616 1297 9 16 7

989 1368 27 20 461
1041 1366 52 19 1:10]
1129 1379 28 3 —I
1195 1380 26 2 —I
1257 1366 60 19 61—]
1357 1368 24 19 10]
1422 1366 115 20 10112:21
1543 1362 23 34 |
1573 1366 67 19 12:38

1037 1399 21 20 pt
1069 1398 24 17 48
1336 1405 15 11 s.
1359 1398 89 17 261s.14

989 1439 27 20 471
1042 1437 51 20 1:12]
1129 1450 28 3 —I
1195 1451 27 2 —I
1256 1437 61 19 61—]
1356 1439 25 20 101.
1422 1438 24 19 101
1471 1438 54 19 22:32
1571 1438 69 19 122:18

1040 1474 15 11 s.
1068 1469 23 17 49
1336 1476 15 11 s.
1359 1466 41 31 221
1407 1474 15 12 s.
1435 1470 10 16 9

989 1510 27 20 481
1040 1509 52 19 1:12]
1129 1522 28 2 —I
1194 1522 28 2 —I
1256 1509 61 19 61—]
1358 1510 24 20 101
1422 1509 117 20 10111:15
1543 1505 23 34 |
1574 1509 29 19 11:
1615 1510 24 18 62

1040 1546 7 10 s.
1067 1540 24 17 45
1336 1542 47 17 8.19

989 1581 27 20 49]
1040 1580 52 19 1:12]
1129 1593 27 2 —
1206 1593 15 2 —-I
1256 1580 60 19 61—]
1357 1581 24 20 10]
1422 1580 117 20 10111:18
1548 1576 18 34 |
1574 1580 65 20 11:52

1037 1613 20 19 pt
1069 1612 24 16 48
1336 1618 15 11 s.
1356 1609 25 30 21

1038 1641 52 17 —51

1060 1671 25 16 53

999 1735 8 12 »
1058 1728 26 20 59
1093 1724 25 33 I
1129 1740 27 3 —I
1194 1741 27 2 —I
1256 1728 60 19 61—1
1355 1729 24 19 441
1419 1728 27 20 901
1473 1728 30 19 11:
1518 1730 36 17 100]
1574 1728 29 19 11:
1619 1730 36 17 162

989 1888 103 20 5011:12]
1129 1901 28 2 —I
1200 1901 21 2 —I
1256 1888 60 20 61—]
1356 1889 25 20 10]
1422 1888 117 20 10113:99
1541 1884 22 34 |
1574 1888 30 19 13:
1618 1890 37 17 124

1032 1921 20 19 pt
1059 1916 31 30 50,
1335 1926 15 11 s.
1358 1921 24 17 24

1039 1949 53 18 52—

1053 1979 24 17 56

998 2072 8 13 »
1056 2078 27 2 —
1087 2061 22 35 1
1114 2066 40 20 226
1161 2061 14 35 |
1182 2066 37 20 152]
1254 2066 60 19 61—1
1352 2067 27 19 60]
1416 2067 127 19 —T113:134
1546 2061 14 35 |
1573 2065 30 20 13:
1618 2067 35 18 171
