<?xml version="1.0" encoding="UTF-8"?>
<alto xmlns="http://www.loc.gov/standards/alto/ns-v3#" xmlns:xlink="http://www.w3.org/1999/xlink" xmlns:xsi="http://www.w3.org/2001/XMLSchema-instance" xsi:schemaLocation="http://www.loc.gov/standards/alto/ns-v3# http://www.loc.gov/alto/v3/alto-3-0.xsd">
	<Description>
		<MeasurementUnit>pixel</MeasurementUnit>
		<sourceImageInformation>
			<fileName></fileName>
		</sourceImageInformation>
		<OCRProcessing ID="OCR_0">
			<ocrProcessingStep>
				<processingSoftware>
					<softwareName>tesseract 4.1.1</softwareName>
				</processingSoftware>
			</ocrProcessingStep>
		</OCRProcessing>
	</Description>
	<Layout>
		<Page WIDTH="1803" HEIGHT="2355" PHYSICAL_IMG_NR="0" ID="page_0">
			<PrintSpace HPOS="0" VPOS="0" WIDTH="1803" HEIGHT="2355">
				<ComposedBlock ID="cblock_0" HPOS="0" VPOS="1" WIDTH="12" HEIGHT="2212">
					<TextBlock ID="block_0" HPOS="0" VPOS="1" WIDTH="12" HEIGHT="2212">
						<TextLine ID="line_0" HPOS="0" VPOS="1" WIDTH="12" HEIGHT="2212">
							<String ID="string_0" HPOS="0" VPOS="1" WIDTH="12" HEIGHT="2212" WC="0.95" CONTENT=" "/>
						</TextLine>
					</TextBlock>
				</ComposedBlock>
				<ComposedBlock ID="cblock_1" HPOS="733" VPOS="0" WIDTH="1069" HEIGHT="7">
					<TextBlock ID="block_1" HPOS="733" VPOS="0" WIDTH="1069" HEIGHT="7">
						<TextLine ID="line_1" HPOS="733" VPOS="0" WIDTH="1069" HEIGHT="7">
							<String ID="string_1" HPOS="733" VPOS="0" WIDTH="1069" HEIGHT="7" WC="0.95" CONTENT=" "/>
						</TextLine>
					</TextBlock>
				</ComposedBlock>
				<ComposedBlock ID="cblock_2" HPOS="799" VPOS="701" WIDTH="321" HEIGHT="48">
					<TextBlock ID="block_2" HPOS="799" VPOS="701" WIDTH="321" HEIGHT="48">
						<TextLine ID="line_2" HPOS="799" VPOS="701" WIDTH="321" HEIGHT="48">
							<String ID="string_2" HPOS="799" VPOS="701" WIDTH="321" HEIGHT="48" WC="0.96" CONTENT="Upplysningar"/>
						</TextLine>
					</TextBlock>
				</ComposedBlock>
				<ComposedBlock ID="cblock_3" HPOS="786" VPOS="786" WIDTH="347" HEIGHT="28">
					<TextBlock ID="block_3" HPOS="786" VPOS="786" WIDTH="347" HEIGHT="28">
						<TextLine ID="line_3" HPOS="786" VPOS="786" WIDTH="347" HEIGHT="28">
							<String ID="string_3" HPOS="786" VPOS="788" WIDTH="20" HEIGHT="26" WC="0.92" CONTENT="1)"/><SP WIDTH="31" VPOS="788" HPOS="806"/>
							<String ID="string_4" HPOS="837" VPOS="787" WIDTH="104" HEIGHT="21" WC="0.78" CONTENT="Rörande"/><SP WIDTH="16" VPOS="787" HPOS="941"/>
							<String ID="string_5" HPOS="957" VPOS="786" WIDTH="176" HEIGHT="27" WC="0.95" CONTENT="förkortningar:"/>
						</TextLine>
					</TextBlock>
				</ComposedBlock>
				<ComposedBlock ID="cblock_4" HPOS="909" VPOS="853" WIDTH="4" HEIGHT="4">
					<TextBlock ID="block_4" HPOS="909" VPOS="853" WIDTH="4" HEIGHT="4">
						<TextLine ID="line_4" HPOS="909" VPOS="853" WIDTH="4" HEIGHT="4">
							<String ID="string_6" HPOS="909" VPOS="853" WIDTH="4" HEIGHT="4" WC="0.95" CONTENT=" "/>
						</TextLine>
					</TextBlock>
				</ComposedBlock>
				<ComposedBlock ID="cblock_5" HPOS="1366" VPOS="1046" WIDTH="185" HEIGHT="28">
					<TextBlock ID="block_5" HPOS="1366" VPOS="1046" WIDTH="185" HEIGHT="28">
						<TextLine ID="line_5" HPOS="1366" VPOS="1046" WIDTH="185" HEIGHT="28">
							<String ID="string_7" HPOS="1366" VPOS="1046" WIDTH="185" HEIGHT="28" WC="0.95" CONTENT=" "/>
						</TextLine>
					</TextBlock>
				</ComposedBlock>
				<ComposedBlock ID="cblock_6" HPOS="229" VPOS="841" WIDTH="1441" HEIGHT="325">
					<TextBlock ID="block_6" HPOS="229" VPOS="841" WIDTH="1244" HEIGHT="21">
						<TextLine ID="line_6" HPOS="229" VPOS="841" WIDTH="1244" HEIGHT="21">
							<String ID="string_8" HPOS="229" VPOS="843" WIDTH="35" HEIGHT="16" WC="0.93" CONTENT="AK"/><SP WIDTH="41" VPOS="843" HPOS="264"/>
							<String ID="string_9" HPOS="305" VPOS="850" WIDTH="16" HEIGHT="5" WC="0.58" CONTENT="="/><SP WIDTH="17" VPOS="850" HPOS="321"/>
							<String ID="string_10" HPOS="338" VPOS="843" WIDTH="57" HEIGHT="16" WC="0.95" CONTENT="andra"/><SP WIDTH="14" VPOS="843" HPOS="395"/>
							<String ID="string_11" HPOS="409" VPOS="842" WIDTH="113" HEIGHT="17" WC="0.94" CONTENT="kammaren."/><SP WIDTH="171" VPOS="842" HPOS="522"/>
							<String ID="string_12" HPOS="693" VPOS="842" WIDTH="25" HEIGHT="16" WC="0.96" CONTENT="hv"/><SP WIDTH="52" VPOS="842" HPOS="718"/>
							<String ID="string_13" HPOS="770" VPOS="849" WIDTH="16" HEIGHT="5" WC="0.93" CONTENT="="/><SP WIDTH="16" VPOS="849" HPOS="786"/>
							<String ID="string_14" HPOS="802" VPOS="842" WIDTH="105" HEIGHT="20" WC="0.37" CONTENT="högervilde."/><SP WIDTH="356" VPOS="842" HPOS="907"/>
							<String ID="string_15" HPOS="1263" VPOS="842" WIDTH="35" HEIGHT="15" WC="0.89" CONTENT="RD"/><SP WIDTH="40" VPOS="842" HPOS="1298"/>
							<String ID="string_16" HPOS="1338" VPOS="848" WIDTH="17" HEIGHT="5" WC="0.49" CONTENT="="/><SP WIDTH="16" VPOS="848" HPOS="1355"/>
							<String ID="string_17" HPOS="1371" VPOS="841" WIDTH="102" HEIGHT="20" WC="0.96" CONTENT="riksdagen."/>
						</TextLine>
					</TextBlock>
					<TextBlock ID="block_7" HPOS="230" VPOS="871" WIDTH="1308" HEIGHT="21">
						<TextLine ID="line_7" HPOS="230" VPOS="871" WIDTH="1308" HEIGHT="21">
							<String ID="string_18" HPOS="230" VPOS="873" WIDTH="19" HEIGHT="16" WC="0.93" CONTENT="bf"/><SP WIDTH="56" VPOS="873" HPOS="249"/>
							<String ID="string_19" HPOS="305" VPOS="880" WIDTH="16" HEIGHT="5" WC="0.96" CONTENT="="/><SP WIDTH="17" VPOS="880" HPOS="321"/>
							<String ID="string_20" HPOS="338" VPOS="873" WIDTH="165" HEIGHT="16" WC="0.96" CONTENT="bondeförbundet."/><SP WIDTH="190" VPOS="873" HPOS="503"/>
							<String ID="string_21" HPOS="693" VPOS="872" WIDTH="11" HEIGHT="16" WC="0.93" CONTENT="k"/><SP WIDTH="62" VPOS="872" HPOS="704"/>
							<String ID="string_22" HPOS="766" VPOS="879" WIDTH="17" HEIGHT="5" WC="0.76" CONTENT="="/><SP WIDTH="16" VPOS="879" HPOS="783"/>
							<String ID="string_23" HPOS="799" VPOS="871" WIDTH="155" HEIGHT="17" WC="0.96" CONTENT="kommunistiska"/><SP WIDTH="10" VPOS="871" HPOS="954"/>
							<String ID="string_24" HPOS="964" VPOS="875" WIDTH="89" HEIGHT="17" WC="0.96" CONTENT="gruppen,"/><SP WIDTH="8" VPOS="875" HPOS="1053"/>
							<String ID="string_25" HPOS="1061" VPOS="871" WIDTH="164" HEIGHT="17" WC="0.33" CONTENT="kommunisterna."/><SP WIDTH="39" VPOS="871" HPOS="1225"/>
							<String ID="string_26" HPOS="1264" VPOS="872" WIDTH="31" HEIGHT="15" WC="0.95" CONTENT="RF"/><SP WIDTH="43" VPOS="872" HPOS="1295"/>
							<String ID="string_27" HPOS="1338" VPOS="878" WIDTH="16" HEIGHT="5" WC="0.94" CONTENT="="/><SP WIDTH="16" VPOS="878" HPOS="1354"/>
							<String ID="string_28" HPOS="1370" VPOS="871" WIDTH="168" HEIGHT="19" WC="0.95" CONTENT="regeringsformen,"/>
						</TextLine>
					</TextBlock>
					<TextBlock ID="block_8" HPOS="229" VPOS="900" WIDTH="1330" HEIGHT="23">
						<TextLine ID="line_8" HPOS="229" VPOS="900" WIDTH="1330" HEIGHT="23">
							<String ID="string_29" HPOS="229" VPOS="903" WIDTH="11" HEIGHT="16" WC="0.90" CONTENT="d"/><SP WIDTH="65" VPOS="903" HPOS="240"/>
							<String ID="string_30" HPOS="305" VPOS="910" WIDTH="16" HEIGHT="5" WC="0.93" CONTENT="="/><SP WIDTH="17" VPOS="910" HPOS="321"/>
							<String ID="string_31" HPOS="338" VPOS="902" WIDTH="102" HEIGHT="16" WC="0.96" CONTENT="diskussion"/><SP WIDTH="15" VPOS="902" HPOS="440"/>
							<String ID="string_32" HPOS="455" VPOS="903" WIDTH="42" HEIGHT="15" WC="0.95" CONTENT="eller"/><SP WIDTH="12" VPOS="903" HPOS="497"/>
							<String ID="string_33" HPOS="509" VPOS="904" WIDTH="94" HEIGHT="19" WC="0.96" CONTENT="yttrande."/><SP WIDTH="91" VPOS="904" HPOS="603"/>
							<String ID="string_34" HPOS="694" VPOS="903" WIDTH="16" HEIGHT="15" WC="0.93" CONTENT="K"/><SP WIDTH="57" VPOS="903" HPOS="710"/>
							<String ID="string_35" HPOS="767" VPOS="909" WIDTH="16" HEIGHT="5" WC="0.93" CONTENT="="/><SP WIDTH="16" VPOS="909" HPOS="783"/>
							<String ID="string_36" HPOS="799" VPOS="901" WIDTH="189" HEIGHT="21" WC="0.91" CONTENT="kapitalinvestering."/><SP WIDTH="275" VPOS="901" HPOS="988"/>
							<String ID="string_37" HPOS="1263" VPOS="902" WIDTH="34" HEIGHT="15" WC="0.93" CONTENT="RO"/><SP WIDTH="40" VPOS="902" HPOS="1297"/>
							<String ID="string_38" HPOS="1337" VPOS="908" WIDTH="16" HEIGHT="5" WC="0.43" CONTENT="="/><SP WIDTH="16" VPOS="908" HPOS="1353"/>
							<String ID="string_39" HPOS="1369" VPOS="900" WIDTH="190" HEIGHT="20" WC="0.88" CONTENT="riksdagsordningen."/>
						</TextLine>
					</TextBlock>
					<TextBlock ID="block_9" HPOS="230" VPOS="930" WIDTH="1436" HEIGHT="53">
						<TextLine ID="line_9" HPOS="230" VPOS="930" WIDTH="1436" HEIGHT="23">
							<String ID="string_40" HPOS="230" VPOS="938" WIDTH="9" HEIGHT="11" WC="0.92" CONTENT="e"/><SP WIDTH="66" VPOS="938" HPOS="239"/>
							<String ID="string_41" HPOS="305" VPOS="940" WIDTH="16" HEIGHT="5" WC="0.96" CONTENT="="/><SP WIDTH="16" VPOS="940" HPOS="321"/>
							<String ID="string_42" HPOS="337" VPOS="937" WIDTH="44" HEIGHT="16" WC="0.96" CONTENT="egen"/><SP WIDTH="14" VPOS="937" HPOS="381"/>
							<String ID="string_43" HPOS="395" VPOS="933" WIDTH="69" HEIGHT="15" WC="0.96" CONTENT="motion"/><SP WIDTH="15" VPOS="933" HPOS="464"/>
							<String ID="string_44" HPOS="479" VPOS="933" WIDTH="26" HEIGHT="19" WC="0.96" CONTENT="(se"/><SP WIDTH="14" VPOS="933" HPOS="505"/>
							<String ID="string_45" HPOS="519" VPOS="933" WIDTH="73" HEIGHT="19" WC="0.95" CONTENT="nedan)."/><SP WIDTH="101" VPOS="933" HPOS="592"/>
							<String ID="string_46" HPOS="693" VPOS="932" WIDTH="24" HEIGHT="20" WC="0.93" CONTENT="kp"/><SP WIDTH="50" VPOS="932" HPOS="717"/>
							<String ID="string_47" HPOS="767" VPOS="943" WIDTH="17" HEIGHT="1" WC="0.93" CONTENT="="/><SP WIDTH="16" VPOS="943" HPOS="784"/>
							<String ID="string_48" HPOS="800" VPOS="931" WIDTH="179" HEIGHT="21" WC="0.87" CONTENT="kominternpartiet."/><SP WIDTH="284" VPOS="931" HPOS="979"/>
							<String ID="string_49" HPOS="1263" VPOS="936" WIDTH="7" HEIGHT="11" WC="0.73" CONTENT="s"/><SP WIDTH="68" VPOS="936" HPOS="1270"/>
							<String ID="string_50" HPOS="1338" VPOS="938" WIDTH="16" HEIGHT="5" WC="0.93" CONTENT="="/><SP WIDTH="17" VPOS="938" HPOS="1354"/>
							<String ID="string_51" HPOS="1371" VPOS="930" WIDTH="193" HEIGHT="16" WC="0.88" CONTENT="socialdemokratiska"/><SP WIDTH="14" VPOS="930" HPOS="1564"/>
							<String ID="string_52" HPOS="1578" VPOS="934" WIDTH="88" HEIGHT="16" WC="0.94" CONTENT="gruppen."/>
						</TextLine>
						<TextLine ID="line_10" HPOS="230" VPOS="960" WIDTH="1180" HEIGHT="23">
							<String ID="string_53" HPOS="230" VPOS="963" WIDTH="7" HEIGHT="16" WC="0.91" CONTENT="f"/><SP WIDTH="67" VPOS="963" HPOS="237"/>
							<String ID="string_54" HPOS="304" VPOS="970" WIDTH="12" HEIGHT="5" WC="0.96" CONTENT="="/><SP WIDTH="21" VPOS="970" HPOS="316"/>
							<String ID="string_55" HPOS="337" VPOS="963" WIDTH="99" HEIGHT="15" WC="0.96" CONTENT="frisinnade"/><SP WIDTH="14" VPOS="963" HPOS="436"/>
							<String ID="string_56" HPOS="450" VPOS="962" WIDTH="112" HEIGHT="21" WC="0.96" CONTENT="folkpartiet."/><SP WIDTH="131" VPOS="962" HPOS="562"/>
							<String ID="string_57" HPOS="693" VPOS="962" WIDTH="5" HEIGHT="16" WC="0.96" CONTENT="1"/><SP WIDTH="70" VPOS="962" HPOS="698"/>
							<String ID="string_58" HPOS="768" VPOS="969" WIDTH="16" HEIGHT="5" WC="0.96" CONTENT="="/><SP WIDTH="16" VPOS="969" HPOS="784"/>
							<String ID="string_59" HPOS="800" VPOS="961" WIDTH="76" HEIGHT="16" WC="0.96" CONTENT="liberala"/><SP WIDTH="14" VPOS="961" HPOS="876"/>
							<String ID="string_60" HPOS="890" VPOS="961" WIDTH="73" HEIGHT="21" WC="0.94" CONTENT="partiet."/><SP WIDTH="300" VPOS="961" HPOS="963"/>
							<String ID="string_61" HPOS="1263" VPOS="966" WIDTH="14" HEIGHT="11" WC="0.68" CONTENT="S."/><SP WIDTH="60" VPOS="966" HPOS="1277"/>
							<String ID="string_62" HPOS="1337" VPOS="968" WIDTH="17" HEIGHT="5" WC="0.96" CONTENT="="/><SP WIDTH="16" VPOS="968" HPOS="1354"/>
							<String ID="string_63" HPOS="1370" VPOS="960" WIDTH="40" HEIGHT="16" WC="0.96" CONTENT="sida"/>
						</TextLine>
					</TextBlock>
					<TextBlock ID="block_10" HPOS="230" VPOS="989" WIDTH="1350" HEIGHT="29">
						<TextLine ID="line_11" HPOS="230" VPOS="989" WIDTH="1350" HEIGHT="29">
							<String ID="string_64" HPOS="230" VPOS="989" WIDTH="22" HEIGHT="29" WC="0.90" CONTENT="(f)"/><SP WIDTH="52" VPOS="989" HPOS="252"/>
							<String ID="string_65" HPOS="304" VPOS="1003" WIDTH="4" HEIGHT="2" WC="0.93" CONTENT="="/><SP WIDTH="29" VPOS="1003" HPOS="308"/>
							<String ID="string_66" HPOS="337" VPOS="992" WIDTH="145" HEIGHT="21" WC="0.89" CONTENT="förslagsanslag."/><SP WIDTH="211" VPOS="992" HPOS="482"/>
							<String ID="string_67" HPOS="693" VPOS="992" WIDTH="50" HEIGHT="16" WC="0.95" CONTENT="LAK"/><SP WIDTH="25" VPOS="992" HPOS="743"/>
							<String ID="string_68" HPOS="768" VPOS="999" WIDTH="17" HEIGHT="5" WC="0.93" CONTENT="="/><SP WIDTH="16" VPOS="999" HPOS="785"/>
							<String ID="string_69" HPOS="801" VPOS="991" WIDTH="81" HEIGHT="17" WC="0.96" CONTENT="ledamot"/><SP WIDTH="15" VPOS="991" HPOS="882"/>
							<String ID="string_70" HPOS="897" VPOS="996" WIDTH="24" HEIGHT="11" WC="0.96" CONTENT="av"/><SP WIDTH="13" VPOS="996" HPOS="921"/>
							<String ID="string_71" HPOS="934" VPOS="991" WIDTH="57" HEIGHT="16" WC="0.96" CONTENT="andra"/><SP WIDTH="14" VPOS="991" HPOS="991"/>
							<String ID="string_72" HPOS="1005" VPOS="991" WIDTH="112" HEIGHT="16" WC="0.96" CONTENT="kammaren,"/><SP WIDTH="146" VPOS="991" HPOS="1117"/>
							<String ID="string_73" HPOS="1263" VPOS="996" WIDTH="20" HEIGHT="15" WC="0.95" CONTENT="sp"/><SP WIDTH="54" VPOS="996" HPOS="1283"/>
							<String ID="string_74" HPOS="1337" VPOS="997" WIDTH="17" HEIGHT="6" WC="0.96" CONTENT="="/><SP WIDTH="16" VPOS="997" HPOS="1354"/>
							<String ID="string_75" HPOS="1370" VPOS="990" WIDTH="121" HEIGHT="17" WC="0.94" CONTENT="socialistiska"/><SP WIDTH="16" VPOS="990" HPOS="1491"/>
							<String ID="string_76" HPOS="1507" VPOS="990" WIDTH="73" HEIGHT="20" WC="0.96" CONTENT="partiet."/>
						</TextLine>
					</TextBlock>
					<TextBlock ID="block_11" HPOS="231" VPOS="1020" WIDTH="1395" HEIGHT="21">
						<TextLine ID="line_12" HPOS="231" VPOS="1020" WIDTH="1395" HEIGHT="21">
							<String ID="string_77" HPOS="231" VPOS="1023" WIDTH="33" HEIGHT="16" WC="0.93" CONTENT="FK"/><SP WIDTH="40" VPOS="1023" HPOS="264"/>
							<String ID="string_78" HPOS="304" VPOS="1030" WIDTH="17" HEIGHT="5" WC="0.71" CONTENT="="/><SP WIDTH="17" VPOS="1030" HPOS="321"/>
							<String ID="string_79" HPOS="338" VPOS="1023" WIDTH="57" HEIGHT="15" WC="0.94" CONTENT="första"/><SP WIDTH="13" VPOS="1023" HPOS="395"/>
							<String ID="string_80" HPOS="408" VPOS="1022" WIDTH="113" HEIGHT="17" WC="0.82" CONTENT="kammaren."/><SP WIDTH="172" VPOS="1022" HPOS="521"/>
							<String ID="string_81" HPOS="693" VPOS="1022" WIDTH="49" HEIGHT="16" WC="0.91" CONTENT="LFK"/><SP WIDTH="25" VPOS="1022" HPOS="742"/>
							<String ID="string_82" HPOS="767" VPOS="1032" WIDTH="17" HEIGHT="2" WC="0.95" CONTENT="="/><SP WIDTH="16" VPOS="1032" HPOS="784"/>
							<String ID="string_83" HPOS="800" VPOS="1021" WIDTH="81" HEIGHT="16" WC="0.95" CONTENT="ledamot"/><SP WIDTH="15" VPOS="1021" HPOS="881"/>
							<String ID="string_84" HPOS="896" VPOS="1026" WIDTH="24" HEIGHT="11" WC="0.96" CONTENT="av"/><SP WIDTH="13" VPOS="1026" HPOS="920"/>
							<String ID="string_85" HPOS="933" VPOS="1021" WIDTH="58" HEIGHT="16" WC="0.96" CONTENT="första"/><SP WIDTH="13" VPOS="1021" HPOS="991"/>
							<String ID="string_86" HPOS="1004" VPOS="1021" WIDTH="114" HEIGHT="16" WC="0.67" CONTENT="kammaren,"/><SP WIDTH="144" VPOS="1021" HPOS="1118"/>
							<String ID="string_87" HPOS="1262" VPOS="1022" WIDTH="30" HEIGHT="15" WC="0.96" CONTENT="TF"/><SP WIDTH="46" VPOS="1022" HPOS="1292"/>
							<String ID="string_88" HPOS="1338" VPOS="1032" WIDTH="17" HEIGHT="2" WC="0.93" CONTENT="="/><SP WIDTH="17" VPOS="1032" HPOS="1355"/>
							<String ID="string_89" HPOS="1372" VPOS="1020" WIDTH="254" HEIGHT="21" WC="0.88" CONTENT="tryckfrihetsförordningen."/>
						</TextLine>
					</TextBlock>
					<TextBlock ID="block_12" HPOS="231" VPOS="1051" WIDTH="1123" HEIGHT="21">
						<TextLine ID="line_13" HPOS="231" VPOS="1051" WIDTH="1123" HEIGHT="21">
							<String ID="string_90" HPOS="231" VPOS="1053" WIDTH="19" HEIGHT="19" WC="0.92" CONTENT="fp"/><SP WIDTH="87" VPOS="1053" HPOS="250"/>
							<String ID="string_91" HPOS="337" VPOS="1052" WIDTH="113" HEIGHT="20" WC="0.96" CONTENT="folkpartiet."/><SP WIDTH="244" VPOS="1052" HPOS="450"/>
							<String ID="string_92" HPOS="694" VPOS="1052" WIDTH="37" HEIGHT="15" WC="0.89" CONTENT="Imb"/><SP WIDTH="36" VPOS="1052" HPOS="731"/>
							<String ID="string_93" HPOS="767" VPOS="1062" WIDTH="17" HEIGHT="1" WC="0.71" CONTENT="="/><SP WIDTH="16" VPOS="1062" HPOS="784"/>
							<String ID="string_94" HPOS="800" VPOS="1051" WIDTH="116" HEIGHT="16" WC="0.86" CONTENT="lantmanna-"/><SP WIDTH="14" VPOS="1051" HPOS="916"/>
							<String ID="string_95" HPOS="930" VPOS="1051" WIDTH="33" HEIGHT="16" WC="0.93" CONTENT="och"/><SP WIDTH="14" VPOS="1051" HPOS="963"/>
							<String ID="string_96" HPOS="977" VPOS="1051" WIDTH="140" HEIGHT="20" WC="0.80" CONTENT="borgarpartiet."/><SP WIDTH="146" VPOS="1051" HPOS="1117"/>
							<String ID="string_97" HPOS="1263" VPOS="1051" WIDTH="16" HEIGHT="16" WC="0.90" CONTENT="U"/><SP WIDTH="58" VPOS="1051" HPOS="1279"/>
							<String ID="string_98" HPOS="1337" VPOS="1061" WIDTH="17" HEIGHT="2" WC="0.95" CONTENT="="/>
						</TextLine>
					</TextBlock>
					<TextBlock ID="block_13" HPOS="230" VPOS="1079" WIDTH="1416" HEIGHT="52">
						<TextLine ID="line_14" HPOS="230" VPOS="1079" WIDTH="1416" HEIGHT="22">
							<String ID="string_99" HPOS="230" VPOS="1082" WIDTH="20" HEIGHT="15" WC="0.86" CONTENT="fv"/><SP WIDTH="56" VPOS="1082" HPOS="250"/>
							<String ID="string_100" HPOS="306" VPOS="1089" WIDTH="16" HEIGHT="5" WC="0.95" CONTENT="="/><SP WIDTH="17" VPOS="1089" HPOS="322"/>
							<String ID="string_101" HPOS="339" VPOS="1082" WIDTH="88" HEIGHT="15" WC="0.96" CONTENT="frisinnad"/><SP WIDTH="14" VPOS="1082" HPOS="427"/>
							<String ID="string_102" HPOS="441" VPOS="1082" WIDTH="55" HEIGHT="15" WC="0.94" CONTENT="vilde."/><SP WIDTH="198" VPOS="1082" HPOS="496"/>
							<String ID="string_103" HPOS="694" VPOS="1086" WIDTH="11" HEIGHT="11" WC="0.93" CONTENT="n"/><SP WIDTH="64" VPOS="1086" HPOS="705"/>
							<String ID="string_104" HPOS="769" VPOS="1088" WIDTH="16" HEIGHT="5" WC="0.94" CONTENT="="/><SP WIDTH="16" VPOS="1088" HPOS="785"/>
							<String ID="string_105" HPOS="801" VPOS="1080" WIDTH="99" HEIGHT="17" WC="0.94" CONTENT="nationella"/><SP WIDTH="13" VPOS="1080" HPOS="900"/>
							<String ID="string_106" HPOS="913" VPOS="1080" WIDTH="74" HEIGHT="21" WC="0.96" CONTENT="partiet."/><SP WIDTH="277" VPOS="1080" HPOS="987"/>
							<String ID="string_107" HPOS="1264" VPOS="1080" WIDTH="36" HEIGHT="16" WC="0.89" CONTENT="Ufk"/><SP WIDTH="38" VPOS="1080" HPOS="1300"/>
							<String ID="string_108" HPOS="1338" VPOS="1088" WIDTH="16" HEIGHT="5" WC="0.78" CONTENT="="/><SP WIDTH="17" VPOS="1088" HPOS="1354"/>
							<String ID="string_109" HPOS="1371" VPOS="1080" WIDTH="75" HEIGHT="20" WC="0.95" CONTENT="utgifter"/><SP WIDTH="13" VPOS="1080" HPOS="1446"/>
							<String ID="string_110" HPOS="1459" VPOS="1080" WIDTH="28" HEIGHT="16" WC="0.93" CONTENT="för"/><SP WIDTH="13" VPOS="1080" HPOS="1487"/>
							<String ID="string_111" HPOS="1500" VPOS="1079" WIDTH="146" HEIGHT="21" WC="0.92" CONTENT="kapitalökning."/>
						</TextLine>
						<TextLine ID="line_15" HPOS="230" VPOS="1106" WIDTH="1197" HEIGHT="29">
							<String ID="string_112" HPOS="230" VPOS="1112" WIDTH="12" HEIGHT="15" WC="0.92" CONTENT="h"/><SP WIDTH="64" VPOS="1112" HPOS="242"/>
							<String ID="string_113" HPOS="306" VPOS="1122" WIDTH="16" HEIGHT="2" WC="0.92" CONTENT="="/><SP WIDTH="17" VPOS="1122" HPOS="322"/>
							<String ID="string_114" HPOS="339" VPOS="1111" WIDTH="158" HEIGHT="20" WC="0.83" CONTENT="riksdagshögern."/><SP WIDTH="197" VPOS="1111" HPOS="497"/>
							<String ID="string_115" HPOS="694" VPOS="1115" WIDTH="24" HEIGHT="16" WC="0.96" CONTENT="ng"/><SP WIDTH="51" VPOS="1115" HPOS="718"/>
							<String ID="string_116" HPOS="769" VPOS="1121" WIDTH="17" HEIGHT="2" WC="0.92" CONTENT="="/><SP WIDTH="16" VPOS="1121" HPOS="786"/>
							<String ID="string_117" HPOS="802" VPOS="1110" WIDTH="99" HEIGHT="17" WC="0.96" CONTENT="nationella"/><SP WIDTH="13" VPOS="1110" HPOS="901"/>
							<String ID="string_118" HPOS="914" VPOS="1114" WIDTH="89" HEIGHT="17" WC="0.95" CONTENT="gruppen."/><SP WIDTH="257" VPOS="1114" HPOS="1003"/>
							<String ID="string_119" HPOS="1260" VPOS="1106" WIDTH="12" HEIGHT="29" WC="0.56" CONTENT="Vv"/><SP WIDTH="68" VPOS="1106" HPOS="1272"/>
							<String ID="string_120" HPOS="1340" VPOS="1117" WIDTH="17" HEIGHT="6" WC="0.95" CONTENT="="/><SP WIDTH="16" VPOS="1117" HPOS="1357"/>
							<String ID="string_121" HPOS="1373" VPOS="1110" WIDTH="54" HEIGHT="16" WC="0.95" CONTENT="vilde."/>
						</TextLine>
					</TextBlock>
					<TextBlock ID="block_14" HPOS="231" VPOS="1137" WIDTH="1439" HEIGHT="29">
						<TextLine ID="line_16" HPOS="231" VPOS="1137" WIDTH="1439" HEIGHT="29">
							<String ID="string_122" HPOS="231" VPOS="1142" WIDTH="34" HEIGHT="15" WC="0.96" CONTENT="HT"/><SP WIDTH="40" VPOS="1142" HPOS="265"/>
							<String ID="string_123" HPOS="305" VPOS="1148" WIDTH="17" HEIGHT="6" WC="0.56" CONTENT="="/><SP WIDTH="16" VPOS="1148" HPOS="322"/>
							<String ID="string_124" HPOS="338" VPOS="1141" WIDTH="112" HEIGHT="17" WC="0.86" CONTENT="huvudtitel."/><SP WIDTH="245" VPOS="1141" HPOS="450"/>
							<String ID="string_125" HPOS="695" VPOS="1142" WIDTH="21" HEIGHT="19" WC="0.91" CONTENT="pt"/><SP WIDTH="30" VPOS="1142" HPOS="716"/>
							<String ID="string_126" HPOS="746" VPOS="1157" WIDTH="4" HEIGHT="3" WC="0.32" CONTENT="."/><SP WIDTH="19" VPOS="1157" HPOS="750"/>
							<String ID="string_127" HPOS="769" VPOS="1148" WIDTH="16" HEIGHT="5" WC="0.94" CONTENT="="/><SP WIDTH="16" VPOS="1148" HPOS="785"/>
							<String ID="string_128" HPOS="801" VPOS="1140" WIDTH="67" HEIGHT="21" WC="0.94" CONTENT="punkt."/><SP WIDTH="392" VPOS="1140" HPOS="868"/>
							<String ID="string_129" HPOS="1260" VPOS="1137" WIDTH="24" HEIGHT="29" WC="0.74" CONTENT="Vvs"/><SP WIDTH="54" VPOS="1137" HPOS="1284"/>
							<String ID="string_130" HPOS="1338" VPOS="1147" WIDTH="17" HEIGHT="6" WC="0.92" CONTENT="="/><SP WIDTH="16" VPOS="1147" HPOS="1355"/>
							<String ID="string_131" HPOS="1371" VPOS="1139" WIDTH="196" HEIGHT="17" WC="0.90" CONTENT="vänstersocialistiska"/><SP WIDTH="14" VPOS="1139" HPOS="1567"/>
							<String ID="string_132" HPOS="1581" VPOS="1144" WIDTH="89" HEIGHT="16" WC="0.87" CONTENT="gruppen."/>
						</TextLine>
					</TextBlock>
				</ComposedBlock>
				<ComposedBlock ID="cblock_7" HPOS="230" VPOS="1197" WIDTH="1460" HEIGHT="95">
					<TextBlock ID="block_15" HPOS="230" VPOS="1197" WIDTH="1460" HEIGHT="95">
						<TextLine ID="line_17" HPOS="230" VPOS="1197" WIDTH="1458" HEIGHT="29">
							<String ID="string_133" HPOS="230" VPOS="1200" WIDTH="35" HEIGHT="20" WC="0.96" CONTENT="Av"/><SP WIDTH="21" VPOS="1200" HPOS="265"/>
							<String ID="string_134" HPOS="286" VPOS="1200" WIDTH="114" HEIGHT="26" WC="0.95" CONTENT="periodens"/><SP WIDTH="21" VPOS="1200" HPOS="400"/>
							<String ID="string_135" HPOS="421" VPOS="1200" WIDTH="56" HEIGHT="20" WC="0.96" CONTENT="båda"/><SP WIDTH="23" VPOS="1200" HPOS="477"/>
							<String ID="string_136" HPOS="500" VPOS="1200" WIDTH="80" HEIGHT="20" WC="0.96" CONTENT="urtima"/><SP WIDTH="21" VPOS="1200" HPOS="580"/>
							<String ID="string_137" HPOS="601" VPOS="1200" WIDTH="114" HEIGHT="26" WC="0.96" CONTENT="riksdagar"/><SP WIDTH="20" VPOS="1200" HPOS="715"/>
							<String ID="string_138" HPOS="735" VPOS="1200" WIDTH="39" HEIGHT="19" WC="0.96" CONTENT="har"/><SP WIDTH="18" VPOS="1200" HPOS="774"/>
							<String ID="string_139" HPOS="792" VPOS="1200" WIDTH="42" HEIGHT="20" WC="0.96" CONTENT="den"/><SP WIDTH="21" VPOS="1200" HPOS="834"/>
							<String ID="string_140" HPOS="855" VPOS="1199" WIDTH="66" HEIGHT="23" WC="0.96" CONTENT="förra,"/><SP WIDTH="22" VPOS="1199" HPOS="921"/>
							<String ID="string_141" HPOS="943" VPOS="1199" WIDTH="79" HEIGHT="20" WC="0.96" CONTENT="oaktat"/><SP WIDTH="19" VPOS="1199" HPOS="1022"/>
							<String ID="string_142" HPOS="1041" VPOS="1199" WIDTH="40" HEIGHT="20" WC="0.96" CONTENT="den"/><SP WIDTH="22" VPOS="1199" HPOS="1081"/>
							<String ID="string_143" HPOS="1103" VPOS="1199" WIDTH="128" HEIGHT="20" WC="0.96" CONTENT="avslutades"/><SP WIDTH="20" VPOS="1199" HPOS="1231"/>
							<String ID="string_144" HPOS="1251" VPOS="1199" WIDTH="56" HEIGHT="19" WC="0.96" CONTENT="först"/><SP WIDTH="20" VPOS="1199" HPOS="1307"/>
							<String ID="string_145" HPOS="1327" VPOS="1198" WIDTH="36" HEIGHT="20" WC="0.96" CONTENT="nio"/><SP WIDTH="17" VPOS="1198" HPOS="1363"/>
							<String ID="string_146" HPOS="1380" VPOS="1199" WIDTH="67" HEIGHT="26" WC="0.96" CONTENT="dagar"/><SP WIDTH="16" VPOS="1199" HPOS="1447"/>
							<String ID="string_147" HPOS="1463" VPOS="1198" WIDTH="21" HEIGHT="20" WC="0.96" CONTENT="in"/><SP WIDTH="17" VPOS="1198" HPOS="1484"/>
							<String ID="string_148" HPOS="1501" VPOS="1198" WIDTH="6" HEIGHT="20" WC="0.95" CONTENT="i"/><SP WIDTH="16" VPOS="1198" HPOS="1507"/>
							<String ID="string_149" HPOS="1523" VPOS="1197" WIDTH="87" HEIGHT="27" WC="0.96" CONTENT="januari"/><SP WIDTH="19" VPOS="1197" HPOS="1610"/>
							<String ID="string_150" HPOS="1629" VPOS="1197" WIDTH="59" HEIGHT="24" WC="0.96" CONTENT="1940,"/>
						</TextLine>
						<TextLine ID="line_18" HPOS="232" VPOS="1233" WIDTH="1458" HEIGHT="29">
							<String ID="string_151" HPOS="232" VPOS="1236" WIDTH="129" HEIGHT="20" WC="0.96" CONTENT="betecknats"/><SP WIDTH="20" VPOS="1236" HPOS="361"/>
							<String ID="string_152" HPOS="381" VPOS="1236" WIDTH="51" HEIGHT="19" WC="0.96" CONTENT="med"/><SP WIDTH="22" VPOS="1236" HPOS="432"/>
							<String ID="string_153" HPOS="454" VPOS="1236" WIDTH="52" HEIGHT="20" WC="0.93" CONTENT="1939"/><SP WIDTH="21" VPOS="1236" HPOS="506"/>
							<String ID="string_154" HPOS="527" VPOS="1235" WIDTH="30" HEIGHT="25" WC="0.91" CONTENT="U;"/><SP WIDTH="21" VPOS="1235" HPOS="557"/>
							<String ID="string_155" HPOS="578" VPOS="1236" WIDTH="28" HEIGHT="19" WC="0.96" CONTENT="då"/><SP WIDTH="20" VPOS="1236" HPOS="606"/>
							<String ID="string_156" HPOS="626" VPOS="1235" WIDTH="6" HEIGHT="20" WC="0.96" CONTENT="i"/><SP WIDTH="21" VPOS="1235" HPOS="632"/>
							<String ID="string_157" HPOS="653" VPOS="1236" WIDTH="34" HEIGHT="19" WC="0.96" CONTENT="ett"/><SP WIDTH="20" VPOS="1236" HPOS="687"/>
							<String ID="string_158" HPOS="707" VPOS="1241" WIDTH="39" HEIGHT="21" WC="0.95" CONTENT="par"/><SP WIDTH="20" VPOS="1241" HPOS="746"/>
							<String ID="string_159" HPOS="766" VPOS="1235" WIDTH="38" HEIGHT="20" WC="0.91" CONTENT="fall"/><SP WIDTH="20" VPOS="1235" HPOS="804"/>
							<String ID="string_160" HPOS="824" VPOS="1234" WIDTH="180" HEIGHT="27" WC="0.91" CONTENT="registeruppgift"/><SP WIDTH="19" VPOS="1234" HPOS="1004"/>
							<String ID="string_161" HPOS="1023" VPOS="1235" WIDTH="109" HEIGHT="20" WC="0.94" CONTENT="avseende"/><SP WIDTH="20" VPOS="1235" HPOS="1132"/>
							<String ID="string_162" HPOS="1152" VPOS="1235" WIDTH="96" HEIGHT="20" WC="0.96" CONTENT="nämnda"/><SP WIDTH="20" VPOS="1235" HPOS="1248"/>
							<String ID="string_163" HPOS="1268" VPOS="1235" WIDTH="68" HEIGHT="26" WC="0.96" CONTENT="dagar"/><SP WIDTH="15" VPOS="1235" HPOS="1336"/>
							<String ID="string_164" HPOS="1351" VPOS="1235" WIDTH="87" HEIGHT="20" WC="0.96" CONTENT="kunnat"/><SP WIDTH="15" VPOS="1235" HPOS="1438"/>
							<String ID="string_165" HPOS="1453" VPOS="1234" WIDTH="58" HEIGHT="20" WC="0.96" CONTENT="vålla"/><SP WIDTH="17" VPOS="1234" HPOS="1511"/>
							<String ID="string_166" HPOS="1528" VPOS="1233" WIDTH="105" HEIGHT="24" WC="0.96" CONTENT="ovisshet,"/><SP WIDTH="18" VPOS="1233" HPOS="1633"/>
							<String ID="string_167" HPOS="1651" VPOS="1234" WIDTH="39" HEIGHT="19" WC="0.95" CONTENT="har"/>
						</TextLine>
						<TextLine ID="line_19" HPOS="231" VPOS="1271" WIDTH="444" HEIGHT="21">
							<String ID="string_168" HPOS="231" VPOS="1272" WIDTH="148" HEIGHT="20" WC="0.96" CONTENT="förhållandet"/><SP WIDTH="16" VPOS="1272" HPOS="379"/>
							<String ID="string_169" HPOS="395" VPOS="1272" WIDTH="39" HEIGHT="20" WC="0.96" CONTENT="där"/><SP WIDTH="16" VPOS="1272" HPOS="434"/>
							<String ID="string_170" HPOS="450" VPOS="1271" WIDTH="88" HEIGHT="21" WC="0.93" CONTENT="särskilt"/><SP WIDTH="16" VPOS="1271" HPOS="538"/>
							<String ID="string_171" HPOS="554" VPOS="1271" WIDTH="121" HEIGHT="21" WC="0.92" CONTENT="anmärkts."/>
						</TextLine>
					</TextBlock>
				</ComposedBlock>
				<ComposedBlock ID="cblock_8" HPOS="778" VPOS="1324" WIDTH="367" HEIGHT="27">
					<TextBlock ID="block_16" HPOS="778" VPOS="1324" WIDTH="367" HEIGHT="27">
						<TextLine ID="line_20" HPOS="778" VPOS="1324" WIDTH="367" HEIGHT="27">
							<String ID="string_172" HPOS="778" VPOS="1325" WIDTH="22" HEIGHT="26" WC="0.94" CONTENT="2)"/><SP WIDTH="32" VPOS="1325" HPOS="800"/>
							<String ID="string_173" HPOS="832" VPOS="1324" WIDTH="103" HEIGHT="20" WC="0.92" CONTENT="Rörande"/><SP WIDTH="17" VPOS="1324" HPOS="935"/>
							<String ID="string_174" HPOS="952" VPOS="1324" WIDTH="193" HEIGHT="27" WC="0.91" CONTENT="personregistret:"/>
						</TextLine>
					</TextBlock>
				</ComposedBlock>
				<ComposedBlock ID="cblock_9" HPOS="232" VPOS="1376" WIDTH="1460" HEIGHT="170">
					<TextBlock ID="block_17" HPOS="232" VPOS="1376" WIDTH="1460" HEIGHT="170">
						<TextLine ID="line_21" HPOS="233" VPOS="1376" WIDTH="1458" HEIGHT="29">
							<String ID="string_175" HPOS="233" VPOS="1380" WIDTH="33" HEIGHT="20" WC="0.96" CONTENT="De"/><SP WIDTH="17" VPOS="1380" HPOS="266"/>
							<String ID="string_176" HPOS="283" VPOS="1379" WIDTH="49" HEIGHT="20" WC="0.96" CONTENT="med"/><SP WIDTH="17" VPOS="1379" HPOS="332"/>
							<String ID="string_177" HPOS="349" VPOS="1379" WIDTH="85" HEIGHT="20" WC="0.96" CONTENT="mindre"/><SP WIDTH="17" VPOS="1379" HPOS="434"/>
							<String ID="string_178" HPOS="451" VPOS="1379" WIDTH="37" HEIGHT="19" WC="0.95" CONTENT="stil"/><SP WIDTH="16" VPOS="1379" HPOS="488"/>
							<String ID="string_179" HPOS="504" VPOS="1379" WIDTH="90" HEIGHT="26" WC="0.95" CONTENT="tryckta"/><SP WIDTH="17" VPOS="1379" HPOS="594"/>
							<String ID="string_180" HPOS="611" VPOS="1378" WIDTH="84" HEIGHT="21" WC="0.96" CONTENT="årtalen"/><SP WIDTH="17" VPOS="1378" HPOS="695"/>
							<String ID="string_181" HPOS="712" VPOS="1378" WIDTH="108" HEIGHT="20" WC="0.96" CONTENT="beteckna"/><SP WIDTH="18" VPOS="1378" HPOS="820"/>
							<String ID="string_182" HPOS="838" VPOS="1378" WIDTH="26" HEIGHT="20" WC="0.96" CONTENT="de"/><SP WIDTH="16" VPOS="1378" HPOS="864"/>
							<String ID="string_183" HPOS="880" VPOS="1378" WIDTH="115" HEIGHT="26" WC="0.96" CONTENT="riksdagar"/><SP WIDTH="15" VPOS="1378" HPOS="995"/>
							<String ID="string_184" HPOS="1010" VPOS="1378" WIDTH="46" HEIGHT="20" WC="0.96" CONTENT="före"/><SP WIDTH="17" VPOS="1378" HPOS="1056"/>
							<String ID="string_185" HPOS="1073" VPOS="1378" WIDTH="23" HEIGHT="20" WC="0.96" CONTENT="år"/><SP WIDTH="18" VPOS="1378" HPOS="1096"/>
							<String ID="string_186" HPOS="1114" VPOS="1377" WIDTH="60" HEIGHT="24" WC="0.96" CONTENT="1931,"/><SP WIDTH="18" VPOS="1377" HPOS="1174"/>
							<String ID="string_187" HPOS="1192" VPOS="1384" WIDTH="46" HEIGHT="14" WC="0.96" CONTENT="som"/><SP WIDTH="17" VPOS="1384" HPOS="1238"/>
							<String ID="string_188" HPOS="1255" VPOS="1377" WIDTH="166" HEIGHT="21" WC="0.95" CONTENT="vederbörande"/><SP WIDTH="16" VPOS="1377" HPOS="1421"/>
							<String ID="string_189" HPOS="1437" VPOS="1377" WIDTH="98" HEIGHT="20" WC="0.93" CONTENT="ledamot"/><SP WIDTH="11" VPOS="1377" HPOS="1535"/>
							<String ID="string_190" HPOS="1546" VPOS="1376" WIDTH="104" HEIGHT="21" WC="0.91" CONTENT="bevistat."/><SP WIDTH="13" VPOS="1376" HPOS="1650"/>
							<String ID="string_191" HPOS="1663" VPOS="1388" WIDTH="28" HEIGHT="3" WC="0.92" CONTENT="—"/>
						</TextLine>
						<TextLine ID="line_22" HPOS="232" VPOS="1412" WIDTH="1460" HEIGHT="29">
							<String ID="string_192" HPOS="232" VPOS="1415" WIDTH="76" HEIGHT="20" WC="0.96" CONTENT="Under"/><SP WIDTH="22" VPOS="1415" HPOS="308"/>
							<String ID="string_193" HPOS="330" VPOS="1415" WIDTH="61" HEIGHT="26" WC="0.93" CONTENT="varje"/><SP WIDTH="21" VPOS="1415" HPOS="391"/>
							<String ID="string_194" HPOS="412" VPOS="1414" WIDTH="165" HEIGHT="27" WC="0.92" CONTENT="riksdagsmans"/><SP WIDTH="20" VPOS="1414" HPOS="577"/>
							<String ID="string_195" HPOS="597" VPOS="1420" WIDTH="66" HEIGHT="15" WC="0.96" CONTENT="namn"/><SP WIDTH="21" VPOS="1420" HPOS="663"/>
							<String ID="string_196" HPOS="684" VPOS="1416" WIDTH="38" HEIGHT="18" WC="0.95" CONTENT="äro"/><SP WIDTH="21" VPOS="1416" HPOS="722"/>
							<String ID="string_197" HPOS="743" VPOS="1420" WIDTH="92" HEIGHT="14" WC="0.93" CONTENT="numren"/><SP WIDTH="21" VPOS="1420" HPOS="835"/>
							<String ID="string_198" HPOS="856" VPOS="1414" WIDTH="12" HEIGHT="20" WC="0.92" CONTENT="å"/><SP WIDTH="20" VPOS="1414" HPOS="868"/>
							<String ID="string_199" HPOS="888" VPOS="1414" WIDTH="43" HEIGHT="21" WC="0.96" CONTENT="alla"/><SP WIDTH="20" VPOS="1414" HPOS="931"/>
							<String ID="string_200" HPOS="951" VPOS="1420" WIDTH="28" HEIGHT="14" WC="0.96" CONTENT="av"/><SP WIDTH="21" VPOS="1420" HPOS="979"/>
							<String ID="string_201" HPOS="1000" VPOS="1414" WIDTH="81" HEIGHT="20" WC="0.96" CONTENT="honom"/><SP WIDTH="21" VPOS="1414" HPOS="1081"/>
							<String ID="string_202" HPOS="1102" VPOS="1413" WIDTH="179" HEIGHT="21" WC="0.96" CONTENT="undertecknade"/><SP WIDTH="20" VPOS="1413" HPOS="1281"/>
							<String ID="string_203" HPOS="1301" VPOS="1413" WIDTH="110" HEIGHT="20" WC="0.96" CONTENT="motioner"/><SP WIDTH="15" VPOS="1413" HPOS="1411"/>
							<String ID="string_204" HPOS="1426" VPOS="1413" WIDTH="101" HEIGHT="23" WC="0.95" CONTENT="anförda;"/><SP WIDTH="17" VPOS="1413" HPOS="1527"/>
							<String ID="string_205" HPOS="1544" VPOS="1413" WIDTH="41" HEIGHT="19" WC="0.93" CONTENT="och"/><SP WIDTH="16" VPOS="1413" HPOS="1585"/>
							<String ID="string_206" HPOS="1601" VPOS="1412" WIDTH="91" HEIGHT="27" WC="0.92" CONTENT="angiver"/>
						</TextLine>
						<TextLine ID="line_23" HPOS="233" VPOS="1448" WIDTH="1458" HEIGHT="27">
							<String ID="string_207" HPOS="233" VPOS="1451" WIDTH="123" HEIGHT="20" WC="0.92" CONTENT="bokstaven"/><SP WIDTH="21" VPOS="1451" HPOS="356"/>
							<String ID="string_208" HPOS="377" VPOS="1457" WIDTH="11" HEIGHT="14" WC="0.92" CONTENT="e"/><SP WIDTH="20" VPOS="1457" HPOS="388"/>
							<String ID="string_209" HPOS="408" VPOS="1450" WIDTH="56" HEIGHT="21" WC="0.96" CONTENT="efter"/><SP WIDTH="20" VPOS="1450" HPOS="464"/>
							<String ID="string_210" HPOS="484" VPOS="1451" WIDTH="34" HEIGHT="20" WC="0.93" CONTENT="ett"/><SP WIDTH="18" VPOS="1451" HPOS="518"/>
							<String ID="string_211" HPOS="536" VPOS="1450" WIDTH="206" HEIGHT="23" WC="0.91" CONTENT="motionsnummer,"/><SP WIDTH="18" VPOS="1450" HPOS="742"/>
							<String ID="string_212" HPOS="760" VPOS="1451" WIDTH="36" HEIGHT="19" WC="0.96" CONTENT="att"/><SP WIDTH="16" VPOS="1451" HPOS="796"/>
							<String ID="string_213" HPOS="812" VPOS="1450" WIDTH="113" HEIGHT="20" WC="0.96" CONTENT="motionen"/><SP WIDTH="16" VPOS="1450" HPOS="925"/>
							<String ID="string_214" HPOS="941" VPOS="1450" WIDTH="80" HEIGHT="20" WC="0.96" CONTENT="väckts"/><SP WIDTH="15" VPOS="1450" HPOS="1021"/>
							<String ID="string_215" HPOS="1036" VPOS="1456" WIDTH="29" HEIGHT="14" WC="0.96" CONTENT="av"/><SP WIDTH="15" VPOS="1456" HPOS="1065"/>
							<String ID="string_216" HPOS="1080" VPOS="1449" WIDTH="166" HEIGHT="21" WC="0.96" CONTENT="vederbörande"/><SP WIDTH="16" VPOS="1449" HPOS="1246"/>
							<String ID="string_217" HPOS="1262" VPOS="1449" WIDTH="98" HEIGHT="20" WC="0.96" CONTENT="ledamot"/><SP WIDTH="16" VPOS="1449" HPOS="1360"/>
							<String ID="string_218" HPOS="1376" VPOS="1449" WIDTH="106" HEIGHT="26" WC="0.96" CONTENT="antingen"/><SP WIDTH="17" VPOS="1449" HPOS="1482"/>
							<String ID="string_219" HPOS="1499" VPOS="1455" WIDTH="75" HEIGHT="14" WC="0.96" CONTENT="ensam"/><SP WIDTH="12" VPOS="1455" HPOS="1574"/>
							<String ID="string_220" HPOS="1586" VPOS="1448" WIDTH="51" HEIGHT="20" WC="0.93" CONTENT="eller"/><SP WIDTH="13" VPOS="1448" HPOS="1637"/>
							<String ID="string_221" HPOS="1650" VPOS="1448" WIDTH="41" HEIGHT="20" WC="0.92" CONTENT="till-"/>
						</TextLine>
						<TextLine ID="line_24" HPOS="232" VPOS="1484" WIDTH="1459" HEIGHT="26">
							<String ID="string_222" HPOS="232" VPOS="1492" WIDTH="112" HEIGHT="14" WC="0.96" CONTENT="sammans"/><SP WIDTH="16" VPOS="1492" HPOS="344"/>
							<String ID="string_223" HPOS="360" VPOS="1487" WIDTH="50" HEIGHT="20" WC="0.96" CONTENT="med"/><SP WIDTH="21" VPOS="1487" HPOS="410"/>
							<String ID="string_224" HPOS="431" VPOS="1486" WIDTH="59" HEIGHT="22" WC="0.95" CONTENT="blott"/><SP WIDTH="20" VPOS="1486" HPOS="490"/>
							<String ID="string_225" HPOS="510" VPOS="1492" WIDTH="26" HEIGHT="14" WC="0.96" CONTENT="en"/><SP WIDTH="21" VPOS="1492" HPOS="536"/>
							<String ID="string_226" HPOS="557" VPOS="1492" WIDTH="74" HEIGHT="14" WC="0.92" CONTENT="annan"/><SP WIDTH="20" VPOS="1492" HPOS="631"/>
							<String ID="string_227" HPOS="651" VPOS="1486" WIDTH="118" HEIGHT="24" WC="0.91" CONTENT="motionär,"/><SP WIDTH="22" VPOS="1486" HPOS="769"/>
							<String ID="string_228" HPOS="791" VPOS="1486" WIDTH="52" HEIGHT="20" WC="0.96" CONTENT="eller"/><SP WIDTH="19" VPOS="1486" HPOS="843"/>
							<String ID="string_229" HPOS="862" VPOS="1486" WIDTH="66" HEIGHT="20" WC="0.91" CONTENT="också"/><SP WIDTH="20" VPOS="1486" HPOS="928"/>
							<String ID="string_230" HPOS="948" VPOS="1498" WIDTH="29" HEIGHT="2" WC="0.90" CONTENT="—"/><SP WIDTH="20" VPOS="1498" HPOS="977"/>
							<String ID="string_231" HPOS="997" VPOS="1491" WIDTH="35" HEIGHT="14" WC="0.96" CONTENT="om"/><SP WIDTH="17" VPOS="1491" HPOS="1032"/>
							<String ID="string_232" HPOS="1049" VPOS="1485" WIDTH="113" HEIGHT="20" WC="0.96" CONTENT="motionen"/><SP WIDTH="20" VPOS="1485" HPOS="1162"/>
							<String ID="string_233" HPOS="1182" VPOS="1485" WIDTH="174" HEIGHT="20" WC="0.96" CONTENT="undertecknats"/><SP WIDTH="16" VPOS="1485" HPOS="1356"/>
							<String ID="string_234" HPOS="1372" VPOS="1491" WIDTH="29" HEIGHT="14" WC="0.96" CONTENT="av"/><SP WIDTH="16" VPOS="1491" HPOS="1401"/>
							<String ID="string_235" HPOS="1417" VPOS="1491" WIDTH="47" HEIGHT="13" WC="0.96" CONTENT="mer"/><SP WIDTH="16" VPOS="1491" HPOS="1464"/>
							<String ID="string_236" HPOS="1480" VPOS="1486" WIDTH="28" HEIGHT="18" WC="0.96" CONTENT="än"/><SP WIDTH="17" VPOS="1486" HPOS="1508"/>
							<String ID="string_237" HPOS="1525" VPOS="1485" WIDTH="38" HEIGHT="19" WC="0.93" CONTENT="två"/><SP WIDTH="17" VPOS="1485" HPOS="1563"/>
							<String ID="string_238" HPOS="1580" VPOS="1484" WIDTH="111" HEIGHT="26" WC="0.92" CONTENT="riksdags-"/>
						</TextLine>
						<TextLine ID="line_25" HPOS="232" VPOS="1520" WIDTH="1378" HEIGHT="26">
							<String ID="string_239" HPOS="232" VPOS="1524" WIDTH="51" HEIGHT="19" WC="0.89" CONTENT="män"/><SP WIDTH="17" VPOS="1524" HPOS="283"/>
							<String ID="string_240" HPOS="300" VPOS="1535" WIDTH="28" HEIGHT="2" WC="0.87" CONTENT="—"/><SP WIDTH="32" VPOS="1535" HPOS="328"/>
							<String ID="string_241" HPOS="360" VPOS="1522" WIDTH="42" HEIGHT="20" WC="0.80" CONTENT="den"/><SP WIDTH="17" VPOS="1522" HPOS="402"/>
							<String ID="string_242" HPOS="419" VPOS="1522" WIDTH="104" HEIGHT="24" WC="0.96" CONTENT="ledamot,"/><SP WIDTH="18" VPOS="1522" HPOS="523"/>
							<String ID="string_243" HPOS="541" VPOS="1528" WIDTH="46" HEIGHT="14" WC="0.93" CONTENT="som"/><SP WIDTH="17" VPOS="1528" HPOS="587"/>
							<String ID="string_244" HPOS="604" VPOS="1522" WIDTH="116" HEIGHT="20" WC="0.92" CONTENT="avlämnat"/><SP WIDTH="15" VPOS="1522" HPOS="720"/>
							<String ID="string_245" HPOS="735" VPOS="1521" WIDTH="113" HEIGHT="21" WC="0.96" CONTENT="motionen"/><SP WIDTH="17" VPOS="1521" HPOS="848"/>
							<String ID="string_246" HPOS="865" VPOS="1522" WIDTH="40" HEIGHT="20" WC="0.96" CONTENT="och"/><SP WIDTH="15" VPOS="1522" HPOS="905"/>
							<String ID="string_247" HPOS="920" VPOS="1528" WIDTH="52" HEIGHT="14" WC="0.96" CONTENT="vars"/><SP WIDTH="16" VPOS="1528" HPOS="972"/>
							<String ID="string_248" HPOS="988" VPOS="1528" WIDTH="67" HEIGHT="14" WC="0.96" CONTENT="namn"/><SP WIDTH="16" VPOS="1528" HPOS="1055"/>
							<String ID="string_249" HPOS="1071" VPOS="1521" WIDTH="84" HEIGHT="21" WC="0.96" CONTENT="således"/><SP WIDTH="16" VPOS="1521" HPOS="1155"/>
							<String ID="string_250" HPOS="1171" VPOS="1521" WIDTH="46" HEIGHT="21" WC="0.96" CONTENT="står"/><SP WIDTH="15" VPOS="1521" HPOS="1217"/>
							<String ID="string_251" HPOS="1232" VPOS="1521" WIDTH="80" HEIGHT="20" WC="0.96" CONTENT="främst"/><SP WIDTH="16" VPOS="1521" HPOS="1312"/>
							<String ID="string_252" HPOS="1328" VPOS="1521" WIDTH="67" HEIGHT="20" WC="0.93" CONTENT="bland"/><SP WIDTH="18" VPOS="1521" HPOS="1395"/>
							<String ID="string_253" HPOS="1413" VPOS="1520" WIDTH="197" HEIGHT="21" WC="0.91" CONTENT="undertecknarna."/>
						</TextLine>
					</TextBlock>
				</ComposedBlock>
				<ComposedBlock ID="cblock_10" HPOS="798" VPOS="1593" WIDTH="326" HEIGHT="27">
					<TextBlock ID="block_18" HPOS="798" VPOS="1593" WIDTH="326" HEIGHT="27">
						<TextLine ID="line_26" HPOS="798" VPOS="1593" WIDTH="326" HEIGHT="27">
							<String ID="string_254" HPOS="798" VPOS="1594" WIDTH="22" HEIGHT="26" WC="0.96" CONTENT="3)"/><SP WIDTH="31" VPOS="1594" HPOS="820"/>
							<String ID="string_255" HPOS="851" VPOS="1593" WIDTH="104" HEIGHT="21" WC="0.92" CONTENT="Rörande"/><SP WIDTH="16" VPOS="1593" HPOS="955"/>
							<String ID="string_256" HPOS="971" VPOS="1593" WIDTH="153" HEIGHT="27" WC="0.90" CONTENT="sakregistret:"/>
						</TextLine>
					</TextBlock>
				</ComposedBlock>
				<ComposedBlock ID="cblock_11" HPOS="233" VPOS="1645" WIDTH="1459" HEIGHT="137">
					<TextBlock ID="block_19" HPOS="233" VPOS="1645" WIDTH="1459" HEIGHT="137">
						<TextLine ID="line_27" HPOS="234" VPOS="1645" WIDTH="1457" HEIGHT="29">
							<String ID="string_257" HPOS="234" VPOS="1648" WIDTH="7" HEIGHT="20" WC="0.92" CONTENT="I"/><SP WIDTH="18" VPOS="1648" HPOS="241"/>
							<String ID="string_258" HPOS="259" VPOS="1648" WIDTH="268" HEIGHT="26" WC="0.91" CONTENT="protokollskolumnerna"/><SP WIDTH="21" VPOS="1648" HPOS="527"/>
							<String ID="string_259" HPOS="548" VPOS="1647" WIDTH="92" HEIGHT="21" WC="0.96" CONTENT="hänvisa"/><SP WIDTH="17" VPOS="1647" HPOS="640"/>
							<String ID="string_260" HPOS="657" VPOS="1648" WIDTH="26" HEIGHT="19" WC="0.96" CONTENT="de"/><SP WIDTH="17" VPOS="1648" HPOS="683"/>
							<String ID="string_261" HPOS="700" VPOS="1648" WIDTH="69" HEIGHT="20" WC="0.96" CONTENT="större"/><SP WIDTH="17" VPOS="1648" HPOS="769"/>
							<String ID="string_262" HPOS="786" VPOS="1647" WIDTH="102" HEIGHT="21" WC="0.96" CONTENT="siffrorna"/><SP WIDTH="17" VPOS="1647" HPOS="888"/>
							<String ID="string_263" HPOS="905" VPOS="1647" WIDTH="33" HEIGHT="20" WC="0.91" CONTENT="till"/><SP WIDTH="17" VPOS="1647" HPOS="938"/>
							<String ID="string_264" HPOS="955" VPOS="1647" WIDTH="84" HEIGHT="20" WC="0.91" CONTENT="häftets"/><SP WIDTH="16" VPOS="1647" HPOS="1039"/>
							<String ID="string_265" HPOS="1055" VPOS="1653" WIDTH="107" HEIGHT="17" WC="0.96" CONTENT="nummer,"/><SP WIDTH="18" VPOS="1653" HPOS="1162"/>
							<String ID="string_266" HPOS="1180" VPOS="1646" WIDTH="26" HEIGHT="21" WC="0.96" CONTENT="de"/><SP WIDTH="16" VPOS="1646" HPOS="1206"/>
							<String ID="string_267" HPOS="1222" VPOS="1646" WIDTH="86" HEIGHT="20" WC="0.96" CONTENT="mindre"/><SP WIDTH="17" VPOS="1646" HPOS="1308"/>
							<String ID="string_268" HPOS="1325" VPOS="1646" WIDTH="32" HEIGHT="20" WC="0.96" CONTENT="till"/><SP WIDTH="17" VPOS="1646" HPOS="1357"/>
							<String ID="string_269" HPOS="1374" VPOS="1646" WIDTH="59" HEIGHT="20" WC="0.96" CONTENT="sidor"/><SP WIDTH="16" VPOS="1646" HPOS="1433"/>
							<String ID="string_270" HPOS="1449" VPOS="1645" WIDTH="6" HEIGHT="20" WC="0.96" CONTENT="i"/><SP WIDTH="17" VPOS="1645" HPOS="1455"/>
							<String ID="string_271" HPOS="1472" VPOS="1651" WIDTH="83" HEIGHT="14" WC="0.96" CONTENT="samma"/><SP WIDTH="13" VPOS="1651" HPOS="1555"/>
							<String ID="string_272" HPOS="1568" VPOS="1645" WIDTH="68" HEIGHT="23" WC="0.96" CONTENT="häfte,"/><SP WIDTH="14" VPOS="1645" HPOS="1636"/>
							<String ID="string_273" HPOS="1650" VPOS="1645" WIDTH="41" HEIGHT="20" WC="0.96" CONTENT="och"/>
						</TextLine>
						<TextLine ID="line_28" HPOS="233" VPOS="1681" WIDTH="1459" HEIGHT="29">
							<String ID="string_274" HPOS="233" VPOS="1684" WIDTH="94" HEIGHT="26" WC="0.96" CONTENT="betyder"/><SP WIDTH="20" VPOS="1684" HPOS="327"/>
							<String ID="string_275" HPOS="347" VPOS="1683" WIDTH="124" HEIGHT="21" WC="0.93" CONTENT="bokstaven"/><SP WIDTH="20" VPOS="1683" HPOS="471"/>
							<String ID="string_276" HPOS="491" VPOS="1684" WIDTH="21" HEIGHT="23" WC="0.93" CONTENT="d,"/><SP WIDTH="20" VPOS="1684" HPOS="512"/>
							<String ID="string_277" HPOS="532" VPOS="1684" WIDTH="36" HEIGHT="20" WC="0.96" CONTENT="att"/><SP WIDTH="16" VPOS="1684" HPOS="568"/>
							<String ID="string_278" HPOS="584" VPOS="1683" WIDTH="124" HEIGHT="20" WC="0.96" CONTENT="diskussion"/><SP WIDTH="17" VPOS="1683" HPOS="708"/>
							<String ID="string_279" HPOS="725" VPOS="1683" WIDTH="52" HEIGHT="20" WC="0.96" CONTENT="eller"/><SP WIDTH="15" VPOS="1683" HPOS="777"/>
							<String ID="string_280" HPOS="792" VPOS="1683" WIDTH="106" HEIGHT="26" WC="0.96" CONTENT="yttrande"/><SP WIDTH="16" VPOS="1683" HPOS="898"/>
							<String ID="string_281" HPOS="914" VPOS="1684" WIDTH="38" HEIGHT="25" WC="0.96" CONTENT="ägt"/><SP WIDTH="16" VPOS="1684" HPOS="952"/>
							<String ID="string_282" HPOS="968" VPOS="1689" WIDTH="56" HEIGHT="14" WC="0.93" CONTENT="rum."/><SP WIDTH="16" VPOS="1689" HPOS="1024"/>
							<String ID="string_283" HPOS="1040" VPOS="1694" WIDTH="30" HEIGHT="3" WC="0.27" CONTENT="-—-"/><SP WIDTH="16" VPOS="1694" HPOS="1070"/>
							<String ID="string_284" HPOS="1086" VPOS="1683" WIDTH="75" HEIGHT="20" WC="0.96" CONTENT="Ehuru"/><SP WIDTH="17" VPOS="1683" HPOS="1161"/>
							<String ID="string_285" HPOS="1178" VPOS="1682" WIDTH="38" HEIGHT="20" WC="0.96" CONTENT="det"/><SP WIDTH="16" VPOS="1682" HPOS="1216"/>
							<String ID="string_286" HPOS="1232" VPOS="1682" WIDTH="34" HEIGHT="20" WC="0.95" CONTENT="för"/><SP WIDTH="15" VPOS="1682" HPOS="1266"/>
							<String ID="string_287" HPOS="1281" VPOS="1681" WIDTH="167" HEIGHT="27" WC="0.95" CONTENT="registreringen"/><SP WIDTH="16" VPOS="1681" HPOS="1448"/>
							<String ID="string_288" HPOS="1464" VPOS="1681" WIDTH="103" HEIGHT="20" WC="0.96" CONTENT="använda"/><SP WIDTH="18" VPOS="1681" HPOS="1567"/>
							<String ID="string_289" HPOS="1585" VPOS="1682" WIDTH="107" HEIGHT="25" WC="0.96" CONTENT="systemet"/>
						</TextLine>
						<TextLine ID="line_29" HPOS="233" VPOS="1716" WIDTH="1459" HEIGHT="30">
							<String ID="string_290" HPOS="233" VPOS="1722" WIDTH="25" HEIGHT="18" WC="0.93" CONTENT="är"/><SP WIDTH="19" VPOS="1722" HPOS="258"/>
							<String ID="string_291" HPOS="277" VPOS="1719" WIDTH="160" HEIGHT="27" WC="0.91" CONTENT="årsregistrens,"/><SP WIDTH="22" VPOS="1719" HPOS="437"/>
							<String ID="string_292" HPOS="459" VPOS="1720" WIDTH="40" HEIGHT="20" WC="0.97" CONTENT="bör"/><SP WIDTH="20" VPOS="1720" HPOS="499"/>
							<String ID="string_293" HPOS="519" VPOS="1721" WIDTH="100" HEIGHT="22" WC="0.95" CONTENT="nämnas,"/><SP WIDTH="21" VPOS="1721" HPOS="619"/>
							<String ID="string_294" HPOS="640" VPOS="1720" WIDTH="36" HEIGHT="19" WC="0.97" CONTENT="att"/><SP WIDTH="19" VPOS="1720" HPOS="676"/>
							<String ID="string_295" HPOS="695" VPOS="1719" WIDTH="39" HEIGHT="20" WC="0.96" CONTENT="det"/><SP WIDTH="19" VPOS="1719" HPOS="734"/>
							<String ID="string_296" HPOS="753" VPOS="1725" WIDTH="28" HEIGHT="14" WC="0.93" CONTENT="av"/><SP WIDTH="17" VPOS="1725" HPOS="781"/>
							<String ID="string_297" HPOS="798" VPOS="1719" WIDTH="49" HEIGHT="20" WC="0.91" CONTENT="förf."/><SP WIDTH="18" VPOS="1719" HPOS="847"/>
							<String ID="string_298" HPOS="865" VPOS="1719" WIDTH="131" HEIGHT="20" WC="0.96" CONTENT="utarbetade"/><SP WIDTH="17" VPOS="1719" HPOS="996"/>
							<String ID="string_299" HPOS="1013" VPOS="1718" WIDTH="156" HEIGHT="26" WC="0.96" CONTENT="systematiska"/><SP WIDTH="17" VPOS="1718" HPOS="1169"/>
							<String ID="string_300" HPOS="1186" VPOS="1718" WIDTH="102" HEIGHT="26" WC="0.95" CONTENT="registret"/><SP WIDTH="16" VPOS="1718" HPOS="1288"/>
							<String ID="string_301" HPOS="1304" VPOS="1717" WIDTH="33" HEIGHT="20" WC="0.96" CONTENT="till"/><SP WIDTH="17" VPOS="1717" HPOS="1337"/>
							<String ID="string_302" HPOS="1354" VPOS="1717" WIDTH="84" HEIGHT="20" WC="0.93" CONTENT="Svensk"/><SP WIDTH="16" VPOS="1717" HPOS="1438"/>
							<String ID="string_303" HPOS="1454" VPOS="1716" WIDTH="238" HEIGHT="27" WC="0.90" CONTENT="författningssamling"/>
						</TextLine>
						<TextLine ID="line_30" HPOS="234" VPOS="1753" WIDTH="1085" HEIGHT="29">
							<String ID="string_304" HPOS="234" VPOS="1755" WIDTH="33" HEIGHT="20" WC="0.96" CONTENT="för"/><SP WIDTH="16" VPOS="1755" HPOS="267"/>
							<String ID="string_305" HPOS="283" VPOS="1755" WIDTH="131" HEIGHT="27" WC="0.96" CONTENT="föregående"/><SP WIDTH="17" VPOS="1755" HPOS="414"/>
							<String ID="string_306" HPOS="431" VPOS="1755" WIDTH="144" HEIGHT="26" WC="0.96" CONTENT="tioårsperiod"/><SP WIDTH="16" VPOS="1755" HPOS="575"/>
							<String ID="string_307" HPOS="591" VPOS="1755" WIDTH="44" HEIGHT="20" WC="0.96" CONTENT="kan"/><SP WIDTH="17" VPOS="1755" HPOS="635"/>
							<String ID="string_308" HPOS="652" VPOS="1754" WIDTH="62" HEIGHT="27" WC="0.96" CONTENT="tjäna"/><SP WIDTH="17" VPOS="1754" HPOS="714"/>
							<String ID="string_309" HPOS="731" VPOS="1754" WIDTH="34" HEIGHT="21" WC="0.96" CONTENT="till"/><SP WIDTH="16" VPOS="1754" HPOS="765"/>
							<String ID="string_310" HPOS="781" VPOS="1754" WIDTH="44" HEIGHT="20" WC="0.96" CONTENT="viss"/><SP WIDTH="16" VPOS="1754" HPOS="825"/>
							<String ID="string_311" HPOS="841" VPOS="1754" WIDTH="88" HEIGHT="27" WC="0.96" CONTENT="ledning"/><SP WIDTH="16" VPOS="1754" HPOS="929"/>
							<String ID="string_312" HPOS="945" VPOS="1754" WIDTH="38" HEIGHT="20" WC="0.96" CONTENT="vid"/><SP WIDTH="17" VPOS="1754" HPOS="983"/>
							<String ID="string_313" HPOS="1000" VPOS="1754" WIDTH="151" HEIGHT="26" WC="0.96" CONTENT="uppgifternas"/><SP WIDTH="17" VPOS="1754" HPOS="1151"/>
							<String ID="string_314" HPOS="1168" VPOS="1753" WIDTH="151" HEIGHT="27" WC="0.93" CONTENT="uppsökande,"/>
						</TextLine>
					</TextBlock>
				</ComposedBlock>
				<ComposedBlock ID="cblock_12" HPOS="884" VPOS="1888" WIDTH="161" HEIGHT="24">
					<TextBlock ID="block_20" HPOS="884" VPOS="1888" WIDTH="161" HEIGHT="24">
						<TextLine ID="line_31" HPOS="884" VPOS="1888" WIDTH="161" HEIGHT="24">
							<String ID="string_315" HPOS="884" VPOS="1888" WIDTH="161" HEIGHT="24" WC="0.96" CONTENT="RÄTTELSE:"/>
						</TextLine>
					</TextBlock>
				</ComposedBlock>
				<ComposedBlock ID="cblock_13" HPOS="630" VPOS="1942" WIDTH="667" HEIGHT="51">
					<TextBlock ID="block_21" HPOS="630" VPOS="1942" WIDTH="667" HEIGHT="51">
						<TextLine ID="line_32" HPOS="630" VPOS="1942" WIDTH="626" HEIGHT="21">
							<String ID="string_316" HPOS="630" VPOS="1942" WIDTH="37" HEIGHT="16" WC="0.92" CONTENT="Sid."/><SP WIDTH="21" VPOS="1942" HPOS="667"/>
							<String ID="string_317" HPOS="688" VPOS="1942" WIDTH="31" HEIGHT="16" WC="0.96" CONTENT="179"/><SP WIDTH="14" VPOS="1942" HPOS="719"/>
							<String ID="string_318" HPOS="733" VPOS="1942" WIDTH="49" HEIGHT="21" WC="0.96" CONTENT="spalt"/><SP WIDTH="13" VPOS="1942" HPOS="782"/>
							<String ID="string_319" HPOS="795" VPOS="1943" WIDTH="11" HEIGHT="15" WC="0.93" CONTENT="2"/><SP WIDTH="13" VPOS="1943" HPOS="806"/>
							<String ID="string_320" HPOS="819" VPOS="1942" WIDTH="68" HEIGHT="16" WC="0.92" CONTENT="införes"/><SP WIDTH="14" VPOS="1942" HPOS="887"/>
							<String ID="string_321" HPOS="901" VPOS="1942" WIDTH="61" HEIGHT="21" WC="0.96" CONTENT="längst"/><SP WIDTH="13" VPOS="1942" HPOS="962"/>
							<String ID="string_322" HPOS="975" VPOS="1942" WIDTH="42" HEIGHT="17" WC="0.96" CONTENT="ned:"/><SP WIDTH="14" VPOS="1942" HPOS="1017"/>
							<String ID="string_323" HPOS="1031" VPOS="1942" WIDTH="94" HEIGHT="16" WC="0.96" CONTENT="Yttrande"/><SP WIDTH="17" VPOS="1942" HPOS="1125"/>
							<String ID="string_324" HPOS="1142" VPOS="1942" WIDTH="34" HEIGHT="16" WC="0.93" CONTENT="AK"/><SP WIDTH="13" VPOS="1942" HPOS="1176"/>
							<String ID="string_325" HPOS="1189" VPOS="1943" WIDTH="29" HEIGHT="15" WC="0.72" CONTENT="39:"/><SP WIDTH="10" VPOS="1943" HPOS="1218"/>
							<String ID="string_326" HPOS="1228" VPOS="1942" WIDTH="28" HEIGHT="16" WC="0.72" CONTENT="77."/>
						</TextLine>
						<TextLine ID="line_33" HPOS="630" VPOS="1972" WIDTH="667" HEIGHT="21">
							<String ID="string_327" HPOS="630" VPOS="1972" WIDTH="37" HEIGHT="16" WC="0.95" CONTENT="Sid."/><SP WIDTH="20" VPOS="1972" HPOS="667"/>
							<String ID="string_328" HPOS="687" VPOS="1973" WIDTH="32" HEIGHT="16" WC="0.96" CONTENT="180"/><SP WIDTH="14" VPOS="1973" HPOS="719"/>
							<String ID="string_329" HPOS="733" VPOS="1972" WIDTH="49" HEIGHT="21" WC="0.96" CONTENT="spalt"/><SP WIDTH="13" VPOS="1972" HPOS="782"/>
							<String ID="string_330" HPOS="795" VPOS="1973" WIDTH="10" HEIGHT="16" WC="0.96" CONTENT="3"/><SP WIDTH="13" VPOS="1973" HPOS="805"/>
							<String ID="string_331" HPOS="818" VPOS="1972" WIDTH="34" HEIGHT="16" WC="0.96" CONTENT="rad"/><SP WIDTH="13" VPOS="1972" HPOS="852"/>
							<String ID="string_332" HPOS="865" VPOS="1972" WIDTH="11" HEIGHT="16" WC="0.96" CONTENT="2"/><SP WIDTH="13" VPOS="1972" HPOS="876"/>
							<String ID="string_333" HPOS="889" VPOS="1972" WIDTH="86" HEIGHT="17" WC="0.96" CONTENT="nedifrån"/><SP WIDTH="13" VPOS="1972" HPOS="975"/>
							<String ID="string_334" HPOS="988" VPOS="1972" WIDTH="39" HEIGHT="16" WC="0.96" CONTENT="står"/><SP WIDTH="12" VPOS="1972" HPOS="1027"/>
							<String ID="string_335" HPOS="1039" VPOS="1972" WIDTH="29" HEIGHT="17" WC="0.96" CONTENT="39:"/><SP WIDTH="9" VPOS="1972" HPOS="1068"/>
							<String ID="string_336" HPOS="1077" VPOS="1972" WIDTH="29" HEIGHT="16" WC="0.96" CONTENT="77."/><SP WIDTH="14" VPOS="1972" HPOS="1106"/>
							<String ID="string_337" HPOS="1120" VPOS="1972" WIDTH="103" HEIGHT="20" WC="0.93" CONTENT="Uppgiften"/><SP WIDTH="14" VPOS="1972" HPOS="1223"/>
							<String ID="string_338" HPOS="1237" VPOS="1972" WIDTH="60" HEIGHT="20" WC="0.64" CONTENT="utgår."/>
						</TextLine>
					</TextBlock>
				</ComposedBlock>
				<ComposedBlock ID="cblock_14" HPOS="1798" VPOS="3" WIDTH="5" HEIGHT="861">
					<TextBlock ID="block_22" HPOS="1798" VPOS="3" WIDTH="5" HEIGHT="861">
						<TextLine ID="line_34" HPOS="1798" VPOS="3" WIDTH="5" HEIGHT="861">
							<String ID="string_339" HPOS="1798" VPOS="3" WIDTH="5" HEIGHT="861" WC="0.95" CONTENT=" "/>
						</TextLine>
					</TextBlock>
				</ComposedBlock>
			</PrintSpace>
		</Page>
	</Layout>
</alto>
