1836 2355
165 67 43 21 204

183 246 136 27 Damkapitel
333 247 37 20 och
385 247 167 26 stiftsnämnder.

183 282 79 24 anfört,
273 282 127 27 godkänner
410 282 117 27 ändringar
537 283 6 20 i
554 283 187 27 avlöningsstaten
752 284 33 20 för
796 284 150 26 domkapitlen
957 285 40 20 och
1008 285 68 20 stifts-

183 312 134 20 nämnderna
328 314 58 18 samt
397 312 87 21 anvisar
495 313 33 20 till
538 313 128 27 avlöningar
677 313 40 21 516
729 313 39 21 100
778 314 32 20 kr.
823 314 32 26 (f).

211 342 19 20 2.
246 342 43 20 RD
300 342 88 20 anvisar
398 342 33 20 till
442 343 156 20 omkostnader
608 343 27 20 93
643 343 41 21 800
695 343 32 20 kr.
739 343 33 26 (f).

213 413 17 20 1.
246 414 43 20 RD
307 414 143 26 bemyndigar
467 414 63 20 KM:t
547 416 41 22 att,
606 415 50 20 med
673 415 138 26 tillämpning
829 415 43 20 tills
889 415 75 21 vidare
981 416 25 20 fr.
1017 422 18 14 o.
1046 422 28 14 m.

183 443 130 26 budgetåret
332 443 98 27 1950/51,
449 444 90 26 vidtaga
558 444 26 20 de
602 444 117 27 ändringar
736 445 6 19 i
761 445 264 27 personalförteckningen
1043 446 33 20 för

183 473 157 27 domkapitlen,
361 480 46 13 som
427 474 123 20 föranledas
569 480 28 14 av
617 474 44 20 vad
680 474 157 27 föredragande
856 475 120 20 statsrådet
995 476 79 23 anfört,

182 503 127 26 godkänner
322 503 117 27 ändringar
453 503 6 20 i
472 504 188 26 avlöningsstaten
674 504 34 20 för
722 504 149 27 domkapitlen
886 505 39 20 och
940 505 136 21 stiftsnämn-

183 533 65 20 derna
267 534 59 19 samt
343 533 88 20 anvisar
449 533 33 20 till
500 534 150 26 domkapitlen
669 534 40 20 och
728 534 201 21 stiftsnämnderna:
949 535 128 27 avlöningar

182 563 40 20 523
231 563 41 20 000
285 563 31 20 kr.
331 563 33 26 (f).

210 593 19 20 2.
246 593 43 20 RD
300 593 88 20 anvisar
399 592 32 21 till
442 593 155 21 omkostnader
608 594 26 20 96
643 594 41 20 500
695 594 31 20 kr.
739 593 32 27 (f).

210 664 43 20 RD
265 664 80 27 uppför
355 664 33 20 till
400 665 136 26 uppförande
547 671 28 14 av
587 665 187 27 domkapitelshus
785 665 7 21 i
803 665 71 27 Växjö
885 666 12 20 å
909 666 81 20 allmän
1001 666 75 21 bered-

182 694 112 26 skapsstat
308 694 41 21 250
358 694 41 20 000
413 695 32 19 kr.

210 724 27 20 Se
254 724 41 20 ock
313 724 136 23 Besvärsrätt,
467 724 80 27 (1950),
563 724 162 27 Folkbokföring
738 725 80 26 (1945),
833 725 122 21 Folkskolor
966 726 70 26 (1945:
1048 726 27 25 3),

184 753 180 27 Interpellationer
388 754 70 26 (1949:
471 754 40 26 99),
536 754 133 27 Kyrkolagen
694 755 70 26 (1948:
777 755 26 26 2),
826 755 158 27 Prästerskapet
1005 756 70 25 (1942,

184 783 59 20 1947:
256 783 25 26 4).

184 837 191 24 DOMKYRKOR;
391 843 22 14 se
427 837 85 27 Kyrkor
525 844 27 14 m.
568 844 35 17 m.,
617 838 73 20 Lunds
705 838 120 26 domkyrka,
843 838 97 21 Västerås
954 838 120 27 domkyrka.

184 890 278 21 DOMSAGONOTARIER
479 891 54 20 OCH
552 887 290 30 DOMSAGOBITRÄDEN;
859 898 22 14 se
898 892 177 21 Häradsrätterna

210 920 79 26 (1945),
308 920 179 27 Interpellationer
501 921 61 26 (1941
574 921 28 21 H:
616 921 39 26 11).

184 974 160 20 DOMSAGOR.

212 1010 17 19 1.
246 1010 43 20 RD
304 1010 126 26 godkänner
445 1010 171 27 huvudgrunder
630 1011 33 20 för
678 1017 26 14 en
719 1011 185 27 omorganisation
919 1018 28 14 av
962 1012 113 26 domsago-

182 1039 161 26 förvaltningen
353 1046 28 13 m.
392 1046 36 17 m.,
439 1041 82 19 avsedd
531 1042 35 18 att
576 1041 63 19 träda
649 1041 6 19 i
665 1041 139 26 tillämpning
814 1041 41 20 den
867 1041 8 20 1
887 1041 39 26 juli
938 1041 59 24 1943,
1008 1042 67 19 sedan

183 1068 49 24 RD,
247 1069 27 26 på
287 1069 167 27 framställning,
469 1070 87 20 anvisat
569 1070 70 20 medel
652 1070 33 20 för
698 1070 27 20 de
737 1076 28 15 av
779 1070 212 27 omorganisationen
1004 1071 72 20 föran-

182 1098 64 20 ledda
261 1099 155 20 kostnaderna.

210 1128 19 20 2.
246 1128 42 20 RD
300 1128 45 20 dels
355 1130 90 25 antager
455 1129 7 20 i
472 1135 61 20 prop.
544 1129 121 27 framlagda
675 1129 80 27 förslag
765 1130 33 20 till
808 1130 35 26 lag
852 1136 36 14 om
898 1130 140 20 bestridande
1048 1136 28 15 av

182 1157 147 21 kostnaderna
345 1158 33 20 för
393 1158 115 27 domsagas
523 1159 70 20 kansli
609 1159 45 20 dels
669 1159 40 20 ock
725 1159 34 21 för
773 1159 33 21 sin
822 1160 34 20 del
871 1161 90 25 antager
976 1160 35 26 lag
1026 1165 48 21 ang.

182 1187 83 20 ändrad
276 1187 81 27 lydelse
367 1194 28 14 av
405 1188 13 20 3
428 1188 40 20 och
479 1188 12 21 5
500 1189 21 25 $$
531 1189 62 26 lagen
604 1189 42 20 den
657 1189 25 20 17
691 1189 48 26 juni
751 1189 53 20 1932
814 1189 34 26 (nr
858 1189 50 26 263)
918 1195 36 14 om
964 1190 61 20 stads
1035 1190 39 20 och

182 1217 134 26 landsbygds
329 1217 118 21 förenande
460 1218 6 20 i
479 1218 107 26 judiciellt
599 1219 113 19 avseende.

210 1247 27 20 Se
246 1247 41 20 ock
296 1247 250 26 Avlöningsreglementet,
558 1248 69 20 Civila
636 1248 71 26 (1943:
719 1248 26 26 2),
757 1248 124 27 Ersättning
890 1248 79 27 (1944),
980 1249 94 20 Härads-

182 1277 67 23 rätter,
265 1277 180 26 Interpellationer
457 1277 70 26 (1946:
540 1277 40 26 76),
595 1277 179 27 Stämpelavgifter
786 1278 70 26 (1943:
868 1279 26 25 5).

184 1330 175 20 DOMSTOLAR.

210 1365 43 21 RD
265 1367 91 25 antager
367 1366 80 26 förslag
459 1366 32 20 till
504 1366 34 27 lag
551 1372 35 15 om
599 1366 90 21 fortsatt
700 1367 100 26 giltighet
812 1374 28 13 av
853 1367 61 27 lagen
927 1367 41 21 den
981 1368 26 20 26
1020 1367 54 27 april

184 1395 53 20 1940
251 1395 35 26 (nr
300 1395 49 27 272)
364 1396 50 20 med
429 1396 105 20 särskilda
549 1396 163 21 bestämmelser
726 1402 48 22 ang.
791 1397 147 21 domstolarna
953 1398 40 20 och
1008 1399 67 19 rätte-

181 1425 84 26 gången
277 1425 37 20 vid
326 1425 48 27 krig
385 1425 50 21 eller
446 1426 105 26 krigsfara
563 1432 29 14 m.
601 1432 29 14 m.

210 1467 43 20 RD
266 1468 90 25 antager
368 1467 79 27 förslag
459 1468 33 19 till
504 1468 35 26 lag
551 1474 36 14 om
599 1468 90 20 fortsatt
701 1468 100 27 giltighet
813 1475 28 14 av
853 1468 62 27 lagen
928 1469 41 20 den
982 1469 26 20 26
1020 1469 55 26 april

184 1496 53 21 1940
251 1496 35 27 (nr
300 1497 50 25 272)
364 1497 50 20 med
429 1497 105 21 särskilda
549 1498 163 20 bestämmelser
726 1504 48 21 ang.
791 1498 148 21 domstolarna
954 1499 40 20 och
1008 1500 68 19 rätte-

181 1526 85 27 gången
277 1526 38 21 vid
326 1526 48 27 krig
385 1527 50 20 eller
446 1527 105 26 krigsfara
563 1534 29 14 m.
602 1534 29 14 m.

212 1568 17 19 1.
246 1568 43 20 RD
304 1569 91 26 antager
409 1568 81 27 förslag
504 1569 33 20 till
552 1569 35 26 lag
602 1575 35 14 om
652 1569 91 21 fortsatt
757 1570 100 26 giltighet
871 1576 29 14 av
915 1570 62 27 lagen
993 1570 41 20 den
1049 1571 26 20 26

182 1597 55 26 april
254 1597 53 21 1940
323 1598 35 26 (nr
373 1598 50 26 272)
439 1599 49 19 med
505 1599 105 20 särskilda
626 1599 164 20 bestämmelser
805 1605 49 21 ang.
871 1600 148 20 domstolarna
1036 1600 39 20 och

181 1627 144 27 rättegången
335 1627 38 20 vid
384 1628 48 26 krig
442 1628 51 20 eller
503 1628 105 27 krigsfara
620 1635 28 14 m.
658 1635 29 14 m.

210 1656 19 20 2.
246 1657 63 20 RD:s
325 1657 116 20 revisorers
458 1664 58 14 anm.
534 1664 49 21 ang.
602 1659 105 20 domstols
724 1659 127 26 behörighet
868 1659 6 20 i
891 1659 60 26 fråga
969 1665 35 14 om
1022 1665 54 21 upp-

182 1686 95 26 tagande
287 1693 28 14 av
326 1687 58 20 vissa
395 1687 105 21 brottmål
511 1688 72 26 lägges
593 1688 33 20 till
637 1688 135 27 handlingar.

210 1716 55 26 Ang.
278 1717 143 26 rättegången
433 1718 48 19 mot
492 1717 104 20 redaktör
608 1714 100 30 Ödegård
720 1718 40 20 och
773 1720 92 25 översyn
878 1725 28 14 av
918 1719 96 26 reglerna
1026 1724 49 21 ang.

182 1745 140 27 offentlighet
334 1746 37 20 vid
386 1745 155 25 domstolarna;
556 1753 21 14 se
592 1747 70 21 Enkla
675 1747 70 27 frågor
758 1748 37 26 (5).

210 1775 55 26 Ang.
276 1775 139 27 offentlighet
424 1778 42 18 rör.
477 1776 58 21 vissa
545 1777 51 24 mål;
607 1783 22 14 se
641 1777 121 21 Förräderi-
772 1778 36 20 och
817 1778 145 26 spioneribrott
972 1778 38 26 (2).

210 1817 43 20 RD
266 1818 91 25 antager
368 1817 80 27 förslag
460 1818 33 20 till
505 1818 34 26 lag
552 1824 35 14 om
600 1819 90 20 fortsatt
701 1819 100 26 giltighet
813 1826 28 13 av
854 1819 61 27 lagen
928 1819 41 21 den
982 1820 27 19 26
1021 1819 54 27 april

184 1846 53 21 1940
251 1847 35 26 (nr
300 1847 50 26 272)
364 1847 50 20 med
429 1848 105 20 särskilda
549 1848 163 21 bestämmelser
726 1854 49 21 ang.
791 1849 147 20 domstolarna
954 1850 40 19 och
1008 1851 67 19 rätte-

181 1876 84 27 gången
277 1876 38 20 vid
326 1877 47 26 krig
385 1877 50 20 eller
446 1877 105 27 krigsfara
563 1884 29 14 m.
602 1884 28 14 m.

210 1918 42 20 RD
262 1919 91 25 antager
362 1918 35 27 lag
406 1925 35 14 om
451 1919 90 20 fortsatt
549 1919 100 27 giltighet
659 1926 28 14 av
696 1920 61 26 lagen
768 1920 41 20 den
819 1921 26 19 26
854 1920 54 27 april
921 1921 52 20 1940
982 1921 34 25 (nr
1025 1921 50 25 272)

181 1948 51 20 med
245 1948 106 20 särskilda
365 1948 163 21 bestämmelser
541 1954 49 22 ang.
605 1950 148 20 domstolarna
768 1950 39 20 och
821 1950 142 27 rättegången
978 1950 36 20 vid
1028 1950 47 27 krig

181 1978 51 20 eller
247 1978 105 26 krigsfara
370 1984 29 14 m.
408 1984 29 14 m.

211 2007 26 20 Se
248 2008 41 19 ock
298 2008 321 27 Ljudupptagningsapparater,
635 2009 124 26 Trafikmål,
775 2010 129 26 Tryckfrihet
915 2010 37 26 (3).

211 2037 26 20 Se
250 2037 76 20 vidare
340 2038 109 23 Brottmål,
463 2038 116 24 Hovrätter,
598 2039 155 24 Häradsrätter,
770 2039 80 27 Högsta
863 2039 119 24 domstolen,
999 2040 77 20 Insän-

182 2066 68 21 dande
271 2073 25 14 av
316 2067 133 27 handlingar,
474 2068 180 27 Interpellationer
675 2069 70 26 (1948:
758 2069 39 26 17),
819 2069 134 27 Krigsrätter,
979 2069 97 21 Rådhus-

171 2097 79 23 rätter,
269 2097 180 21 Stadsdomstolar.

1230 157 91 30 Motioner
1368 157 90 30 Utskott
1502 173 39 16 Sa
1620 161 95 17 Protokoll

1096 180 25 20 År
1117 176 14 34 |
1144 184 54 21 Prop.
1520 201 22 12 ne
1556 185 3 4 4

1225 214 33 17 FK
1260 210 23 30 |
1288 214 35 17 AK
1344 215 85 16 |SmllAvd!
1452 215 27 16 Nr
1598 215 34 16 FK
1697 215 35 16 AK

1095 345 105 20 49]1:10]
1236 357 28 3 —I
1301 357 27 3 —I
1363 346 61 19 61)]—1
1475 346 13 20 8
1540 346 13 20 81
1580 345 31 20 12:
1623 348 24 17 22
1652 341 23 34 |
1682 346 30 19 12:
1726 347 36 18 136)

1143 379 21 19 pt
1176 377 24 18 42
1443 383 15 11 s.
1466 378 24 17 20

1096 416 104 21 5011:10]
1236 429 28 2 —I|
1301 429 27 2 —I
1363 417 61 20 61—
1475 417 13 20 8
1541 417 70 20 8113:
1623 419 24 17 45
1651 413 22 34 |
1682 417 30 20 13:
1723 419 24 17 58

1143 450 21 20 pt
1175 448 25 18 39
1443 449 47 17 s.14

1106 602 9 13 »
1147 596 53 19 11:10]
1236 608 28 2 —I
1301 608 27 2 —I
1363 596 60 20 61/—
1475 596 13 20 8
1541 596 70 20 8113:
1623 598 24 17 45
1651 591 22 34 |
1682 595 30 20 13:
1723 598 24 17 58

1143 629 21 19 pt
1175 627 25 18 40
1443 633 15 11 s.
1467 628 22 17 16

1096 667 27 20 501
1153 667 39 20 1261
1236 679 28 2 —I
1301 680 27 1 —I
1363 668 60 19 61—1]
1448 668 40 19 2001
1512 667 41 20 3761
1578 668 32 19 29:
1622 669 23 17 51
1650 663 23 34 |
1678 667 33 20 29:
1723 669 24 17 39

1099 697 62 20 H:s.
1174 699 24 17 25
1443 700 46 17 £9

1095 1013 27 20 421
1150 1013 41 20 252
1197 1009 22 34 I
1222 1013 40 20 2621
1286 1013 38 20 3811
1362 1014 12 18 61
1410 1014 13 19 2
1475 1014 12 19 31
1513 1012 40 21 488
1551 1008 14 34 |
1577 1012 33 20 27:
1621 1012 39 20 36d]
1678 1012 33 20 27:
1724 1012 37 20 15d

1221 1043 41 19 263
1260 1039 21 33 |
1286 1043 41 19 382

1106 1138 8 12 »
1127 1127 18 34 |
1150 1131 41 20 304
1201 1127 18 34 1
1222 1131 40 20 276]
1300 1143 28 3 —I
1362 1132 12 19 61
1411 1132 12 20 2
1475 1131 13 20 41
1513 1131 40 20 4891
1578 1131 33 19 27:
1622 1132 25 18 38
1651 1126 22 34 |
1679 1130 33 20 27:
1725 1132 23 17 16

1095 1368 24 20 411
1167 1368 24 20 141
1235 1380 28 3 —I
1300 1381 28 2 —I
1362 1369 13 20 91
1413 1369 7 20 1
1476 1369 12 19 21
1527 1369 27 19 22]
1592 1368 40 20 8&4
1693 1367 41 20 8:8

1095 1470 27 20 421
1153 1470 39 20 102]
1236 1482 27 2 —|
1300 1482 28 2 —I
1363 1470 13 20 91
1414 1470 7 20 11
1462 1469 91 21 271179]
1580 1469 67 20 16:39
1653 1464 19 36 |
1682 1468 30 20 16:
1723 1470 25 17 37

1096 1571 27 20 4381]
1165 1571 27 20 791
1236 1583 28 2 —I
1301 1583 28 3 —LI
1363 1572 13 20 91
1413 1571 8 20 11
1464 1571 24 20 181
1515 1570 132 21 110112:66
1654 1566 18 35 |
1681 1570 31 20 12:
1723 1572 25 17 99

1106 1666 9 13 »|
1165 1672 27 2 —I
1236 1672 27 2 —I
1301 1672 28 3 —JI
1363 1661 61 19 61—]|
1450 1660 36 20 141]
1526 1672 28 2 —I|
1578 1660 68 19 22:21
1653 1655 23 35 |
1679 1659 33 19 22:
1724 1661 24 17 22

1449 1697 15 11 s.
1477 1692 10 17 2

1096 1820 27 20 461
1153 1820 39 20 1521.
1236 1832 27 2 —]|
1301 1832 27 3 —].
1363 1821 12 19 9]
1414 1821 7 19 11
1462 1819 185 21 221183115:57
1682 1818 30 21 115:
1726 1821 35 17 101

1095 1921 27 20 47|
1165 1921 24 20 311
1236 1933 27 2 —I
1301 1933 27 3 —JI
1363 1921 13 21 91
1414 1921 6 20 1
1477 1921 12 20 71]
1527 1921 27 20 481
1592 1920 55 21 9:47
1651 1916 26 34 |
1693 1920 55 19 9:64
