1828 2350
160 74 44 21 222

177 254 112 27 Egendom.

205 290 20 21 2.
241 290 43 21 RD
296 290 87 20 anvisar
395 289 32 21 till
438 289 248 21 restitutionsnämnden
697 289 27 21 50
733 289 41 20 000
785 289 31 20 kr.
829 289 33 26 (f),
874 288 33 20 till
918 288 152 27 flyktkapital-

177 320 70 27 byrån
261 314 37 37 160
300 314 47 37 000
363 320 32 20 kr.
409 319 26 27 (f)
449 321 58 19 samt
519 319 33 20 till
565 319 146 26 ersättningar
723 318 33 21 för
769 318 43 21 viss
825 318 48 21 från
887 318 119 26 ockuperat
1019 318 50 20 land

177 349 132 21 härrörande
320 349 105 27 egendom
438 350 9 19 1
458 349 41 20 000
507 349 41 20 000
559 349 32 20 kr.
604 349 33 26 (f).

205 392 43 20 RD
264 393 90 25 antager
369 391 80 26 förslag
464 391 33 20 till
512 390 35 27 lag
562 397 35 13 om
613 390 176 21 administration
805 396 29 14 av
849 390 57 20 vissa
922 390 64 26 bolag
1001 396 28 14 m.
1039 396 29 14 m.

176 423 59 19 samt
245 421 33 21 till
288 421 35 27 lag
334 426 49 21 ang.
395 421 83 20 ändrad
489 420 81 27 lydelse
581 426 28 15 av
619 420 13 20 2
643 420 40 20 och
694 420 13 20 3
718 420 20 26 $$
749 420 62 26 lagen
823 420 41 20 den
875 420 26 20 29
912 419 47 26 juni
972 419 52 21 1945
1035 419 35 27 (nr

176 452 50 25 522)
241 457 36 14 om
291 451 95 20 kontroll
401 451 12 20 å
428 451 44 20 viss
487 450 104 21 utländsk
605 450 105 26 egendom
722 456 28 14 m.
760 456 29 14 m.
801 449 116 27 (förslagen
928 449 104 20 innebära
1043 455 25 14 en

177 481 128 27 utbyggnad
320 487 29 14 av
364 481 41 20 den
421 480 68 21 under
504 480 62 21 RD:s
580 480 121 20 vårsession
717 479 84 21 införda
816 479 252 26 kontrollagstiftningen

176 511 138 21 beträffande
326 510 103 21 utländsk
440 510 121 27 egendom).

206 559 17 20 1.
240 559 43 20 RD
295 558 88 21 anvisar
395 558 33 20 till
440 557 248 21 restitutionsnämnden
701 557 26 21 50
736 557 41 20 000
789 557 31 21 kr.
834 557 33 27 (f).

204 619 19 20 2.
240 618 43 21 RD
296 618 87 21 anvisar
396 618 33 20 till
442 617 213 28 flyktkapitalbyrån
668 613 39 36 200
708 613 48 36 000
771 617 31 20 kr.
816 617 33 27 (f).

204 678 19 21 3.
240 678 42 21 RD
297 680 91 24 antager
400 678 80 26 förslag
494 677 32 20 till
540 677 35 26 lag
588 682 49 21 ang.
652 677 90 20 fortsatt
755 676 100 27 giltighet
868 682 28 14 av
910 676 62 26 lagen
986 676 42 20 den
1042 676 27 20 29

175 708 47 27 juni
233 708 52 20 1945
295 708 34 27 (nr
337 708 50 25 520)
397 713 35 15 om
441 707 155 21 återställande
604 713 28 14 av
641 707 44 20 viss
693 707 48 20 från
750 707 120 26 ockuperat
878 706 51 20 land
938 706 131 20 härrörande

175 738 113 27 egendom,
304 737 33 21 till
352 737 35 27 lag
401 743 49 21 ang.
466 737 90 21 fortsatt
571 737 100 26 giltighet
685 743 28 14 av
728 737 62 26 lagen
806 736 41 20 den
862 736 27 20 29
903 736 47 26 juni
967 735 52 21 1945
1035 736 35 26 (nr

175 768 50 26 522)
235 774 36 14 om
280 767 96 21 kontroll
385 767 12 20 å
407 767 44 20 viss
461 767 103 20 utländsk
574 766 105 27 egendom
688 772 29 14 m.
728 772 28 14 m.
767 768 57 18 samt
834 766 32 20 till
876 766 35 26 lag
920 771 49 20 ang.
979 765 91 20 fortsatt

175 797 100 27 giltighet
287 803 29 15 av
328 797 62 26 lagen
404 797 41 20 den
460 797 25 20 14
498 797 45 20 dec.
559 796 52 21 1945
624 797 35 26 (nr
671 796 49 26 885)
734 802 35 14 om
782 795 176 21 administration
971 801 28 14 av
1012 795 56 20 vissa

176 827 64 27 bolag
253 833 29 15 m.
291 833 29 14 m.

203 857 19 21 4,
239 857 43 20 RD
293 857 87 20 anvisar
390 856 33 21 till
433 856 147 26 ersättningar
589 856 34 20 för
633 856 43 20 viss
687 856 47 20 från
745 855 120 27 ockuperat
875 855 50 20 land
936 855 132 20 härrörande

175 887 105 26 egendom
294 886 39 21 100
341 886 42 21 000
394 886 31 21 kr.
438 886 33 27 (f).

205 935 18 20 1.
239 934 43 21 RD
296 934 88 21 anvisar
398 934 32 20 till
444 933 248 21 restitutionsnämnden
706 933 27 20 50
741 933 41 20 000
796 933 32 20 kr.
843 933 26 26 (f)
884 934 56 19 samt
954 932 33 20 till
1001 932 67 27 flykt-

175 964 155 27 kapitalbyrån
342 964 41 20 200
391 964 42 20 000
444 964 32 20 kr.
489 964 33 26 (f).

203 1024 20 21 2.
240 1024 42 20 RD
293 1024 88 20 anvisar
391 1023 32 21 till
433 1023 147 26 ersättningar
589 1023 33 20 för
632 1023 44 20 viss
686 1023 48 20 från
744 1022 120 27 ockuperat
874 1022 51 20 land
935 1022 132 20 härrörande

175 1054 105 26 egendom
294 1054 27 19 50
329 1053 41 20 000
383 1054 32 19 kr.
429 1053 34 26 (f).

203 1083 19 20 3.
239 1083 43 20 RD
295 1084 91 25 antager
398 1082 35 27 lag
445 1088 49 20 ang.
508 1082 84 20 ändrad
604 1082 81 26 lydelse
698 1088 28 14 av
738 1082 13 20 2
764 1082 9 25 $
786 1081 62 26 lagen
862 1081 41 20 den
916 1081 26 20 29
954 1081 48 26 juni
1016 1080 52 21 1945

175 1113 35 26 (nr
221 1112 50 27 522)
284 1119 35 13 om
331 1112 95 20 kontroll
439 1113 12 19 å
464 1112 44 20 viss
520 1112 104 20 utländsk
636 1111 105 27 egendom
754 1117 28 14 m.
792 1117 37 17 m.,
842 1111 23 20 så
878 1111 41 20 ock
931 1116 35 14 om
978 1110 91 20 fortsatt

175 1142 100 27 giltighet
287 1148 29 14 av
328 1148 84 14 samma
425 1142 35 26 lag
472 1143 58 19 samt
542 1141 33 20 till
587 1141 35 26 lag
634 1146 49 21 ang.
697 1141 90 20 fortsatt
799 1141 100 26 giltighet
911 1146 28 14 av
952 1140 61 26 lagen
1027 1140 41 20 den

176 1172 25 20 14
215 1172 44 20 dec.
275 1171 53 21 1945
341 1172 34 26 (nr
387 1171 50 26 885)
450 1177 35 14 om
498 1171 177 21 administration
688 1176 28 15 av
728 1170 57 21 vissa
798 1170 64 26 bolag
874 1176 28 14 m.
913 1176 28 14 m.

202 1202 20 20 4.
238 1201 43 21 RD
296 1203 91 25 antager
402 1201 34 26 lag
451 1206 48 21 ang.
515 1201 91 20 fortsatt
620 1200 100 27 giltighet
734 1206 28 14 av
777 1200 62 26 lagen
854 1200 42 20 den
910 1200 27 20 29
951 1200 48 25 juni
1015 1199 52 20 1945

175 1232 35 25 (nr
217 1231 50 26 520)
276 1237 35 14 om
320 1231 154 20 återställande
483 1236 28 15 av
519 1231 44 20 viss
571 1231 48 19 från
628 1230 119 26 ockuperat
755 1230 51 20 land
815 1229 131 21 härrörande
954 1229 112 26 egendom.

204 1279 18 20 1.
239 1278 42 21 RD
293 1280 90 24 antager
393 1278 35 26 lag
438 1283 49 21 ang.
499 1278 90 20 fortsatt
599 1277 100 27 giltighet
709 1283 28 15 av
748 1277 62 26 lagen
821 1277 41 20 den
873 1277 27 20 29
910 1276 47 26 juni
970 1276 52 21 1945
1033 1276 35 26 (nr

174 1308 50 26 520)
238 1314 35 14 om
286 1308 156 20 återställande
454 1314 29 14 av
496 1307 43 20 viss
552 1307 48 20 från
613 1307 120 26 ockuperat
745 1306 52 21 land
810 1306 131 21 härrörande
954 1306 112 26 egendom,

175 1337 34 27 lag
219 1343 49 21 ang.
279 1338 91 20 fortsatt
379 1337 101 26 giltighet
489 1343 29 14 av
528 1337 62 26 lagen
600 1342 84 15 samma
695 1336 42 27 dag
747 1338 34 25 (nr
791 1336 49 26 522)
851 1342 35 14 om
896 1335 96 21 kontroll
1002 1336 12 20 å
1024 1336 44 19 viss

176 1367 103 21 utländsk
291 1367 105 27 egendom
407 1373 29 14 m.
446 1373 37 17 m.,
496 1367 35 26 lag
542 1372 49 21 ang.
603 1366 91 21 fortsatt
705 1366 100 27 giltighet
816 1372 28 14 av
856 1365 62 27 lagen
930 1365 41 20 den
985 1365 25 20 14
1022 1365 45 20 dec.

177 1397 52 21 1945
246 1397 35 27 (nr
297 1397 50 26 885)
364 1403 35 14 om
416 1396 177 21 administration
610 1402 28 14 av
654 1396 57 20 vissa
729 1396 64 26 bolag
808 1401 29 15 m.
847 1402 29 14 m.
894 1397 58 18 samt
968 1395 35 26 lag
1019 1400 48 21 ang.

175 1427 90 20 fortsatt
275 1427 101 26 giltighet
387 1432 28 15 av
426 1426 62 27 lagen
500 1426 41 20 den
555 1426 25 20 10
590 1426 40 26 juli
642 1426 53 20 1947
707 1426 34 26 (nr
752 1425 49 26 486)
813 1432 35 13 om
860 1425 100 20 dödande
972 1431 28 14 av
1011 1425 57 20 vissa

176 1457 87 20 utanför
276 1457 86 26 Sverige
374 1456 113 26 befintliga
500 1456 134 26 handlingar.

203 1487 19 20 2.
239 1486 42 21 RD
293 1486 88 21 anvisar
392 1486 32 20 till
436 1486 247 20 restitutionsnämnden
695 1486 27 19 22
730 1485 41 20 000
783 1485 31 20 kr.
827 1485 32 26 (f),
872 1485 33 20 till
916 1484 153 27 flyktkapital-

175 1516 69 27 byrån
257 1516 41 20 200
307 1516 41 20 000
360 1516 32 20 kr.
407 1516 26 26 (f)
446 1517 58 19 samt
517 1515 32 21 till
563 1515 146 26 ersättningar
721 1515 33 20 för
767 1515 44 20 viss
823 1515 48 20 från
885 1514 119 26 ockuperat
1017 1514 51 20 land

175 1546 131 20 härrörande
319 1546 105 26 egendom
439 1545 24 21 10
472 1545 41 20 000
525 1546 32 19 kr.
571 1545 32 25 (f).

204 1588 18 20 1.
238 1587 43 21 RD
296 1589 91 25 antager
402 1587 34 26 lag
450 1592 49 21 ang.
515 1587 90 20 fortsatt
619 1586 101 27 giltighet
734 1592 28 14 av
777 1586 62 26 lagen
854 1586 42 20 den
911 1585 26 21 29
951 1585 48 26 juni
1015 1585 53 21 1945

175 1617 34 26 (nr
217 1617 49 26 520)
275 1623 36 14 om
320 1616 154 21 återställande
483 1622 28 15 av
520 1616 43 20 viss
571 1616 48 21 från
628 1616 119 26 ockuperat
755 1616 52 20 land
815 1615 132 21 härrörande
955 1615 112 26 egendom,

174 1647 35 26 lag
219 1652 49 21 ang.
279 1647 91 20 fortsatt
379 1646 100 27 giltighet
489 1652 28 15 av
528 1646 62 26 lagen
600 1652 83 14 samma
695 1646 41 26 dag
746 1646 35 26 (nr
791 1645 50 26 522)
851 1651 35 14 om
897 1645 95 20 kontroll
1002 1645 12 20 å
1025 1645 43 20 viss

175 1676 104 21 utländsk
291 1676 105 27 egendom
408 1682 28 14 m.
446 1682 37 17 m.,
496 1676 34 26 lag
542 1681 49 21 ang.
603 1676 91 20 fortsatt
705 1675 100 27 giltighet
816 1681 28 14 av
856 1675 62 26 lagen
930 1675 41 20 den
985 1675 25 20 14
1022 1674 45 21 dec.

175 1706 53 21 1945
238 1707 35 26 (nr
281 1706 50 26 885)
340 1712 36 14 om
384 1706 177 20 administration
571 1712 28 14 av
606 1705 57 21 vissa
671 1705 64 26 bolag
741 1711 29 14 m.
779 1711 28 14 m.
816 1707 57 18 samt
880 1705 35 26 lag
922 1710 48 20 ang.
978 1704 91 20 fortsatt

174 1736 100 26 giltighet
285 1742 28 14 av
325 1736 62 26 lagen
399 1736 41 20 den
453 1736 25 19 10
489 1735 39 26 juli
542 1735 52 21 1947
606 1736 34 25 (nr
651 1735 50 26 486)
713 1741 35 14 om
760 1734 100 21 dödande
872 1740 28 14 av
912 1734 56 20 vissa
981 1734 88 20 utanför

175 1765 86 27 Sverige
276 1765 113 27 befintliga
404 1765 135 26 handlingar.

202 1795 19 20 2.
238 1795 43 20 RD
292 1795 87 20 anvisar
390 1795 32 20 till
432 1795 147 26 ersättningar
589 1794 33 20 för
632 1794 43 20 viss
686 1794 48 20 från
745 1794 119 26 ockuperat
874 1793 51 21 land
936 1793 131 20 härrörande

174 1825 105 26 egendom
272 1820 43 35 10
314 1824 55 21 000
381 1825 32 20 kr.
427 1825 33 25 (f).

204 1867 17 19 1.
238 1866 42 20 RD
293 1866 88 20 anvisar
393 1866 33 20 till
438 1865 248 21 restitutionsnämnden
699 1865 27 20 22
734 1865 41 20 000
787 1865 32 20 kr.
833 1865 33 26 (f).

202 1926 19 20 2.
238 1925 43 21 RD
294 1926 87 19 anvisar
394 1925 32 20 till
439 1925 215 27 flyktkapitalbyrån
667 1924 40 21 200
716 1924 41 21 000
770 1924 31 21 kr.
816 1924 32 26 (f).

196 1984 25 21 3.
238 1985 42 20 RD
292 1985 87 20 anvisar
389 1985 33 20 till
433 1985 146 26 ersättningar
589 1984 33 20 för
632 1984 44 20 viss
686 1984 48 20 från
745 1984 119 26 ockuperat
875 1983 51 21 land
937 1983 131 21 härrörande

174 2015 105 26 egendom
296 2015 8 20 1
315 2014 42 21 000
371 2015 32 20 kr.
420 2014 32 27 (f).

201 2045 20 20 4,
238 2044 42 21 RD
296 2046 90 25 antager
401 2044 35 26 lag
450 2049 49 21 ang.
514 2044 91 20 fortsatt
619 2043 100 27 giltighet
733 2049 29 14 av
777 2043 62 26 lagen
854 2043 42 20 den
910 2043 27 20 29
951 2043 48 26 juni
1016 2042 52 21 1945

174 2074 35 26 (nr
216 2074 49 26 520)
274 2080 36 14 om
318 2073 156 21 återställande
482 2080 28 14 av
518 2073 44 21 viss
570 2073 48 21 från
628 2073 119 27 ockuperat
755 2073 51 21 land
815 2072 132 21 härrörande
955 2072 112 27 egendom,

174 2104 35 26 lag
219 2109 48 21 ang.
278 2104 90 20 fortsatt
378 2104 100 26 giltighet
488 2109 29 15 av
527 2103 62 27 lagen
600 2109 83 14 samma
694 2102 42 27 dag
746 2103 35 26 (nr
791 2102 50 27 522)
851 2108 35 14 om
896 2102 95 20 kontroll
1002 2102 12 20 å
1024 2102 44 20 viss

1265 163 4 4 ä
1826 131 1 32 |

1089 184 26 20 Är
1137 187 54 20 lBror:
1212 159 103 30 Motioner
1362 159 91 30 Utskott
1492 160 61 59 Skriv.
1603 160 106 30 Protokoll

1219 217 33 16 FK
1251 213 26 29 |
1282 217 35 16 AK
1338 217 85 16 |SmllAvd]
1447 217 26 16 Nr
1592 217 34 16 FK
1691 217 35 16 AK

1089 289 28 20 451
1145 288 40 20 329
1195 284 26 34 |
1229 300 27 2 —I|
1295 300 27 2 —1I
1357 288 60 19 6/—]
1441 288 40 20 2541
1506 288 41 21 5031
1571 288 34 21 31:
1616 290 25 18 90
1646 284 22 34 |
1672 288 33 21 32:
1718 290 23 18 16

1089 390 28 20 451
1144 390 41 20 373
1196 385 27 35 I
1229 401 28 3 —I
1294 401 28 3 —I
1357 389 12 20 91
1406 390 8 19 11
1455 389 27 20 561
1506 389 38 21 5811
1571 389 34 21 39:
1616 389 139 21 31d/41:109d]

1092 420 20 20 H

1089 557 27 20 461
1145 558 40 20 1:33]
1229 568 27 3 —I
1294 568 28 3 —I
1356 556 60 20 61—
1468 556 13 20 3
1533 556 13 20 31
1584 557 42 20 8:8
1685 557 56 20 8:17

1137 591 20 19 pt
1168 589 24 17 25
1436 593 14 12 s.
1458 584 58 30 251s.
1520 584 26 30 11

1099 623 9 13 »
1146 618 39 19 11:81]
1229 628 27 2 —I
1294 628 27 2 —I|
1356 616 60 19 61—|
1468 615 13 20 31
1533 616 13 20 31
1584 616 42 20 88
1685 616 55 21 8:17

1138 651 20 19 pt
1168 648 25 18 26
1436 648 110 17 s;251s.11

1100 683 8 12 »
1119 671 22 34 1
1144 676 41 21 2761
1229 688 27 2 —IL
1294 687 27 3 —I
1356 675 12 20 91
1405 676 8 19 11
1454 675 26 21 471
1505 675 41 21 3761
1570 676 55 20 27:2
1671 676 68 20 |28:27

1099 862 8 12 »
1121 849 18 35 1
1144 855 40 20 277
1195 849 27 35 I
1229 866 27 3 —I
1294 866 27 2 —JI
1356 854 60 19 61—]1
1440 853 40 21 2331
1505 854 41 20 4421
1570 853 53 21 29:1
1671 854 55 20 130:3

1088 932 27 20 471
1145 933 40 20 1:51
1229 944 27 2 —I
1294 943 27 3 —I
1356 931 60 20 61—
1468 931 12 20 3
1533 931 91 21 3110:7
1672 931 67 21 110;281

1137 966 21 20 pt
1168 964 24 18 24
1436 963 46 17 s.151
1507 969 14 11 s.
1534 963 10 18 8

1137 994 55 18 —25

1099 1029 8 12 »
1124 1017 14 34 |
1145 1023 40 20 1:51]
1229 1033 27 3 —I
1293 1033 28 2 —I
1356 1021 60 19 6/—
1468 1021 12 20 3
1533 1021 91 20 3110:7
1639 1017 26 34 |
1673 1021 65 20 10:21

1137 1056 20 19 pt
1168 1054 24 17 26
1435 1058 15 11 s.
1459 1052 23 17 15]
1507 1058 15 11 s.
1534 1053 10 16 8

1099 1088 8 12 »
1116 1076 22 34 I
1157 1081 28 20 301
1228 1092 28 3 —I
1293 1092 27 2 —I
1355 1080 13 20 9;
1406 1081 7 19 11
1456 1080 25 20 121
1519 1080 84 20 70111:
1614 1080 39 19 30d]
1673 1080 31 20 11:
1716 1082 24 17 45

1098 1206 8 13 »
1143 1200 40 20 1323]
1228 1211 27 2 —|I
1293 1211 27 2 —J
1355 1199 12 19 91
1405 1199 8 20 11
1454 1198 91 20 5514091
1570 1198 34 21 30:
1615 1200 24 18 78
1640 1194 26 34 |
1671 1198 33 21 31:
1716 1201 24 17 24

1088 1276 27 20 481
1157 1276 27 20 381
1228 1288 28 2 —I
1293 1287 27 3 —I
1355 1276 13 19 91
1405 1276 8 19 1
1468 1275 13 20 91
1519 1275 23 21 51]
1584 1275 70 20 81251
1685 1276 20 20 8:
1718 1277 37 18 151

1099 1492 8 12 »
1119 1479 18 35 I
1145 1485 39 20 1:51]
1229 1496 27 2 —I
1294 1496 27 2 —I
1356 1483 61 20 61—
1534 1483 59 20 SFI
1608 1478 58 35 14]
1673 1483 67 20 11:26

1137 1518 20 19 pt
1168 1516 24 17 24
1436 1520 14 12 s.
1459 1515 22 17 21

1137 1546 54 17 —?26

1088 1585 28 20 491
1146 1585 39 21 100]
1229 1597 27 3 —I
1294 1597 27 2 —IJ]
1356 1585 12 19 91
1405 1585 8 20 1/1
1454 1584 91 21 241175]
1572 1585 67 20 14:75
1644 1580 22 35 |
1673 1584 31 20 14:
1718 1586 37 18 120

1098 1800 9 12 »
1121 1788 14 34 |]
1145 1794 39 19 1:5]
1228 1804 28 3 —I
1293 1804 27 3 —I
1355 1792 61 20 6/|—
1468 1792 13 20 3
1534 1792 70 20 STAL
1673 1792 31 20 ÄTS
1718 1794 37 17 ARD

1137 1827 20 19 pt
1168 1825 23 17 27
1436 1829 14 11 s.
1459 1824 24 17 19

1088 1864 27 20 501)
1145 1865 39 19 1:51]
1228 1876 28 2 —|
1293 1876 27 2 —I
1355 1864 61 19 61—
1468 1863 13 21 3
1534 1863 12 20 31
1585 1863 55 21 7:60
1644 1859 22 34 |
1685 1863 55 20 7:54

1137 1898 20 19 pt
1168 1896 24 17 25
1442 1895 37 17 Led

1099 1930 8 13 »
1121 1918 18 35 1
1145 1924 39 20 1:5l
1228 1935 28 2 —I
1293 1935 27 2 —I
1355 1923 61 20 6)—|
1468 1922 13 20 31
1534 1922 12 20 31
1585 1923 55 20 7:60]
1685 1922 55 20 7:54

1136 1957 22 19 pt
1168 1955 24 18 26
1442 1954 37 18 8.4

1099 1990 8 12 »
1124 1978 14 34 |
1145 1983 39 20 1:51
1228 1995 27 2 —I
1293 1995 27 2 —I
1355 1982 61 20 61—
1468 1982 13 20 3
1533 1982 13 20 31
1584 1982 55 20 7:60
1644 1978 22 33 |
1685 1982 55 20 7:54

1137 2016 20 20 pt
1168 2015 23 17 27
1442 2019 15 12 s.
1469 2014 11 17 8

1099 2049 8 13 »
1159 2042 25 20 181]
1228 2054 27 2 —I
1293 2054 27 2 —JI
1355 2042 57 20 911
1468 2041 13 20 61:
1519 2041 119 21 52-7:692
1684 2041 70 20 4275-590
