1809 2336
744 76 222 20 SAKREGISTER

1614 78 37 19 579

76 264 119 20 Jordbruk

80 299 22 14 tå

80 418 22 14 12

80 1110 23 15 13

80 1170 24 14 14

80 1384 22 15 15

79 1600 24 15 16

80 1690 23 14 17

121 294 45 20 Till
178 294 82 25 bidrag
273 294 34 20 till
319 294 152 25 jordbrukets
483 293 188 25 rationalisering
683 293 92 21 anvisas
788 292 28 21 14
824 292 41 20 000
875 292 41 20 000
929 292 34 20 kr.

121 324 44 20 och
180 324 76 20 avslås
272 324 115 20 motioner
402 323 69 21 såvitt
486 323 72 25 angår
573 323 44 20 den
631 324 7 19 i
653 323 146 20 motionerna
813 322 100 20 avsedda
928 327 35 15 ra-

120 359 53 14 men
193 353 37 20 för
248 353 143 25 beviljandet
409 359 29 14 av
455 353 81 25 bidrag
554 353 35 20 till
607 352 151 26 jordbrukets
777 351 187 25 rationalisering

120 383 75 20 under
204 383 138 25 budgetåret
353 382 98 21 1956/57.

122 413 39 20 RD
175 413 94 20 anvisar
281 413 35 20 till
329 413 115 20 täckande
456 419 28 13 av
497 412 110 21 förluster
619 412 29 26 på
660 412 75 25 grund
747 418 29 14 av
787 411 79 26 statlig
878 411 85 20 kredit-

120 443 93 25 garanti
229 442 43 21 200
281 443 42 20 000
340 443 45 23 kr.;
403 443 43 19 och
463 442 116 25 medgiver
603 442 47 24 RD,
674 444 33 19 att
730 442 74 20 under
827 441 136 26 budgetåret

122 473 91 20 1956/57
231 473 79 25 statlig
326 472 169 26 kreditgaranti
512 472 37 20 må
565 472 98 25 beviljas
679 472 48 20 dels
744 472 37 20 för
797 471 38 21 lån
851 472 113 20 avseende

120 504 62 23 yttre
193 503 189 25 rationalisering
392 503 61 20 intill
464 503 33 20 ett
507 502 83 25 belopp
601 508 28 14 av
640 502 26 20 10
675 502 42 20 000
727 502 42 20 000
780 502 42 24 kr.,
833 502 36 20 för
880 501 38 21 lån
928 502 34 20 till

121 533 50 20 inre
187 532 188 25 rationalisering
389 532 61 20 intill
465 533 32 19 ett
511 532 83 24 belopp
608 538 28 14 av
652 532 25 19 15
687 532 41 20 000
738 532 42 20 000
795 532 41 23 kr.,
851 532 36 19 för
901 532 63 24 jord-

120 561 243 26 bruksegnahemslån
378 568 30 14 m.
423 568 30 13 m.
467 561 61 21 intill
542 562 33 20 ett
588 561 84 25 belopp
686 568 28 14 av
727 561 79 20 20000
815 561 42 21 000
872 561 34 21 kr.
920 560 43 21 och

122 591 36 20 för
174 591 111 21 driftslån
301 592 61 20 intill
378 593 32 19 ett
425 591 84 25 belopp
525 597 28 14 av
567 591 13 21 6
589 591 42 20 000
641 591 42 20 000
699 591 42 24 kr.,
756 592 52 19 med
824 591 46 21 rätt
885 591 37 20 för
937 591 26 20 K.

121 622 45 20 M:t
179 623 41 22 att,
232 627 38 14 om
283 621 178 20 förhållandena
473 621 75 20 skulle
560 621 51 25 giva
623 621 126 25 anledning
761 621 85 24 därtill,
858 621 105 25 medgiva

120 651 126 25 jämkning
260 652 7 19 i
283 651 71 25 sagda
369 651 139 25 fördelning,
523 651 48 20 dels
586 651 36 20 för
637 651 38 20 lån
690 651 113 20 avseende
817 651 147 25 uppförande

121 687 28 14 av
165 681 109 25 lagerhus
289 687 31 14 m.
336 687 29 14 m.
382 681 36 20 för
433 681 238 25 jordbruksändamål
694 681 60 20 intill
776 682 33 19 ett
830 681 84 25 belopp
936 686 28 14 av

121 711 14 20 4
143 711 42 20 000
195 711 42 20 000
252 711 41 23 kr.,
307 711 49 20 dels
371 711 36 20 för
421 711 38 20 lån
473 711 113 20 avseende
600 711 249 25 trädgårdsnäringens
863 711 101 20 rationa-

122 741 95 25 lisering
232 741 60 20 intill
307 741 33 20 ett
353 741 84 25 belopp
451 747 28 14 av
492 741 13 20 2
514 740 42 21 000
566 740 41 21 000
622 741 45 23 kr.;
682 741 43 20 och
739 740 116 26 medgiver
869 741 47 23 RD,
930 741 34 20 att

122 771 44 20 den
178 770 73 26 årliga
263 771 84 20 räntan
358 771 13 20 å
384 771 44 20 den
440 770 95 21 stående
546 771 66 20 delen
623 777 28 14 av
662 770 38 21 lån
712 770 52 20 från
775 770 189 26 egnahemslåne-

123 800 95 24 fonden,
231 806 51 14 som
295 800 108 25 beviljats
417 800 59 21 efter
488 800 116 26 ingången
617 806 27 14 av
658 800 25 20 år
698 800 55 21 1920
766 806 53 14 men
831 800 51 21 före
894 800 44 21 den
952 800 10 20 1

122 830 44 25 juli
181 830 56 20 1940
251 830 44 20 och
309 830 36 20 för
358 830 63 20 vilka
434 830 289 25 amorteringsskyldighet
735 830 90 24 inträtt,
838 830 38 20 må
889 830 37 20 för
939 830 25 20 år

123 860 55 20 1957
190 860 121 20 nedsättas
323 860 35 20 till
369 860 35 23 3,6
415 861 96 24 procent
522 861 67 23 samt,
600 861 34 19 att
644 860 7 20 i
662 859 113 21 avseende
785 859 13 21 å
808 859 156 26 köpeskilling

122 889 37 20 för
170 889 74 21 sådan
254 889 238 25 jordbrukslägenhet
502 889 55 21 eller
567 889 106 26 byggnad
685 889 12 20 å
708 889 159 25 åbolägenhet,
878 895 50 15 som
938 889 26 20 år

121 919 74 20 sådan
213 919 237 25 jordbrukslägenhet
468 919 55 21 eller
540 919 107 25 byggnad
665 919 13 20 å
695 919 159 25 åbolägenhet,
872 925 50 15 som
939 919 25 20 år

123 949 55 21 1920
195 950 56 20 eller
266 955 82 14 senare
364 949 26 20 år
406 949 95 20 försålts
517 949 53 20 från
586 949 195 25 kronoegendom,
797 949 84 20 räntan
897 949 45 24 må,
957 949 7 20 i

122 980 44 19 den
179 979 55 20 mån
247 979 186 25 köpeskillingen
445 979 118 20 förräntas
576 979 71 25 enligt
658 979 123 20 enahanda
793 979 108 25 grunder,
914 984 49 15 som

122 1009 56 25 gällt
193 1009 56 21 eller
264 1009 72 25 gäller
352 1009 36 20 för
403 1009 44 20 den
463 1009 95 20 stående
573 1009 66 20 delen
654 1015 28 14 av
697 1009 50 20 före
761 1009 44 20 den
821 1009 10 20 1
848 1009 44 25 juli
908 1008 55 21 1940

119 1038 98 26 beviljat
237 1038 167 26 egnahemslån
424 1039 36 20 för
480 1038 270 26 jordbrukslägenheter,
769 1039 74 20 under
863 1039 25 20 år
909 1038 54 21 1957

121 1069 56 25 utgå
186 1069 59 21 efter
255 1069 35 24 3,6
299 1069 104 25 procent.

121 1105 45 20 Till
176 1105 147 20 betesförsök
332 1105 7 20 i
349 1105 115 20 Norrland
475 1104 93 21 anvisas
580 1105 26 20 18
615 1104 42 21 500
667 1105 35 20 kr.

122 1165 39 20 RD
176 1164 77 21 avslår
267 1164 115 21 motioner
396 1165 7 19 i
416 1165 44 19 vad
474 1165 27 20 de
515 1170 66 14 avser
593 1164 141 20 hemställan
747 1170 38 14 om
798 1164 125 25 utredning
937 1170 27 15 av

122 1194 83 25 frågan
219 1200 39 14 om
273 1194 151 25 avskrivning
438 1195 7 19 i
460 1194 75 25 skälig
549 1194 163 25 utsträckning
727 1200 28 14 av
769 1194 168 25 amorteringar
952 1194 12 20 å

121 1225 75 19 under
214 1224 56 20 åren
289 1224 144 20 1952—1955
450 1224 116 25 beviljade
583 1224 92 20 stödlån
693 1225 60 19 samt
770 1224 7 20 i
793 1224 44 20 vad
855 1224 27 20 de
899 1229 66 15 avser

121 1254 142 20 hemställan
280 1260 38 14 om
335 1253 126 26 utredning
478 1260 28 14 av
523 1253 82 26 frågan
622 1259 38 14 om
677 1259 28 14 en
722 1253 123 26 fondering
862 1260 28 14 av
906 1253 59 21 åter-

121 1283 96 21 stående
234 1284 170 25 amorteringar
420 1283 37 20 för
472 1283 209 21 åstadkommande
697 1290 28 13 av
740 1290 28 14 en
784 1283 101 20 särskild
901 1283 63 20 skör-

122 1313 161 21 deskadefond
296 1313 44 20 och
354 1314 7 19 i
376 1313 113 20 samband
503 1313 95 20 därmed
612 1319 28 14 en
654 1313 154 25 omprövning
822 1319 28 14 av
862 1313 102 20 beskatt-

121 1343 177 25 ningsreglerna
309 1343 36 20 för
355 1343 88 20 sådana
454 1343 176 25 amorteringar.

122 1379 39 20 RD
176 1379 154 25 bemyndigar
344 1379 27 20 K.
386 1379 45 20 M:t
446 1379 62 23 eller,
522 1379 59 20 efter
596 1379 26 20 K.
637 1379 57 20 M:ts
708 1379 183 23 bestämmande,
906 1379 59 20 lant-

121 1409 190 25 bruksstyrelsen
325 1410 34 19 att
370 1409 61 20 intill
443 1410 33 19 ett
489 1409 156 25 sammanlagt
656 1409 83 25 belopp
752 1415 28 14 av
791 1409 68 25 högst
871 1408 42 21 300
923 1408 41 20 000

121 1439 35 20 kr.
169 1439 59 20 efter
240 1439 176 25 framställning
428 1438 52 20 från
493 1438 212 21 lantbruksnämnd
717 1438 112 25 eftergiva
841 1439 44 19 den
897 1438 68 20 stats-

122 1469 92 20 verkets
228 1469 174 25 fordringsrätt,
416 1474 51 15 som
479 1469 8 20 i
500 1468 64 21 förut
577 1468 100 25 angivna
690 1468 41 20 fall
744 1468 149 25 uppkommit
905 1469 7 20 i
925 1474 40 14 an-

122 1499 94 25 ledning
229 1505 28 14 av
269 1499 98 25 felaktig
378 1498 147 25 utbetalning
537 1504 28 14 av
576 1498 82 25 bidrag
669 1498 72 25 enligt
753 1498 155 25 kungörelsen
921 1498 43 20 den

123 1529 24 20 11
165 1529 53 25 juni
236 1529 56 20 1948
308 1535 38 14 om
362 1529 139 24 producent-
516 1528 44 20 och
576 1528 182 25 kontantbidrag
773 1529 35 19 till
824 1528 62 21 vissa
901 1528 64 20 inne-

121 1559 87 20 havare
218 1565 28 14 av
256 1559 91 20 mindre
356 1558 123 26 jordbruk.

121 1595 65 20 RD:s
204 1595 126 20 revisorers
348 1594 145 25 redogörelse
511 1595 44 19 rör.
572 1594 172 25 omfattningen
762 1594 43 20 och
822 1594 143 20 innebörden

122 1631 28 14 av
162 1625 45 20 den
220 1625 140 25 indragning
373 1631 27 13 av
413 1624 142 25 statsbidrag
567 1624 34 20 till
614 1624 151 25 jordbrukets
778 1624 187 24 rationalisering

123 1660 30 15 m.
166 1660 39 18 m.,
218 1660 50 15 som
280 1655 39 24 ägt
331 1660 53 14 rum
395 1654 30 25 på
438 1660 82 14 senare
531 1654 41 23 tid,
585 1654 76 25 lägges
673 1654 35 20 till
720 1654 179 24 handlingarna.

122 1684 39 20 RD
178 1684 136 25 godkänner
329 1684 43 20 vad
388 1684 115 20 utskottet
518 1683 79 21 anfört
611 1684 149 20 beträffande
774 1684 149 25 omläggning
938 1689 27 14 av

121 1714 120 20 formerna
262 1714 36 20 för
318 1714 27 20 de
366 1714 185 25 prisreglerande
571 1713 138 25 åtgärderna
729 1713 29 25 på
778 1713 187 25 fabrikspotatis-

122 1744 123 25 odlingens
258 1743 105 24 område;
377 1744 44 19 och
433 1744 136 24 godkänner
582 1743 39 20 RD
634 1743 27 20 de
674 1749 28 14 av
715 1743 114 20 utskottet
841 1743 124 19 förordade

122 1773 118 25 förslagen
260 1774 6 19 i
288 1773 65 25 fråga
373 1779 37 14 om
430 1773 136 24 mittpriser,
585 1773 146 24 prisgränser
750 1774 61 18 samt
829 1772 136 20 införselav-

122 1803 70 24 gifter
208 1803 44 19 och
268 1803 73 19 andra
358 1802 98 25 avgifter
472 1803 7 19 i
495 1802 113 20 samband
624 1802 52 20 med
692 1802 273 25 jordbruksregleringen

122 1833 75 19 under
210 1832 183 25 regleringsåren
407 1832 98 23 1956/57,
519 1832 90 20 1957/58
621 1832 43 19 och
677 1831 93 20 1958/59
782 1832 110 19 ävensom
904 1831 61 20 med-

123 1863 63 24 giver
200 1863 27 19 K.
241 1862 45 20 M:t
300 1863 34 19 att
347 1862 93 24 vidtaga
453 1861 152 25 erforderliga
618 1861 107 25 åtgärder
738 1862 7 19 i
758 1861 74 25 övrigt
846 1861 36 20 för
895 1861 70 25 regle-

123 1892 51 25 ring
191 1892 74 20 under
282 1891 182 25 regleringsåren
482 1891 98 23 1956/57,
598 1891 90 20 1957/58
703 1891 44 19 och
763 1890 93 21 1958/59
872 1897 27 14 av
914 1896 51 19 pro-

123 1921 122 20 duktions-
261 1921 43 20 och
320 1920 326 26 avsättningsförhållandena
661 1920 30 25 på
705 1920 151 25 jordbrukets
871 1920 95 20 område

123 1952 7 19 i
143 1951 158 25 huvudsaklig
313 1950 232 21 överensstämmelse
558 1950 51 20 med
623 1950 27 20 de
662 1950 126 24 riktlinjer,
800 1950 115 20 utskottet
926 1955 40 15 an-

124 1981 56 25 givit
193 1981 7 20 i
213 1981 41 20 sitt
267 1980 120 20 utlåtande
399 1980 44 20 och
456 1980 93 20 anvisar
562 1980 39 20 RD
615 1980 33 20 till
662 1980 185 25 prisreglerande
859 1980 107 25 åtgärder

123 2011 29 25 på
168 2010 152 25 jordbrukets
337 2010 95 20 område
449 2010 39 20 161
500 2009 42 21 000
551 2009 42 21 000
610 2009 34 20 kr.
660 2010 61 19 samt
737 2010 34 20 till
788 2009 126 20 kostnader
930 2009 36 20 för

123 2040 235 25 beredskapslagring
371 2046 27 14 av
411 2040 119 20 livsmedel
542 2039 43 20 och
598 2039 140 20 fodermedel
751 2045 29 14 m.
793 2045 30 14 m.
837 2039 25 20 15
872 2039 42 20 000
924 2039 41 20 000

123 2071 46 23 kr.;
187 2070 43 20 och
247 2071 96 24 antager
359 2070 39 20 RD
416 2069 136 25 förordning
569 2074 51 20 ang.
636 2069 114 25 reglering
766 2075 28 14 av
809 2068 114 21 införseln
939 2074 27 15 av

123 2100 62 20 vissa
204 2100 97 20 levande
319 2099 54 25 djur
391 2099 44 20 och
452 2098 257 26 jordbruksprodukter
727 2104 29 14 m.
774 2104 38 18 m.,
830 2098 137 25 förordning

985 189 25 20 År

1033 193 52 20 Prop.

1120 169 88 16 Motioner

1273 169 70 17 Utskott

1392 181 56 17 Skriv.

1509 170 91 16 Protokoll

1116 223 29 16 FK

1180 223 32 16 AK

1234 222 85 18 SmllAvd|
1344 223 25 16 Nr

1410 210 22 12 nr

1489 224 30 16 FK
1588 224 31 16 AK

987 294 29 21 56

986 413 30 21 56

988 1102 29 21 56

987 1161 30 22 56]

988 1375 29 21 56]

988 1589 29 22 56]

989 1684 28 22 56

1034 295 48 20 DIT

1043 329 32 15 133

1034 414 48 20 Br

1043 448 32 16 135

1035 1103 48 20 TAL

1044 1137 32 15 139

1039 1376 41 20 115

1039 1686 41 20 165

1109 295 40 20 141

1108 325 43 20 373

1110 414 41 20 142

1108 444 41 20 391

1108 474 43 20 392

1108 504 41 20 481

1109 1163 43 20 390

1110 1686 42 20 393

1110 1716 43 19 594

1108 1745 50 20 -597

1174 295 42 20 198

1174 325 40 21 301

1173 355 43 20 639

1175 414 42 20 199

1173 444 43 21 302

1173 474 42 20 317

1173 504 43 21 605

1174 1163 43 20 322

1175 1685 43 21 304

1175 1715 42 20 775

1172 1745 53 20 -779|

1243 295 27 21 10
1292 307 26 3 =
1364 296 9 19 71

1344 330 32 15 107

1244 415 26 20 10
1292 426 26 3 —
1364 414 9 20 1

1344 448 32 16 115

1244 1103 75 21 101-41
1365 1103 9 20 1

1345 1137 33 16 122

1244 1163 75 20 101:—47
1350 1163 26 20 18

1244 1376 75 21 10).—1]:
1349 1376 28 21 23

1357 1624 21 16 55

1245 1681 45 35 10]
1294 1681 37 35 —|
1350 1686 27 20 30

1399 1377 43 20 214

1400 1686 43 20 316

1458 295 191 21 11:131dl11:128d

1458 415 191 20 11:132d[11:133d

1459 1104 71 20 11:135
1560 1104 71 20 |11:140

1458 1163 35 20 15:
1509 1163 85 21 43d]15:
1610 1163 41 20 73d

1460 1376 34 20 16:
1510 1381 21 15 98
1561 1377 34 19 116:
1611 1377 40 20 92d

1460 1590 33 20 17:
1509 1595 22 15 26
1561 1591 34 19 117:
1610 1595 23 15 32

1458 1686 36 20 22:
1510 1686 85 20 22d122:
1611 1686 40 20 82d
