1849 2356
168 149 44 36 490
903 160 137 15 SAKREGISTER

168 212 40 3 =
1113 222 41 34 RA
1496 228 54 17 Riks-

1060 252 17 26 3
1114 255 35 32 20
1214 276 4 4 3
1329 242 94 42 Utskotts-
1486 249 73 35 dagens
1616 258 118 17 Kamrarnas

1060 283 66 26 RE
1137 281 18 36 =
1161 272 106 33 Motioner
1307 272 125 41 utlåtanden
1502 288 36 17 ki
1601 288 145 22 förhandlingar
1772 289 1 20 |

1060 313 18 28 2
1114 310 41 32 Ze
1294 306 47 17 eller
1353 306 100 17 memorial
1492 318 63 18 Feldek
1772 315 2 2 |

1056 344 17 25 SR

1115 365 35 17 av
1287 366 17 12 mi
1554 382 5 3 p

184 436 205 28 Fiskerinäringen.

172 473 24 16 10
213 468 39 20 RD
275 467 109 27 medgiver
406 468 32 20 att
462 467 70 21 därest
555 467 33 21 för
606 468 64 26 något
686 468 23 19 år
724 467 46 21 från
787 467 202 21 fiskerilånefonden
1005 468 91 26 ej/1923]
1128 469 10 20 1
1280 469 25 21 10
1384 469 26 20 131:
1457 469 67 21 81209
1550 474 10 15 4]
1592 469 67 21 17:76
1670 465 15 35 |
1693 469 68 22 17:77

229 497 93 21 behöver
340 497 33 21 för
388 497 89 21 därmed
493 504 30 14 nu
539 497 93 21 avsedda
648 497 100 21 ändamål
764 497 108 21 utlämnas
888 497 36 21 lån
940 497 34 21 till
990 497 36 21 det
1106 504 57 18 Ufk
1145 493 21 33 3

229 527 86 27 belopp,
340 534 46 14 som
407 527 67 27 enligt
488 527 125 27 riksdagens
629 527 141 27 medgivande
786 527 80 26 årligen
882 528 36 20 må
933 527 91 25 utlånas,
1116 536 35 21 p.4

229 558 62 20 KM:t
306 558 37 20 må
359 564 27 14 av
401 557 121 21 återstoden
538 557 99 21 utlämna
647 557 36 21 lån
694 564 35 14 om
741 557 91 27 tillhopa
844 557 42 21 100
896 557 41 21 000
949 557 31 21 kr.
992 557 34 21 till
1114 559 40 21 1:90

230 587 183 28 understödjande
435 594 27 14 av
485 587 81 21 sådana
586 588 82 26 företag
683 588 33 20 för
731 587 183 27 tillgodogörande
930 588 40 20 och
985 588 40 20 för-
1106 594 55 23 p.121

229 618 74 26 ädling
321 624 27 14 av
366 618 74 20 fiskets
456 617 123 27 produkter,
596 624 46 14 som
658 617 67 27 enligt
740 617 26 21 de
782 617 33 21 för
830 617 36 21 lån
882 618 47 20 från
945 617 80 21 fonden

229 655 30 13 nu
275 648 100 26 gällande
391 648 163 20 bestämmelser
569 648 20 27 ej
606 648 75 20 kunna
693 648 89 20 komma
796 648 8 20 i
815 647 127 28 åtnjutande
954 647 70 21 därav.

215 715 53 25 Ang.
286 713 264 27 konsulentbefattningen
565 714 8 20 i
584 714 72 20 Berlin
667 714 33 20 för
711 713 176 27 tillvaratagande
898 721 26 13 av
935 714 91 20 svenska

229 744 134 20 lantbrukets
380 744 40 20 och
435 744 186 26 fiskerinäringens
637 744 114 24 intressen;
768 750 22 14 se
805 743 111 21 Jordbruk
931 743 50 26 (10).

189 815 8 15 1
216 810 41 20 För
272 809 126 26 budgetåret
415 808 126 28 1924/1925
557 809 102 27 uppföres
675 809 44 21 ord.
735 809 186 27 förslagsanslaget
936 809 33 21 till
985 812 40 18 sta-
1040 809 91 23 192411:
1134 804 10 36 9
1279 810 26 21 10
1398 811 12 21 6
1412 805 14 36 |
1442 816 25 15 201
1497 811 27 20 22)
1549 817 10 15 91
1591 810 52 21 15:9
1655 805 23 36 |
1692 810 68 21 13:67

230 841 47 19 tens
293 839 72 21 lokala
379 839 247 21 fiskeriadministration
642 839 50 21 med
709 839 27 20 73
746 839 42 21 500
804 839 30 21 kr.
1104 851 15 12 s.
1128 846 35 18 230

187 911 10 15 2
215 905 50 21 Ord.
289 905 237 27 reservationsanslaget
547 905 35 21 till
600 905 73 21 fiskets
689 905 151 27 befrämjande
856 906 7 20 i
879 905 26 21 de
921 906 105 20 särskilda]
1063 914 9 11 »
1113 907 41 20 |1:9
1279 906 26 21 10
1398 906 12 21 6
1412 902 14 36 |
1443 912 25 15 201
1498 907 27 20 221
1550 912 9 16 91
1590 906 54 21 15:9
1652 902 28 36 |
1692 906 69 21 13:67

230 937 85 19 orterna
330 935 96 21 minskas
441 935 51 21 med
508 936 27 20 20
545 935 43 21 500
604 936 31 20 kr.
653 935 33 21 till
703 935 27 21 78
740 935 42 21 500
799 936 30 19 kr.
1110 929 46 40 p.98
1773 947 2 3 |

187 1007 10 15 3
215 1001 50 21 Ord.
282 1001 238 27 reservationsanslaget
534 1001 34 21 till
584 1001 148 28 befrämjande
747 1002 8 20 i
771 1001 118 22 allmänhet
905 1009 26 14 av
947 1002 78 21 fiskeri-|
1063 1010 8 11 »
1113 1003 41 20 |1:9
1279 1002 26 21 10
1399 1003 12 20 61
1443 1008 23 15 211
1498 1003 27 20 22)
1550 1008 9 16 91
1591 1002 53 21 15:9
1653 998 28 36 |
1692 1002 69 21 13:67

230 1032 103 25 näringen
349 1031 96 21 minskas
460 1031 50 21 med
528 1031 26 21 16
564 1032 43 21 400
623 1032 32 20 kr.
671 1032 33 20 till
722 1031 27 21 30
759 1031 42 21 000
817 1032 31 20 kr.
1111 1038 45 22 p.99

187 1102 10 15 4
216 1097 74 21 Såsom
307 1096 75 27 bidrag
392 1097 34 20 till
437 1097 138 21 anordnande
586 1104 26 14 av
623 1097 239 26 undervisningskurser
873 1097 40 21 och
925 1097 100 21 hållande]
1060 1092 8 36 >»
1113 1098 41 21 |1:9
1278 1098 27 21 10
1399 1098 12 21 6]
1442 1103 24 16 211
1498 1098 27 20 22)
1550 1104 9 15 9]
1591 1097 54 21 15:9
1653 1093 28 36 |
1693 1097 67 21 13:67

230 1134 26 13 av
271 1127 99 26 föredrag
385 1127 7 20 i
409 1127 122 26 navigation
547 1134 29 13 m.
593 1134 29 13 m.
639 1127 33 20 för
688 1127 145 20 bohuslänska
849 1127 76 21 fiskare
941 1128 84 20 anvisas
1105 1139 17 17 p.
1128 1133 34 18 100

229 1157 33 20 för
270 1157 126 26 budgetåret
405 1156 125 28 1924/1925
543 1158 30 20 ett
584 1159 60 18 extra
654 1157 215 26 reservationsanslag
879 1164 26 14 av
918 1157 63 21 1550
993 1157 31 21 kr.

187 1222 9 15 5
214 1217 42 20 Till
276 1216 117 21 understöd
408 1217 23 20 åt
446 1216 66 21 Södra
529 1217 96 26 Sveriges
640 1216 171 27 fiskeriförening
826 1216 84 21 anvisas
925 1217 33 20 för
973 1217 51 21 bud-|
1064 1226 7 10 >
1113 1218 41 20 11:9
1279 1217 26 21 10
1399 1218 11 20 6)
1443 1222 23 16 211
1498 1218 27 19 22)
1550 1223 10 15 91
1591 1217 54 20 15:9
1653 1212 28 36 |
1693 1216 67 21 13:67

229 1247 81 26 getåret
327 1246 127 26 1924/1925
471 1247 70 20 såsom
559 1248 60 19 extra
634 1246 73 26 anslag
718 1246 45 21 dels
774 1247 71 20 såsom
856 1246 75 27 bidrag
940 1247 34 20 till
985 1247 40 20 för-
1105 1253 55 22 p-101

230 1277 101 25 eningens
347 1276 279 27 upplysningsverksamhet
638 1275 12 21 9
660 1276 42 20 000
713 1276 39 25 kr.,
764 1276 45 20 dels
820 1276 40 21 ock
870 1277 70 20 såsom
952 1277 74 26 bidrag

230 1306 34 21 till
279 1306 136 26 föreningens
431 1306 191 26 fiskeribiologiska
630 1306 185 26 undersöknings-,
826 1306 89 21 försöks-
927 1307 39 20 och
977 1307 48 20 fisk-

230 1336 222 26 odlingsverksamhet
468 1336 27 20 18
505 1336 42 21 000
563 1336 39 24 kr.,
619 1336 52 21 eller
686 1336 93 27 tillhopa
795 1336 27 20 27
832 1336 43 20 000
891 1336 31 20 kr.

187 1402 10 15 6
214 1396 41 21 För
271 1396 128 26 budgetåret
423 1394 126 29 1924/1925
573 1396 85 20 anvisas
674 1395 45 21 dels
735 1396 33 20 till
785 1396 151 20 omkostnader
951 1396 33 20 för
999 1396 26 20 de|
1064 1405 8 11 >
1113 1396 41 21 |1:9
1272 1397 33 31 10
1398 1397 12 20 6]
1443 1401 23 15 221
1498 1396 27 20 221
1550 1402 10 15 9]
1591 1395 53 21 15:9
1657 1391 24 37 |
1692 1395 68 21 13:67

230 1433 26 13 av
271 1426 91 20 svenska
373 1426 275 26 hydrografisk-biologiska
658 1426 168 20 kommissionen
838 1426 102 20 bedrivna
950 1426 74 21 under-
1105 1432 57 23 p.102
1272 1432 1 10 I
1773 1440 1 8 I

230 1456 143 26 sökningarna
396 1463 27 13 av
442 1456 26 20 de
485 1456 85 26 Sverige
586 1455 127 26 omgivande
728 1456 70 20 haven
814 1458 31 18 ett
860 1458 60 18 extra
935 1463 90 14 reserva-
1773 1449 1 30 |

230 1486 130 26 tionsanslag
382 1492 26 14 av
432 1485 81 21 29000
532 1486 39 24 kr.,
588 1486 45 20 dels
649 1486 40 20 ock
705 1485 33 21 till
754 1486 152 20 omkostnader
921 1486 34 20 för
969 1486 57 21 vissa
1773 1480 1 23 |

230 1523 26 13 av
279 1516 169 20 kommissionen
470 1516 48 20 från
537 1515 273 27 nautisk-meteorologiska
829 1516 67 27 byrån
912 1518 114 24 övertagna

230 1545 215 27 havshydrografiska
464 1546 121 26 mätningar
600 1553 28 13 m.
644 1553 29 13 m.
690 1547 31 19 ett
736 1548 60 18 extra
811 1546 215 26 reservationsanslag
1773 1555 2 21 |

230 1583 26 14 av
273 1575 64 21 7000
353 1576 30 20 kr.
1773 1579 2 25 |

1773 1615 1 17 |

188 1641 9 15 7
215 1636 42 20 Till
281 1635 136 27 ombyggnad
441 1637 56 18 samt
519 1635 132 20 underhålls-
670 1635 40 20 och
726 1635 144 20 driftkostnad
886 1635 33 20 för
934 1635 92 27 fartyget!
1063 1644 9 11 »
1113 1636 41 21 |1:9
1278 1636 26 20 10
1398 1635 11 20 6
1412 1629 14 36 |
1443 1640 24 16 281
1498 1635 27 20 221
1550 1640 10 15 91
1591 1633 54 22 15:9
1659 1629 23 36 |
1692 1634 68 20 13:67
1773 1637 1 39 |

231 1665 108 26 Skagerak
362 1666 84 20 anvisas
470 1665 33 20 för
526 1665 125 26 budgetåret
672 1664 125 25 1924/1925
814 1666 31 19 ett
860 1667 60 19 extra
935 1672 89 14 reserva-
1105 1677 16 16 p.
1125 1662 37 35 103
1773 1678 1 12 I

230 1695 132 26 tionsanslag
377 1702 26 14 av
420 1695 41 20 107
472 1694 42 21 000
530 1695 31 20 kr.
1773 1693 2 35 |

188 1760 10 16 8
216 1755 41 20 Till
273 1755 135 20 underhålls-
419 1755 40 20 och
470 1754 144 21 driftkostnad
625 1754 33 21 för
668 1754 92 27 fartyget
770 1754 119 27 Eystrasalt
899 1755 84 20 anvisas
994 1754 32 21 för
1030 1750 10 35 |
1063 1763 9 11 »
1113 1755 41 21 11:9
1279 1754 26 21 10
1399 1754 11 20 6
1412 1749 14 35 |
1443 1759 24 15 24)
1498 1754 62 21 2210]
1592 1753 52 21 15:9
1657 1749 23 35 |
1693 1753 68 20 13:67
1773 1752 2 40 |

231 1785 126 26 budgetåret
374 1784 125 28 1924/1925
516 1786 31 19 ett
562 1786 61 19 extra
637 1784 215 27 reservationsanslag
865 1791 27 14 av
904 1784 26 21 12
941 1784 41 21 100
993 1785 31 20 kr.
1105 1783 17 35 p.-
1125 1783 42 35 104!
1774 1796 1 14 |

188 1856 10 15 9
216 1851 41 20 För
273 1850 158 21 stationerande
447 1850 68 21 under
530 1850 201 21 vintermånaderna
748 1848 125 30 1924/1925
885 1857 26 14 av
922 1852 31 19 ett
960 1857 65 14 arme-|
1064 1859 8 10 »
1114 1851 40 20 11:9
1280 1850 25 21 10
1399 1849 12 21 6
1414 1844 15 38 |
1443 1855 24 15 251
1498 1850 62 20 2210]
1592 1848 53 22 15:9
1656 1844 24 38 |
1692 1848 70 21 13:67

231 1882 32 19 rat
281 1881 113 26 ångfartyg
412 1880 37 21 vid
468 1880 66 21 rikets
550 1880 73 21 kuster
638 1880 33 20 för
686 1880 192 21 åstadkommande
895 1887 25 14 av
936 1880 90 26 ordning
1106 1886 57 22 p-105
1672 1897 2 9 |
1774 1889 1 15 |

231 1911 39 20 och
281 1910 70 27 skydd
362 1910 37 21 vid
409 1910 74 21 fiskets
494 1910 129 21 bedrivande
632 1911 84 20 anvisas
725 1911 32 20 för
764 1910 126 26 budgetåret
899 1909 126 29 1924/1925
1672 1910 2 18 I
1773 1915 1 38 |

231 1942 30 19 ett
277 1942 60 19 extra
352 1940 216 26 reservationsanslag
583 1947 26 13 av
626 1940 27 20 22
663 1940 42 21 000
721 1940 31 20 kr.
1273 1953 2 13 I
1773 1967 2 3 |

189 2006 8 15 1
216 2001 40 20 För
276 2000 125 26 budgetåret
420 1998 126 29 1925/1926
562 2000 102 27 uppföres
679 2000 44 20 ord.
741 2000 237 26 reservationsanslaget
993 2000 33 21 till
1041 1999 92 22 192511:
1143 2000 12 20 9
1280 2000 25 20 10
1399 2000 12 18 51
1443 2004 25 16 201
1497 1999 34 27 46)
1550 2004 10 15 41
1592 1998 82 23 11:66
1660 1994 19 36 |
1693 1998 67 20 12:49
1773 1988 1 38 |

232 2030 73 21 fiskets
321 2030 149 27 befrämjande
485 2030 7 20 i
509 2030 26 20 de
546 2030 105 20 särskilda
661 2032 83 19 orterna
755 2030 49 20 med
816 2030 122 21 oförändrat
949 2030 77 27 belopp
1105 2041 18 17 Ip.
1129 2035 34 17 108
1529 2029 2 27 |
1773 2030 1 54 |

233 2060 27 20 78
271 2060 42 21 500
330 2060 31 21 kr.
1315 2068 2 15 |
1529 2057 2 26 I
