1849 2356
807 158 136 16 SAKREGISTER

34 192 74 28 se
878 204 14 6 —

1636 154 42 21 613

88 436 215 22 Försvarsväsendet.

133 468 67 26 tjänst
223 474 26 13 av
272 466 133 27 nyssnämnd
429 468 39 24 art,
492 466 36 20 må
546 465 69 21 under
630 465 39 25 tid,
686 465 27 21 då
729 466 42 20 han
787 466 47 20 icke
849 466 79 27 fullgör

133 498 78 20 honom
227 496 88 27 jämlikt
330 496 141 26 kungörelsen
487 496 41 20 den
545 495 28 21 23
589 496 89 20 oktober
696 495 55 20 1925
768 496 33 25 (nr
816 496 51 26 429)
878 496 50 21 med

133 528 56 20 vissa
213 526 160 21 bestämmelser
396 528 39 18 rör.
461 527 83 19 arméns
563 526 40 20 och
622 525 109 21 marinens
747 526 182 26 övergångsstater

132 557 112 26 åliggande
260 557 146 26 tjänstgöring,
423 556 96 26 uppbära
535 555 35 21 lön
587 556 13 20 å
615 556 187 25 övergångsstaten
816 556 7 20 i
835 556 94 26 enlighet

133 586 49 21 med
199 587 56 20 vissa
271 586 91 26 angivna
377 585 98 27 grunder.

90 652 9 15 8
118 647 37 20 RD
176 646 107 26 medgiver
298 646 7 19 i
321 645 41 21 vad
379 646 65 25 angår
461 645 208 26 befattningshavare
686 644 129 21 tillhörande
833 644 32 21 9:e
881 645 47 25 HT,

133 678 31 18 att
180 675 41 21 vad
237 676 6 20 i
259 675 98 26 gällande
374 674 274 27 avlöningsbestämmelser
658 674 34 20 för
702 675 129 20 innehavare
843 681 26 14 av
880 675 48 20 civil

133 706 120 25 befattning
272 705 85 27 stadgas
377 705 81 24 därom,
478 706 32 19 att
529 704 50 21 med
596 704 120 26 befattning
732 704 46 21 icke
794 705 36 19 må
845 705 84 20 förenas

133 742 70 14 annan
227 736 67 26 tjänst
312 736 13 19 å
344 735 66 20 rikets
433 736 49 23 stat,
506 734 47 21 icke
572 734 55 21 skall
647 736 73 24 utgöra
740 734 77 20 hinder
832 736 32 19 att
879 734 50 21 med

133 765 60 27 dylik
208 765 120 26 befattning
339 765 73 20 förena
423 764 66 21 sådan
501 764 129 26 beställning
640 764 13 20 å
664 764 84 20 arméns
760 764 51 20 eller
821 764 108 20 marinens

132 796 164 25 övergångsstat,
320 801 47 14 vars
391 795 129 20 innehavare
536 794 46 20 icke
598 795 23 19 är
637 794 145 20 underkastad
798 794 41 20 full
855 794 73 26 tjänst-

132 824 217 27 göringsskyldighet;
366 826 57 18 samt
438 826 32 18 att
485 824 34 20 till
530 824 84 20 arméns
626 823 51 21 eller
688 824 108 20 marinens
807 825 121 25 övergångs-

132 857 42 18 stat
197 854 99 26 frivilligt
317 854 98 21 överförd
439 853 226 26 beställningshavare,
685 860 46 14 som
748 853 70 20 tillika
834 855 23 18 är
872 854 56 20 inne-

132 885 77 20 havare
229 891 26 13 av
274 884 106 20 ordinarie
401 884 49 20 civil
467 883 120 26 befattning
602 884 13 19 å
630 883 66 21 rikets
712 885 43 18 stat
770 883 52 20 eller
837 890 26 13 av
879 883 49 21 civil

132 916 60 19 extra
208 914 105 20 ordinarie
329 914 52 20 eller
396 913 88 21 därmed
500 913 110 27 jämförlig
625 913 161 20 icke-ordinarie
802 913 126 27 statstjänst,

132 946 101 19 ävensom
257 944 34 20 till
314 944 67 20 sådan
405 945 42 19 stat
466 943 108 26 tvångsvis
590 942 97 21 överförd
704 942 224 27 beställningshavare,

133 981 45 13 som
199 974 71 20 tillika
289 975 23 18 är
328 974 129 20 innehavare
473 980 26 13 av
515 972 161 21 icke-ordinarie
692 973 121 26 statstjänst
829 979 25 14 av
871 979 57 20 nyss-

132 1003 82 21 nämnd
237 1005 39 23 art,
293 1004 36 19 må
347 1003 68 21 under
434 1003 38 25 tid,
489 1002 27 21 då
532 1003 43 20 han
590 1002 47 21 icke
653 1002 79 27 fullgör
746 1003 80 20 honom
842 1002 87 27 jämlikt

133 1033 141 27 kungörelsen
291 1033 41 20 den
349 1033 27 20 23
392 1033 44 20 okt.
455 1032 56 21 1925
528 1031 32 28 (nr
576 1032 51 26 429)
642 1032 49 20 med
702 1032 56 21 vissa
769 1032 161 21 bestämmelser

133 1063 89 21 rörande
241 1064 85 20 arméns
345 1063 39 21 och
405 1063 107 20 marinens
531 1063 181 25 övergångsstater
727 1062 112 26 åliggande
855 1063 73 26 tjänst-

132 1094 80 26 göring,
230 1093 97 27 uppbära
342 1093 35 20 lön
394 1094 12 19 å
422 1093 186 26 övergångsstaten
624 1092 6 20 i
647 1092 94 26 enlighet
756 1092 50 20 med
822 1092 56 21 vissa
894 1099 34 13 an-

132 1124 64 25 givna
212 1123 97 26 grunder.

90 1190 10 15 9
118 1184 37 20 RD
172 1183 109 26 medgiver
296 1183 7 20 i
320 1182 40 21 vad
376 1183 65 25 angår
457 1182 216 26 befattningshavare,
684 1181 128 21 tillhörande
825 1181 46 21 11:e
882 1182 46 24 HT,

133 1213 46 21 dels
195 1215 32 18 att
242 1213 42 21 vad
300 1213 7 20 i
322 1212 99 27 gällande
438 1211 273 26 avlöningsbestämmelser
721 1212 33 19 för
764 1212 128 20 innehavare
903 1218 26 14 av

134 1243 50 21 civil
201 1243 122 26 befattning
339 1242 85 26 stadgas
440 1242 81 24 därom,
538 1243 32 19 att
585 1241 49 21 med
651 1241 120 26 befattning
786 1241 46 21 icke
844 1242 35 19 må
889 1242 39 20 för-

134 1280 50 13 enas
208 1280 71 13 annan
303 1273 68 26 tjänst
389 1273 13 19 å
420 1272 65 20 rikets
504 1273 48 23 stat,
573 1271 47 21 icke
639 1271 54 21 skall
712 1273 75 24 utgöra
805 1271 76 21 hinder
899 1273 31 19 att

136 1303 47 20 med
207 1302 61 27 dylik
293 1302 120 26 befattning
432 1302 74 19 förena
525 1301 65 20 sådan
608 1301 128 26 beställning
751 1302 13 19 å
780 1302 83 19 arméns
879 1301 51 20 eller

135 1333 107 20 marinens
258 1333 165 25 övergångsstat,
440 1338 47 14 vars
503 1331 128 20 innehavare
644 1331 46 20 icke
701 1332 23 19 är
734 1330 144 21 underkastad
888 1331 41 20 full

135 1361 284 28 tjänstgöringsskyldighet;
440 1361 45 20 dels
504 1361 39 20 ock
559 1362 32 19 att
606 1361 34 20 till
656 1361 83 20 arméns
755 1360 51 21 eller
822 1361 108 20 marinens

133 1393 160 25 övergångsstat
315 1391 99 26 frivilligt
437 1390 97 21 överförd
557 1390 225 26 beställningshavare,
798 1397 45 13 som
860 1390 70 21 tillika

133 1424 23 19 är
172 1422 129 20 innehavare
317 1428 26 14 av
359 1421 105 20 -ordinarie
481 1420 50 21 civil
547 1420 120 26 befattning
683 1421 11 19 å
710 1420 65 20 rikets
789 1422 43 19 stat
842 1420 51 20 eller
904 1427 26 13 av

133 1452 50 20 civil
207 1451 166 21 extraordinarie
396 1451 52 20 eller
467 1450 88 21 därmed
571 1450 109 27 jämförlig
695 1450 159 20 icke-ordinarie
870 1451 59 19 stats-

134 1483 73 26 tjänst,
227 1483 100 19 ävensom
347 1481 33 20 till
400 1480 66 21 sådan
485 1482 43 18 stat
546 1480 107 26 tvångsvis
670 1479 97 21 överförd
783 1480 147 26 beställnings-

133 1512 85 24 havare,
243 1518 45 14 som
314 1511 70 20 tillika
402 1512 24 19 är
444 1510 129 20 innehavare
592 1516 26 14 av
634 1510 160 20 icke-ordinarie
810 1510 121 27 statstjänst

134 1549 26 13 av
179 1541 133 27 nyssnämnd
331 1543 38 22 art,
390 1541 36 20 må
444 1540 68 21 under
531 1540 38 25 tid,
589 1540 27 20 då
636 1540 42 20 han
694 1540 46 20 icke
756 1539 79 26 fullgör
851 1540 78 20 honom

134 1571 88 27 jämlikt
240 1571 141 26 kungörelsen
401 1570 41 21 den
462 1570 27 20 23
509 1570 43 20 okt.
572 1569 55 21 1925
645 1570 33 25 (nr
694 1569 50 27 429)
761 1569 48 21 med
825 1569 56 21 vissa
897 1569 32 21 be-

134 1601 135 21 stämmelser
284 1602 40 19 rör.
342 1601 84 20 arméns
442 1600 39 20 och
499 1600 108 20 marinens
623 1600 181 25 övergångsstater
819 1599 111 27 åliggande

134 1631 149 27 tjänstgöring,
299 1631 97 26 uppbära
411 1630 36 20 lön
463 1631 13 19 å
491 1631 184 25 övergångsstaten
693 1630 6 19 i
711 1629 94 26 enlighet
815 1629 49 21 med
876 1630 55 20 vissa

135 1661 92 26 angivna
242 1660 99 26 grunder.

120 1727 53 26 Ang.
191 1726 98 26 åtgärder
304 1726 33 20 för
353 1725 93 27 höjande
457 1732 25 14 av
494 1725 250 26 försvarsberedskapen;
757 1731 21 14 se
790 1723 81 22 Armén
881 1724 49 26 (63).

121 1787 52 25 Ang.
192 1785 178 26 kommendering
386 1792 25 13 av
428 1786 166 19 samvetsömma
610 1784 144 26 värnpliktiga
770 1784 33 20 till
819 1784 112 20 utförande

135 1823 26 13 av
178 1816 108 20 blockerat
302 1815 81 24 arbete;
401 1822 22 13 se
440 1813 188 28 Interpellationer
642 1814 36 25 (9).

121 1876 53 26 Ang.
191 1875 26 20 de
233 1874 124 22 nuvarande
373 1874 93 20 militära
482 1873 233 22 försvarsanstalternas
725 1873 207 26 ändamålsenlighet

136 1905 6 20 i
159 1905 113 26 belysning
287 1911 26 14 av
329 1904 157 27 flygteknikens
502 1904 40 21 och
559 1903 26 21 de
601 1904 96 20 kemiska
714 1903 217 21 förstörelsemedlens

136 1934 133 26 utveckling;
286 1941 22 14 se
324 1933 190 28 Interpellationer
529 1933 50 26 (11).

121 1995 54 26 Ang.
192 1994 178 26 kommendering
388 2001 25 13 av
430 1993 143 27 värnpliktiga
584 1993 36 21 vid
630 1993 143 26 örlogsvarvet
784 1993 6 19 i
802 1992 131 21 Karlskrona

136 2026 32 19 att
183 2025 71 20 utföra
270 2024 71 21 arbete
357 2031 46 14 som
420 2024 96 26 nedlagts
533 2030 26 14 av
575 2023 63 21 civila
653 2023 104 24 arbetare;
772 2029 22 14 se
806 2021 125 29 Interpella-

137 2053 70 22 tioner
223 2054 49 26 (12).

959 251 22 145 I8STepsAIA

1075 276 93 18 Motioner

1017 298 17 105 J9S[9ALIYS
1016 239 18 47 TOA

1036 369 16 54 doxd
1036 297 22 65 sy:lem
1036 221 21 71 Bun

1232 247 94 17 Utskotts-

1220 276 111 18 utlåtanden

1196 306 47 18 eller
1256 306 98 18 memorial

1519 259 118 18 Kamrarnas

1504 289 145 22 förhandlingar

1285 384 17 16 2

1285 402 11 9 +

1232 372 16 16 »

1231 390 12 12 z

1231 403 17 18 >

1344 375 17 44 eps

1492 373 67 17 Första

1489 397 70 17 kamm.

1593 373 66 18 Andra

1589 397 71 17 kamm.

944 467 55 21 1928

1014 656 28 6 co

1038 648 12 20 S

1175 1091 1 33 |

1068 1148 2 4 |
1175 1126 1 32 |

1023 1184 27 19 56
1077 1176 38 28 44
1123 1150 54 73 418)

1175 1216 2 13 I

1122 1232 1 8 I
1175 1234 1 10 I

1122 1249 1 20 |
1175 1249 1 11 I

1323 356 20 37 >

1323 402 2 9 I

1323 414 2 16 |

1323 472 1 29 |

1323 503 2 17 I

1323 521 2 14 I

1323 538 2 22 |

1323 564 2 12 I

1324 578 1 9 I

1324 674 1 9 I

1324 685 1 11 |

1324 703 1 9 I

1323 725 2 11 I

1323 824 2 40 |

1324 867 1 20 |

1195 1183 12 20 8
1286 1176 39 29 59
1310 1172 17 42 |

1493 648 82 20 37:99
1563 644 18 34 |
1594 648 66 20 40:81
1675 661 1 12 |

1493 1184 32 20 38:
1537 1189 24 15 67
1573 1182 1 13 |
1592 1184 34 19 42:
1638 1189 23 14 53
