1815 2350
174 67 41 21 140

190 246 118 26 Betalning.

216 282 43 20 RD
269 284 90 24 antager
369 282 33 26 lag
412 288 48 20 ang.
471 282 90 20 fortsatt
570 282 99 26 giltighet
679 289 27 13 av
717 282 60 26 lagen
788 282 41 20 den
842 283 24 19 16
875 282 53 20 febr.
942 283 50 20 1934
1003 283 34 26 (nr
1049 283 33 25 19)

188 318 34 14 om
237 312 135 26 fullgörande
386 312 6 20 i
406 312 57 20 vissa
477 312 37 20 fall
528 318 28 14 av
571 312 248 26 betalningsskyldighet
832 312 6 20 i
852 312 135 20 förhållande
1003 312 31 21 till
1049 314 33 19 ut-

188 342 75 20 landet
277 348 29 14 m.
316 348 28 14 m.

216 384 42 19 RD
267 385 90 24 antager
366 383 33 27 lag
408 389 48 21 ang.
470 384 90 19 fortsatt
572 383 100 26 giltighet
683 390 28 13 av
724 383 61 27 lagen
795 384 40 19 den
847 384 24 19 16
879 384 53 20 febr.
944 384 51 20 1934
1004 384 35 25 (nr
1049 384 32 26 19)

188 420 35 13 om
237 413 135 26 fullgörande
386 413 6 20 i
406 413 57 20 vissa
478 413 36 20 fall
529 420 27 13 av
571 413 248 27 betalningsskyldighet
832 413 7 20 i
852 413 135 21 förhållande
1001 414 33 20 till
1048 416 34 18 ut-

188 443 74 20 landet
277 450 28 13 m.
316 449 28 14 m.

187 485 198 21 BETALNINGAR
406 485 53 20 OCH
481 485 263 24 KOMPENSATIONER,
765 485 275 25 INTEREUROPEISKA;
1060 492 21 13 se

219 515 107 20 Traktater
341 515 70 26 (1948:
424 517 17 21 3,
459 515 58 20 1950:
530 517 17 21 2,
567 515 38 25 17).

189 557 290 20 BETALNINGSANSVAR.

216 593 42 20 RD
274 592 117 27 medgiver,
407 594 34 19 att
456 594 72 18 staten
543 593 35 19 må
595 593 26 26 på
637 593 26 19 de
679 594 99 18 närmare
793 593 83 23 villkor,
892 599 46 14 som
954 593 63 20 KM:t
1032 595 50 24 äger

187 623 129 23 bestämma,
328 622 32 21 till
373 623 53 20 1952
436 623 35 20 års
482 623 82 25 utgång
574 622 84 20 iklädas
668 622 90 20 fortsatt
768 622 204 27 betalningsansvar
982 623 55 20 intill
1048 624 33 19 ett

187 653 79 26 belopp
277 659 28 13 av
317 653 64 26 högst
392 652 41 21 800
441 652 41 20 000
493 652 31 20 kr.
537 652 33 20 för
581 652 92 27 Husaby
685 652 135 27 aktiebolags
831 652 206 21 skuldförbindelser
1048 653 32 20 till

187 682 133 21 affärsbank.

216 713 26 20 Se
256 713 40 20 ock
310 712 153 27 Exportkredit.

188 760 274 24 BETALNINGSAVTAL;
475 766 22 14 se
513 760 107 20 Traktater
632 760 70 24 (1946:
715 762 17 21 3,
748 760 68 25 1949).

188 802 410 30 BETALNINGSFÖRELÄGGANDE;
623 814 22 13 se
670 807 184 21 Arbetsdomstolen
880 808 70 25 (1947:
963 808 26 25 4),
1017 808 63 20 Dom-

215 837 139 21 stolsärenden
370 837 80 27 (1946).

189 885 281 25 BETALNINGSMEDEL;
485 892 22 13 se
523 885 133 26 Myntväsen.

189 933 266 24 BETALNINGSUNION,
470 933 170 24 EUROPEISK;
655 939 22 14 se
696 933 106 20 Traktater
817 933 70 26 (1950:
900 933 26 25 2).

189 976 484 29 BETALNINGSÖVERENSKOMMELSER;
687 987 22 13 se
726 980 107 21 Traktater
846 980 79 27 (1947).

189 1019 316 28 BETESANLÄGGNINGAR;
518 1029 21 13 se
553 1022 115 27 Skogsvård
680 1022 70 27 (1949:
763 1022 26 26 6).

189 1060 292 28 BETESFÖRBÄTTRING;
495 1070 22 14 se
531 1064 106 20 Jordbruk
651 1063 69 27 (1948:
732 1064 27 25 8).

188 1101 207 29 BETESFÖRSÖK;
411 1112 22 14 se
448 1105 106 21 Jordbruk
570 1105 70 27 (1949:
654 1108 29 21 10,
702 1105 59 21 1950:
774 1105 25 26 7).

189 1147 258 25 BETESREGLERING;
469 1153 22 14 se
513 1147 106 20 Jordbruk
640 1147 70 26 (1941:
723 1149 17 21 6,
765 1147 59 20 1942:
837 1150 16 20 6,
878 1147 59 20 1943:
950 1149 16 21 3,
992 1147 58 20 1944:
1063 1149 17 22 9,

219 1178 58 20 1945:
290 1180 17 21 6,
322 1177 59 20 1946:
395 1179 30 21 12,
440 1177 59 20 1947:
512 1179 16 21 7,
544 1177 58 20 1949:
615 1179 17 21 5,
647 1177 59 21 1950:
719 1177 25 25 4),
761 1177 158 26 Växtförädling
931 1176 79 27 (1948).

190 1219 183 20 BETODLARES
396 1213 272 30 CENTRALFÖRENING,
691 1219 143 24 SVERIGES;
856 1225 23 13 se
903 1218 179 27 Interpellationer

216 1249 70 26 (1946:
299 1249 40 26 32).

189 1290 227 24 BETONGTEKNIK
399 1286 14 34 ;
431 1296 22 14 se
470 1290 217 26 Yrkesundervisning
700 1290 70 26 (1947:
783 1292 16 21 1,
817 1290 39 25 19).

189 1332 102 24 BETOR;
303 1338 23 14 se
337 1332 121 26 Järnvägar
469 1331 70 26 (1941:
552 1333 31 22 37,
598 1331 59 21 1942:
670 1331 39 26 21),
724 1331 79 21 Socker.

189 1374 100 25 BETYG;
306 1380 23 13 se
346 1373 121 20 Folkskolor
484 1373 69 26 (1944:
566 1373 39 26 20).

189 1411 219 29 BETÄNKANDEN,
417 1410 192 26 FÖRTECKNING
617 1410 84 30 ÖVER;
718 1421 22 14 se
749 1414 218 27 Riksdagsbiblioteket
976 1414 64 26 (1944
1049 1415 31 25 ft).

190 1454 382 23 BEVATTNINGSLÅNEFONDEN.

218 1489 18 24 Å
246 1493 133 26 tilläggsstat
391 1493 20 20 II
422 1492 87 21 anvisas
519 1492 32 20 till
561 1492 271 27 bevattningslånefonden
843 1492 42 20 500
892 1492 42 20 000
943 1492 32 20 kr.
986 1492 27 26 (r)
1024 1493 58 19 samt

190 1523 33 20 till
235 1522 242 27 lantbrukshögskolan:
491 1522 141 21 anordnande
644 1528 28 14 av
685 1522 215 26 bevattningsförsök
914 1522 25 20 10
947 1522 41 20 500
1001 1522 31 20 kr.
1046 1522 34 26 (r).

218 1565 43 20 RD
276 1564 117 27 medgiver,
409 1566 35 18 att
459 1564 38 20 det
511 1564 12 20 å
539 1564 132 26 tilläggsstat
688 1564 20 20 II
724 1563 33 21 till
771 1564 118 20 riksstaten
904 1563 33 21 för
952 1563 130 27 budgetåret

193 1595 89 26 1941/42
294 1594 104 21 anvisade
410 1594 244 26 reservationsanslaget
666 1594 32 20 till
711 1593 271 27 bevattningslånefonden
995 1594 35 19 må
1043 1600 39 13 un-

191 1625 37 20 der
238 1624 131 26 budgetåret
381 1624 90 26 1945/46
482 1624 113 20 användas
605 1624 34 20 för
649 1624 49 20 med
710 1624 98 25 anslaget
818 1625 73 18 avsett
902 1623 108 20 ändamål.

218 1666 43 20 RD
277 1666 116 26 medgiver,
409 1667 35 19 att
459 1666 37 20 det
511 1666 12 19 å
539 1666 132 26 tilläggsstat
688 1666 20 19 II
723 1665 33 20 till
771 1665 117 20 riksstaten
904 1665 33 20 för
952 1665 130 26 budgetåret

193 1696 89 26 1942/42
302 1696 104 20 anvisade
426 1695 243 26 reservationsanslaget
693 1695 33 20 till
750 1695 272 26 bevattningslånefonden
1046 1695 35 20 må

191 1726 68 20 under
270 1725 130 27 budgetåret
412 1725 89 27 1946/47
512 1725 113 20 användas
635 1725 33 20 för
679 1725 49 20 med
738 1725 99 26 anslaget
846 1726 74 19 avsett
930 1724 108 21 ändamål.

219 1767 42 21 RD
277 1767 116 26 medgiver,
410 1768 35 19 att
459 1767 38 20 det
511 1767 12 20 å
539 1767 132 26 tilläggsstat
688 1766 20 20 II
724 1766 33 21 till
771 1766 118 21 riksstaten
904 1766 33 20 för
952 1766 130 26 budgetåret

193 1797 89 26 1941/42
295 1797 104 20 anvisade
411 1797 243 25 reservationsanslaget
666 1796 33 20 till
711 1796 271 26 bevattningslånefonden
995 1796 35 20 må
1043 1802 39 14 un-

191 1827 37 20 der
241 1827 131 26 budgetåret
387 1826 88 26 1947/48
488 1826 113 20 användas
614 1826 33 20 för
659 1826 50 20 med
722 1826 98 26 anslaget
832 1827 74 19 avsett
918 1825 109 21 ändamål.

218 1868 43 21 RD
276 1868 117 26 medgiver,
410 1870 35 18 att
460 1868 37 20 det
511 1868 12 20 å
539 1868 132 26 tilläggsstat
688 1868 20 19 II
726 1867 31 20 till
772 1867 116 21 riksstaten
904 1867 33 20 för
952 1867 131 26 budgetåret

192 1898 90 26 1941/42
297 1898 104 20 anvisade
416 1897 244 27 reservationsanslaget
674 1897 33 20 till
722 1897 80 20 fonden
817 1897 36 20 må
869 1897 68 20 under
952 1897 130 26 budgetåret

192 1928 89 26 1948/49
292 1928 114 20 användas
416 1928 33 19 för
459 1928 49 20 med
520 1927 97 26 anslaget
628 1929 73 18 avsett
711 1927 108 20 ändamål.

218 1970 43 20 RD
276 1969 117 26 medgiver,
410 1971 35 18 att
460 1969 37 20 det
511 1969 12 20 å
539 1969 132 26 tilläggsstat
688 1969 20 19 II
724 1969 33 19 till
772 1968 117 20 riksstaten
904 1968 33 20 för
953 1968 130 26 budgetåret

193 1999 89 26 1941/42
297 1999 104 20 anvisade
416 1999 244 26 reservationsanslaget
674 1998 33 20 till
722 1998 80 20 fonden
818 1998 35 20 må
870 1998 67 20 under
952 1998 130 26 budgetåret

192 2029 90 26 1949/50
294 2029 113 20 användas
418 2029 34 20 för
463 2029 49 20 med
525 2028 98 27 anslaget
635 2028 95 20 avsedda
742 2028 132 20 ändamålet.

191 2071 175 20 BEVILJANDE
377 2071 36 19 AV
426 2070 192 21 STATSBIDRAG
630 2076 28 14 av
670 2070 65 20 social
747 2070 40 20 och
799 2069 102 21 kulturell
913 2071 41 22 art;
967 2075 22 14 se
1002 2069 81 21 Studie-

218 2100 59 27 hjälp
292 2100 71 27 (1946:
375 2100 26 26 5).

1237 159 90 16 Motioner
1384 155 80 29 Utskott
1627 158 94 17 Protokoll

1102 179 25 20 EN
1150 183 53 20 Prof
1219 195 120 2 rss
1508 171 57 39 Sd
1609 195 25 2 EN
1647 173 44 32 SINE
1695 173 30 32 SR
1725 195 36 2 a

1231 213 33 16 FK
1270 209 19 29 |
1294 213 34 16 AK
1350 213 85 16 ISmllAvd]
1459 213 26 16 Nr
1605 213 33 16 FK
1670 199 2 46 |
1704 213 35 16 AK

1102 284 28 20 481
1172 284 26 20 891
1242 295 28 3 —I|
1307 296 27 2 —I
1370 283 12 20 91
1420 283 7 20 11
1468 284 186 20 261119114:23
1670 259 3 46 |
1688 283 30 20 14:
1730 285 22 18 91

1103 385 26 20 491
1174 385 24 20 161
1243 397 27 2 —!I
1307 397 28 2 —I
1369 385 12 19 91
1419 384 8 20 1
1482 385 13 19 BT
1533 385 122 20 4-1]
1700 385 54 20 Jeg

1102 594 27 20 481
1157 594 38 20 271
1207 589 23 35 |
1242 606 27 2 —|
1307 605 27 2 —I
1369 594 60 19 61—1
1457 594 37 19 1901
1519 593 40 20 3971
1584 594 33 19 26:
1629 596 10 16 7
1655 589 23 35 |
1685 593 33 20 26:
1730 595 22 17 61

1102 1492 27 20 421
1158 1491 38 20 141
1206 1486 27 36 |
1243 1504 27 2 —I
1308 1491 123 20 —]101—]1
1469 1492 26 20 391
1520 1490 97 21 220118:
1629 1492 25 18 80
1658 1486 19 36 |
1687 1490 31 20 18:
1731 1492 24 17 38

1102 1564 27 20 451
1174 1563 8 19 1
1243 1575 27 2 —I|
1307 1562 124 21 —J]10/|—1
1468 1563 27 20 341
1519 1563 40 20 255]
1584 1562 33 20 21:
1629 1564 24 17 28
1662 1557 18 36 |
1685 1561 33 20 21:
1729 1563 25 18 39

1154 1595 49 17 KT
1450 1595 46 17 s:22

1150 1626 22 20 pt
1182 1624 24 18 27

1102 1665 27 20 46]
1173 1664 8 20 1
1243 1676 27 3 —|]
1308 1664 122 20 —J]10!—]
1468 1664 27 21 541
1519 1663 99 21 263120:
1629 1665 25 18 66
1659 1659 22 35 |
1686 1663 33 20 21:
1733 1665 37 17 102

1154 1697 24 17 K:
1191 1696 11 17 8
1450 1696 46 18 s.24

1149 1728 23 20 pt
1181 1726 24 18 31

1102 1766 104 20 4711:30]
1242 1777 28 3 —]
1307 1765 124 20 —110l—1
1482 1765 13 21 81
1533 1765 28 20 401
1599 1764 55 20 8:12
1658 1760 19 36 1
1700 1764 55 20 8:18

1151 1799 21 19 pt
1183 1797 23 18 13
1450 1797 47 17 s.15

1102 1867 104 20 4811:30]
1243 1878 27 2 —I|
1308 1866 122 20 —110!1—1
1468 1866 27 20 461
1520 1865 98 21 309123:
1630 1867 24 18 73
1658 1861 22 35 |
1686 1865 33 19 23:
1733 1867 37 17 113

1156 1900 21 19 pt
1188 1898 10 17 8
1456 1903 15 12 s.
1484 1898 10 17 4

1103 1968 104 19 4911:30]
1243 1979 27 2 —|
1308 1967 123 20 —]10!1—1]
1471 1967 25 20 101
1522 1967 38 20 1081
1587 1966 66 20 12:72
1661 1962 18 35 |
1688 1966 30 20 12:
1733 1968 36 17 104

1157 2001 21 19 pt
1188 1999 11 17 8
1456 1999 38 17 8.9
