1847 2358
810 158 136 16 SAKREGISTER

90 436 165 28 Avsöndringar
271 443 26 15 m.
314 444 27 14 m.

104 468 62 20 Inom
183 467 137 25 Kronobergs
336 467 45 20 län:

92 503 9 15 9
120 498 37 20 RD
180 497 114 26 medgiver,
319 499 31 19 att
368 497 82 21 kronan
466 498 27 26 på
508 497 84 25 villkor,
611 504 46 13 som
674 504 26 13 av
717 497 60 21 KM:t
793 497 136 26 bestämmas,

135 528 70 20 avstår
227 528 48 20 från
299 527 91 27 anspråk
410 528 27 26 på
453 527 123 26 äganderätt
594 527 33 20 till
644 527 287 26 krigsmanshushemmanet

136 556 27 28 1/,
181 557 81 20 mantal
278 557 117 27 Fliselycke
412 564 25 13 nr
454 558 9 19 1
482 558 7 19 i
504 557 119 27 Linneryds
639 557 84 24 socken,
740 557 77 26 Konga
826 558 73 20 härad.

106 617 62 20 Inom
186 616 95 21 Kalmar
296 617 45 20 län:

80 652 24 16 10
121 647 38 20 RD
178 647 108 26 medgiver
304 647 127 26 försäljning
447 654 25 13 av
488 647 126 26 lägenheten
631 647 147 26 Holmespång
793 647 47 20 från
856 647 74 20 krono-

137 677 131 26 egendomen
285 676 11 20 1
313 677 82 20 mantal
411 677 49 26 Aby
475 684 25 13 nr
517 677 11 20 1
545 677 7 20 i
569 676 114 21 Mörlunda
698 676 84 21 socken.

80 741 23 16 11
122 736 37 20 RD
176 736 112 26 medgiver,
306 736 45 20 dels
367 738 32 18 att
414 737 57 19 vissa
487 736 123 26 lägenheter
625 737 36 19 må
676 743 38 13 var
729 736 33 20 för
778 736 31 26 sig
824 736 51 21 med
888 743 42 14 om-

137 766 64 20 råden
225 766 39 20 och
288 766 134 24 saluvärden,
446 773 46 13 som
515 773 26 13 av
557 766 184 26 domänstyrelsen
756 766 111 25 förordats,
883 767 48 20 från

136 796 200 26 kronoegendomen
360 794 28 28 2/,
405 796 81 20 mantal
510 796 103 20 Norrhult
636 803 25 13 nr
677 796 12 20 2
709 796 7 20 i
735 796 103 27 Hjorteds
854 796 78 20 socken

136 826 107 26 försäljas;
261 825 45 21 dels
322 826 40 20 ock
378 827 31 19 att
425 826 142 26 egendomens
584 825 126 27 huvudgård
726 826 36 20 må
777 826 49 20 med
839 826 37 20 det
889 833 42 13 om-

136 855 56 24 råde,
209 862 47 14 som
272 863 26 13 av
312 856 262 26 uppskattningsmännen
585 855 80 26 tillagts
676 855 132 25 densamma,
820 857 28 25 på
858 856 73 20 offent-

137 886 29 26 lig
182 885 89 21 auktion
287 886 104 26 försäljas.

106 952 62 20 Inom
186 950 107 27 Blekinge
309 951 45 21 län:

80 986 24 16 12
123 982 37 20 RD
184 981 114 26 medgiver,
316 983 31 19 att
362 981 91 21 lotterna
469 982 40 20 litt.
527 982 18 19 A
561 983 56 19 samt
633 981 65 21 C—T
713 981 47 20 från
777 981 154 27 kronoegendo-

137 1018 49 13 men
204 1010 27 28 ?/,
248 1011 82 21 mantal
346 1011 105 27 Hällaryd
467 1018 25 14 nr
508 1012 12 19 2
537 1012 7 19 i
560 1011 115 27 Hällaryds
693 1011 76 21 socken
786 1012 36 20 må
832 1012 100 27 upplåtas

138 1041 33 20 till
195 1048 54 19 egna
271 1042 50 20 hem
345 1041 50 21 med
416 1043 42 18 rätt
481 1042 33 20 för
538 1041 56 21 Sven
609 1042 135 20 Henriksson
760 1041 33 21 till
808 1042 96 20 hembud
920 1043 13 19 å

137 1071 68 20 lotten
221 1071 40 20 litt.
279 1072 25 19 A.

108 1131 62 20 Inom
187 1130 168 22 Kristianstads
370 1131 45 20 län:

81 1166 24 15 13
123 1161 37 20 RD
177 1161 114 25 medgiver,
309 1162 31 19 att
355 1161 28 20 48
400 1161 122 26 lägenheter
538 1161 47 20 från
600 1161 200 26 kronoegendomen
813 1159 26 30 !/;
851 1162 82 20 mantal

138 1190 85 27 Tollarp
240 1198 24 13 nr
281 1191 12 20 5
310 1191 39 20 och
366 1191 13 20 8
393 1191 7 20 i
412 1191 78 20 Västra
500 1191 77 20 Vrams
590 1191 77 20 socken
679 1192 36 19 må
725 1191 100 26 upplåtas
836 1192 33 20 till
880 1198 53 20 egna

138 1220 56 20 hem.

109 1280 62 20 Inom
188 1279 124 21 Malmöhus
328 1280 45 24 län;

83 1314 23 16 14
124 1310 37 20 RD
179 1310 113 25 medgiver,
309 1312 31 18 att
356 1310 13 20 4
385 1310 122 26 lägenheter
521 1311 35 19 må
567 1310 98 27 försäljas
676 1310 47 20 från
734 1310 199 27 kronoegendomen

141 1339 10 20 1
169 1339 81 21 mantal
267 1340 99 27 Tygelsjö
382 1347 26 13 nr
425 1340 25 20 17
468 1340 39 21 och
524 1340 27 20 29
567 1340 8 20 i
591 1340 99 27 Tygelsjö
706 1340 83 20 socken.

82 1404 23 16 15
123 1399 37 20 RD
177 1399 114 26 medgiver,
309 1401 31 19 att
355 1400 126 26 lägenheten
497 1400 40 20 litt.
552 1400 17 20 B
581 1407 25 13 av
617 1400 199 26 kronoegendomen
828 1400 10 20 1
851 1401 81 20 mantal

139 1425 93 31 Äspinge
256 1436 25 13 nr
301 1429 19 25 2,
344 1429 25 20 12
386 1430 39 19 och
451 1429 25 20 17
496 1430 8 20 i
522 1426 94 30 Äspinge
636 1430 77 20 socken
732 1431 36 19 må
786 1430 98 27 försäljas
899 1431 34 20 till

139 1459 173 26 Reymersholms
331 1459 71 26 gamla
417 1459 213 26 industriaktiebolag
646 1461 45 19 mot
707 1466 26 14 en
749 1460 143 27 köpeskilling
907 1467 26 14 av

141 1489 63 20 1750
229 1489 38 24 kr.,
292 1489 45 20 dels
361 1489 39 21 ock
417 1491 31 19 att
463 1489 26 20 de
505 1490 34 19 till
555 1496 83 14 samma
654 1489 103 27 egendom
774 1490 93 20 hörande
883 1490 50 21 med

139 1519 40 20 litt.
201 1519 21 24 C,
240 1519 25 26 D,
281 1520 25 25 E,
323 1520 23 23 F,
363 1519 25 25 G,
408 1520 26 23 H,
451 1520 10 19 I
477 1520 40 20 och
533 1520 20 19 K
569 1519 131 21 betecknade
716 1521 78 19 tomter
809 1520 39 20 och
864 1520 68 26 lägen-

139 1549 59 19 heter
214 1550 36 19 må
265 1556 37 13 var
317 1549 33 20 för
366 1550 31 25 sig
413 1549 49 20 med
478 1556 26 14 av
520 1549 183 27 domänstyrelsen
719 1550 112 26 föreslaget
847 1550 86 21 område

139 1579 48 19 från
203 1579 132 26 egendomen
351 1579 98 27 försäljas
465 1579 50 21 med
531 1581 42 18 rätt
588 1580 33 20 för
637 1580 38 19 Per
692 1580 88 20 Persson
794 1580 33 20 till
838 1580 95 21 hembud

139 1609 13 19 å
168 1608 67 21 lotten
251 1609 40 20 litt.
309 1609 27 20 H.

83 1672 23 16 16
125 1668 37 19 RD
186 1668 108 25 medgiver
317 1668 127 26 försäljning
467 1676 26 13 av
516 1669 63 29 lotter
594 1669 48 20 från
658 1669 199 26 kronoegendomen
874 1668 59 29 1!/,,

140 1698 82 20 mantal
238 1698 83 26 Benarp
338 1705 25 13 nr
379 1699 19 24 5,
416 1699 12 19 6
445 1698 39 21 och
502 1699 10 20 7
529 1699 8 19 i
553 1699 93 26 Äspinge
662 1698 85 21 socken.

93 1757 78 20 «Inom
191 1756 110 21 Hallands
316 1757 45 20 län:

84 1791 22 16 17
126 1787 36 20 RD
179 1787 113 26 medgiver,
310 1789 37 22 att,
365 1787 65 21 sedan
446 1788 47 20 från
510 1788 148 26 kronoparken
674 1788 113 27 Tyludden
797 1789 8 20 i
816 1789 117 20 Söndrums

140 1817 77 20 socken
239 1817 60 20 blivit
315 1817 78 21 avskilt
409 1819 30 19 ett
454 1818 86 20 område
556 1824 36 14 om
609 1817 63 22 0.150
689 1818 81 25 hektar,
787 1819 146 21 innefattande

140 1847 121 26 ägofiguren
281 1854 25 13 nr
323 1847 27 20 14
366 1848 13 19 b
396 1848 12 19 å
424 1848 240 20 distriktslantmätaren
680 1848 24 21 G.
722 1848 85 21 Norlins
823 1849 7 19 i
846 1849 87 20 ärendet

140 1877 119 26 åberopade
276 1877 61 20 karta
352 1879 56 18 samt
424 1879 30 19 ett
470 1878 86 20 område
572 1884 35 14 om
624 1878 63 21 2.043
705 1878 81 25 hektar,
801 1879 132 20 omfattande

140 1907 13 20 å
168 1913 84 14 samma
270 1907 67 24 karta,
354 1907 50 20 med
420 1915 25 12 nr
463 1908 25 20 15
505 1908 39 20 och
563 1908 84 20 16—21
665 1908 130 21 betecknade
811 1909 122 26 ägofigurer,

141 1936 45 21 dels
210 1937 95 20 nämnda
323 1939 77 19 tvenne
417 1937 102 21 områden
535 1939 36 19 må
586 1938 111 23 överlåtas,
714 1938 36 21 det
765 1939 56 20 förra
836 1939 34 20 till
886 1939 47 20 lots-

140 1966 73 21 verket
237 1969 45 18 mot
303 1973 26 14 en
349 1968 117 25 ersättning
484 1968 34 20 till
534 1968 159 20 domänfonden
710 1975 25 14 av
752 1968 27 21 10
795 1968 31 21 kr.
843 1969 39 20 och
899 1969 35 20 det

141 2003 73 14 senare
237 1997 33 19 till
292 1997 116 20 tullverket
431 1999 45 18 mot
499 2004 27 13 en
549 1998 117 26 ersättning
684 1998 33 20 till
733 1998 159 21 domänfonden
909 2006 25 13 av

143 2026 41 20 315
201 2026 38 23 kr.,
256 2026 46 21 dels
318 2027 39 20 ock
373 2027 133 21 återstående
523 2027 62 21 delen
599 2035 25 13 av
635 2028 155 26 kronoparken,
801 2028 133 21 omfattande

142 2063 26 13 en
185 2056 55 20 areal
257 2063 26 14 av
299 2056 78 21 43.631
397 2057 81 25 hektar,
495 2057 98 27 försäljas
608 2058 34 20 till
657 2058 126 20 Halmstads
799 2058 53 21 stad.

1636 154 43 22 149

1019 239 17 17 o
1043 213 70 39 BER
1391 218 63 40 Riks-
1643 214 29 2 Sd

966 251 17 26 =
1019 254 41 32 28
1119 276 3 4 é
1234 247 77 17 ERE
1390 253 73 33 dagens
1520 259 117 17 Kamrarnas

965 282 66 26 Sk
1043 288 17 29 z
1063 272 108 33 Motioner
1212 272 124 42 utlåtanden
1405 289 47 17 RR
1505 289 145 22 förhandlingar

966 312 17 12 a
1019 310 36 19 IS
1199 306 46 18 eller
1257 307 100 17 memorial

966 329 12 11 a
998 318 17 31 |
1020 322 40 20 ae
1396 319 64 17 velser

961 343 16 25 &e
1019 340 39 23 låg

966 372 17 24 &
1020 364 35 28 Jeg
1192 366 58 24 gr
1347 375 17 18 w
1448 375 17 19 zol
1494 374 66 17 Första
1566 366 23 35 |
1594 373 65 18 Andra

1020 382 35 41 2S
1081 384 33 17 SO
1192 392 14 32 Ez
1234 390 17 31 å
1292 380 9 45 Zz
1347 395 17 25 -
1398 380 18 45 Zz
1447 396 17 25 &|
1490 398 70 17 kamm.
1561 390 27 35 |
1590 398 71 17 kamm.

945 498 55 20 19211
1017 498 42 21 200
1184 499 25 21 10
1287 500 27 20 36
1387 500 43 20 204
1487 501 33 20 26:
1532 506 38 15 125|
1595 500 33 21 30:
1639 505 25 16 87

969 656 8 11 >»
992 644 23 36 |
1025 648 27 21 87
1184 648 26 21 10
1288 649 27 20 18!
1362 649 102 22 21286l10]
1496 650 68 21 14:30]
1596 650 68 20 19:66

1025 738 27 20 87
1184 738 26 21 10
1288 739 27 20 18]
1362 739 103 21 21286|10]
1496 739 68 21 14:30]
1596 739 33 21 19:
1640 744 24 16 66

970 991 8 11 >
1027 983 26 21 110
1185 983 25 21 10
1303 984 12 20 21
1363 984 67 22 38106)
1456 989 9 16 så
1496 984 38 22 6:3
1597 984 54 21 9:32

970 1171 9 10 >
992 1158 23 35 |
1027 1162 26 21 10
1185 1163 26 21 10
1304 1164 13 20 21
1363 1164 68 20 81106)
1456 1169 9 15 så
1497 1164 39 21 6:3
1597 1163 54 21 9:22

970 1312 84 20 3110
1185 1312 26 21 10
1304 1313 12 20 21
1363 1313 68 21 81106)
1456 1318 9 15 31
1496 1313 39 21 6:3
1597 1313 19 20 9:
1627 1319 25 15 22

971 1402 82 20 Fröler
1186 1402 25 20 10
1291 1402 26 21 181
1364 1403 103 21 628610]
1499 1403 67 21 14:30]
1599 1402 32 21 19:
1643 1408 24 16 66

971 1678 8 11 >
1020 1670 41 21 12383
1186 1671 26 20 10
1290 1671 28 20 441
1364 1671 68 21 91210)
1457 1677 9 15 61
1497 1671 69 21 28:83
1592 1672 33 20 135:
1637 1676 38 16 115

971 1790 82 20 FOG
1186 1790 25 20 10
1291 1791 26 20 58
1390 1790 76 21 286111
1490 1791 33 20 136:
1535 1791 42 21 e3dl
1592 1791 34 21 48:
1637 1791 41 21 49d
