1853 2365
815 154 136 34 SAKREGISTER
1641 157 43 21 155

1026 227 41 27 SO
1406 233 53 17 Riks-

973 256 16 26 2
1034 245 28 39 2
1125 280 4 4 2
1240 246 94 43 Utskott:
1397 262 72 22 dagens
1526 262 117 18 Kamrarnas

968 277 21 39 jag
1043 282 24 39 an
1071 276 107 31 Motioner
1219 276 122 42 utlåtanden
1411 293 33 17 sö
1511 292 144 22 förhandlingar

973 316 17 28 2
1026 313 41 33 är
1205 310 47 17 eller
1264 310 99 18 memorial
1403 322 63 18 Velöer

968 344 97 42 215
1198 370 17 12 3

973 373 14 23 ”»
1026 376 11 9 2
1357 375 5 23 on
1454 379 16 11 Rn

973 392 11 9 =
997 372 24 64 |
1026 387 36 41 "3
1087 388 87 17 |FElAR
1198 376 59 49 (Bl
1237 372 44 64 2)
1294 388 17 27 2
1317 372 32 64 |
1353 392 17 32 E|
1406 388 17 27 7
1425 372 24 64 |
1454 391 16 32 EF]
1496 377 71 41 kamm
1565 372 24 64 |
1597 376 70 42 komm.

100 441 168 27 Avsöndringar
284 448 26 14 m.
327 448 27 15 m.

88 478 23 16 14
130 473 37 20 RD
184 472 114 26 medgiver,
315 473 37 23 att,
369 471 64 21 sedan
448 471 187 26 kronogendomen
646 472 148 20 Linnersmåla
805 479 24 13 nr
841 472 10 20 1
865 472 71 20 Söder-
951 472 56 21 [19231
1024 472 40 21 166
1190 473 25 21 10
1293 473 27 21 43
1323 469 17 34 |
1368 474 67 22 21255)
1460 478 9 16 71
1500 474 69 20 36:29
1594 474 32 20 138:
1639 479 38 15 130

144 502 52 27 gård
211 502 50 20 med
277 502 147 20 Linnersmåla
439 508 25 13 nr
480 502 12 19 2
509 501 123 27 Norregård,
649 508 35 14 om
701 502 142 20 tillsammans
856 502 10 20 1
879 509 57 13 man-
1028 508 33 22 p.4

144 532 37 25 tal,
204 533 8 19 i
236 532 143 26 Väckelsångs
401 532 77 20 socken
498 532 62 20 blivit
576 538 76 20 genom
669 532 114 26 styckning
799 532 63 20 delad
877 532 7 20 i
900 539 37 14 sex

144 563 70 24 lotter,
238 562 41 20 litt.
304 562 72 25 A—F,
400 562 7 20 i
430 562 144 25 huvudsaklig
593 562 211 20 överensstämmelse
820 562 50 20 med
885 569 52 19 upp-

145 592 225 25 skattningsmännens
386 591 85 26 förslag,
488 599 84 13 samma
587 591 63 21 lotter
661 592 35 19 må
707 598 37 14 var
753 592 34 20 för
797 592 32 25 sig
839 592 98 26 försäljas

145 622 50 20 med
218 624 42 18 rätt
282 622 33 19 för
339 621 52 20 Karl
409 621 71 21 Johan
497 622 76 20 Viktor
588 623 32 18 att
635 621 81 20 erhålla
732 622 95 20 hembud
843 623 12 18 å
871 622 66 20 lotten

144 652 41 20 litt.
209 652 22 20 B.
255 652 40 20 och
311 651 50 20 med
376 651 137 26 iakttagande
529 653 31 18 att
576 651 36 21 det
627 652 13 19 å
655 651 67 20 lotten
738 651 41 21 litt.
796 651 16 20 C
829 651 109 26 befintliga

144 682 112 20 svinhuset
279 681 131 26 undantages
432 681 37 20 vid
492 681 154 27 försäljningen
668 688 26 14 av
717 688 84 13 samma
819 681 40 21 lott
875 682 39 20 och
930 682 7 20 i

145 712 71 20 stället
231 711 104 21 förklaras
351 711 60 20 skola
426 711 50 26 ingå
491 712 7 19 i
514 711 154 27 försäljningen
684 718 26 14 av
726 711 67 21 lotten
809 711 40 21 litt.
867 712 25 19 D.

88 788 23 16 15
129 784 37 20 RD
183 783 114 25 medgiver,
314 784 37 23 att,
369 782 65 21 sedan
450 782 200 26 kronoegendomen
666 781 28 28 ?/,
710 782 82 21 mantal
803 783 75 20 Randö
888 782 48 21 nr
918 777 42 36 1|
976 792 9 10 >
1025 783 41 21 1166
1190 785 26 20 10
1293 785 28 20 431
1368 785 67 21 21255]
1459 790 9 16 71
1500 785 33 20 36:
1545 790 24 15 29
1571 781 12 32 1
1594 785 83 21 38:130

144 814 6 19 i
170 812 118 27 Linneryds
307 812 78 21 socken
402 812 62 20 blivit
479 813 7 19 i
502 812 145 26 huvudsaklig
662 813 210 20 överensstämmelse
888 813 49 20 med
1024 818 36 23 p.5

144 843 41 20 vad
201 843 7 20 i
225 842 232 26 statsrådsprotokollet
473 842 91 26 angivits
580 842 96 20 fördelad
692 842 7 20 i
715 842 43 20 fem
775 842 69 26 lotter,
856 843 80 20 beteck-

143 873 55 20 nade
215 872 50 20 med
280 872 41 20 litt.
339 873 24 24 A,
381 872 23 24 B,
422 872 23 25 C,
462 872 18 19 D
497 872 39 20 och
553 872 24 24 E,
594 872 26 20 de
636 872 50 20 med
701 872 40 20 litt.
760 873 24 22 A,
801 872 23 24 B,
842 873 15 19 C
868 873 39 20 och
919 873 18 19 D

144 902 132 21 betecknade
300 902 91 20 lotterna
410 903 36 19 må
462 909 36 13 var
514 902 33 20 för
563 902 31 25 sig
609 902 106 26 försäljas,
732 904 31 18 att
779 902 66 20 lotten
862 902 40 21 litt.
920 903 17 20 E

144 933 36 20 må
202 932 35 21 till
259 932 118 27 Linneryds
400 932 106 20 kommun
529 932 99 26 försäljas
649 934 46 18 mot
711 939 25 13 en
752 932 144 27 köpeskilling
912 939 25 14 av

145 963 27 20 22
182 962 42 21 695
241 962 31 20 kr.

114 1029 63 20 Inom
194 1027 95 22 Kalmar
304 1028 45 20 län:

88 1064 23 16 16
129 1059 37 20 RD
190 1058 109 26 medgiver
321 1057 127 27 försäljning
472 1058 48 20 med
544 1058 150 20 hembudsrätt
709 1058 33 20 för
757 1058 25 20 K.
800 1058 25 20 G.
842 1058 54 27 Berg
912 1065 25 14 av|
976 1067 8 11 »
997 1053 23 36 |
1031 1058 26 21 21
1189 1059 26 21 10
1308 1059 69 22 0:18]
1408 1061 27 20 o8)
1460 1059 73 22 at):
1545 1065 9 15 9
1602 1059 53 22 16

144 1089 56 20 vissa
216 1088 125 26 fastigheter
356 1087 50 21 med
422 1088 56 20 vissa
494 1088 12 20 å
521 1088 8 20 i
545 1088 87 20 ärendet
648 1088 107 27 åberopad
771 1088 60 20 karta
847 1089 91 25 angivna
1028 1094 34 22 p.3

144 1118 108 24 områden,
270 1118 107 25 nämligen
394 1117 45 21 dels
455 1118 69 20 såsom
541 1118 128 26 avsöndring
678 1118 48 20 från
738 1116 36 28 !/,;
787 1118 82 20 mantal
880 1115 57 24 Älm-

144 1148 48 21 hult
211 1155 25 13 nr
251 1148 14 20 4
281 1148 41 20 litt.
339 1148 17 20 B
372 1148 40 20 och
428 1154 25 13 nr
469 1147 13 20 4
498 1148 41 20 litt.
557 1149 24 24 A,
599 1148 45 20 dels
660 1149 69 19 såsom
747 1148 128 30 avsöndring
890 1149 47 20 från

144 1178 115 20 samfällda
275 1177 91 21 andelen
382 1178 7 19 i
405 1177 140 30 soldattorpet
551 1161 43 47 till
611 1177 57 29 32/,,;
685 1178 81 20 mantal
778 1175 100 23 Älmhult
888 1185 25 13 nr
926 1178 10 20 1

143 1208 40 20 litt.
201 1208 41 24 Ad,
260 1206 76 28 ?/,,,,
354 1207 82 20 mantal
452 1203 100 25 Älmhult
568 1215 25 13 nr
609 1208 12 19 2
638 1208 40 20 litt.
696 1208 32 20 Bb
739 1208 40 20 och
790 1207 78 28 293/,,,,
880 1215 57 13 man-

144 1238 29 20 tal
195 1234 101 24 Älmhult
319 1244 25 13 nr
365 1237 12 20 3
394 1237 39 20 litt.
451 1237 37 25 Cd,
505 1238 45 19 dels
566 1239 69 19 såsom
652 1237 129 26 avsöndring
796 1238 47 20 från
860 1237 77 28 ?93/,,09

144 1268 82 20 mantal
242 1264 101 23 Älmhult
359 1274 25 13 nr
401 1267 11 19 3
429 1267 41 20 litt.
484 1250 42 47 'cd,
542 1267 46 20 dels
604 1267 126 26 lägenheten
746 1267 121 21 Ekholmen
883 1275 26 13 nr
926 1268 10 20 1

144 1298 68 20 under
228 1298 125 19 hemmanet
369 1296 26 28 !/,
413 1297 81 20 mantal
511 1294 100 23 Älmhult
627 1304 25 13 nr
667 1297 12 20 2
691 1297 50 20 med
751 1297 41 20 den
803 1299 43 19 rätt
856 1298 81 20 kronan

144 1327 72 21 därtill
228 1329 54 24 äger,
299 1327 45 20 dels
360 1327 40 20 ock
415 1327 57 20 vissa
487 1328 12 19 å
515 1333 83 14 samma
614 1327 60 20 karta
689 1327 131 21 betecknade
836 1328 101 20 områden

144 1357 49 20 med
209 1357 41 20 den
266 1358 42 19 rätt
324 1357 81 20 kronan
422 1356 72 21 därtill
509 1359 54 23 äger.

113 1424 62 19 Inom
194 1421 105 28 Blekinge
315 1422 44 20 län:

102 1458 23 16 17
143 1454 37 19 RD
196 1453 109 26 medgiver
320 1452 128 27 försäljning
463 1459 26 13 av
505 1452 37 21 det
556 1453 8 19 i
579 1452 149 27 kronoparken
744 1453 151 26 Harasjömåla
908 1454 28 19 in-|
976 1461 8 10 »
997 1448 22 35 |
1032 1452 25 20 21
1190 1454 26 20 10
1309 1454 161 21 5)E-a]-39)-2
1502 1454 52 20 Fl:
1603 1453 32 20 SI:
1646 1459 10 15 6

143 1483 80 26 gående
239 1483 125 20 hemmanet
380 1480 37 30 ?/,,
435 1482 81 21 mantal
533 1482 81 21 Kullan
630 1489 25 14 nr
673 1483 9 20 1
700 1484 7 19 i
723 1483 121 26 Kyrkhults
860 1483 77 21 socken
1028 1488 34 22 p.4

143 1513 34 20 till
192 1513 154 26 kronojägaren
362 1512 26 20 N.
405 1512 71 21 Norén
492 1512 50 21 med
557 1513 43 20 viss
617 1513 85 26 angivet
717 1513 92 20 område.

87 1578 23 16 18
128 1573 37 20 RD
191 1573 113 26 medgiver,
330 1574 31 18 att
379 1572 48 20 från
443 1572 149 26 kronoparken
609 1573 126 26 Ringamåla
751 1573 40 20 och
806 1573 131 21 Hemmanet
938 1568 14 35 |
975 1581 8 10 »
990 1568 32 35 |
1031 1572 26 20 21
1190 1574 26 20 10
1309 1574 69 21 5-8]
1409 1574 61 21 =38)a
1502 1574 32 20 lll:
1646 1578 9 15 Ne

143 1603 64 20 Hoka
226 1603 35 20 må
280 1602 123 27 frånskiljas
419 1602 39 21 och
475 1602 33 21 till
524 1603 28 19 H.
569 1602 86 21 Nilsson
672 1603 98 26 försäljas
786 1603 52 21 visst
853 1604 85 25 angivet
1027 1608 34 22 p.5

143 1633 93 20 område.

113 1698 62 20 Inom
192 1697 168 22 Kristianstads
375 1697 45 20 län:

86 1733 23 16 19
128 1728 37 20 RD
181 1728 115 26 medgiver,
313 1729 31 19 att
359 1728 8 19 i
383 1727 238 26 stadsrådsprotokollet
634 1728 142 20 omförmälda
787 1728 49 20 med
847 1728 40 20 litt.
900 1728 36 24 Ba,
939 1723 14 35 |
975 1737 8 10 »
994 1723 27 35 |
1031 1727 26 20 21
1190 1728 26 21 10
1334 1724 8 34 FE
1368 1729 187 21 2-39N-01-11::9
1566 1724 26 34 1
1602 1728 53 21 11;8

153 1758 13 24 3,
186 1758 25 25 Dj
227 1758 65 26 IR,
309 1758 25 24 Go
351 1758 28 23 El
397 1757 60 25 J.K
475 1757 111 24 MN,
603 1757 62 25 0,16
683 1757 19 24 Q
717 1758 40 20 0001
773 1758 18 20 R-
807 1758 130 21 betecknade.
1028 1763 34 22 p.6

143 1788 122 26 lägenheter
288 1788 37 19 må
347 1794 37 13 var
408 1787 32 20 för
464 1787 31 26 sig
512 1787 49 20 med
577 1787 53 20 visst
645 1787 86 21 område
747 1788 47 20 från
810 1788 126 26 kronoegen-

143 1817 78 21 domen
240 1817 8 20 1
268 1817 81 20 mantal
368 1817 31 20 Vä
414 1823 26 13 nr
457 1816 26 20 76
500 1817 7 19 i
524 1817 32 20 Vä
572 1817 77 20 socken
665 1817 105 27 försäljas.

85 1889 25 15 20
127 1884 38 20 RD
184 1883 115 26 medgiver,
316 1884 32 19 att
364 1890 25 13 av
406 1882 36 21 det
457 1883 7 20 i
480 1883 148 34 kronoparken
645 1883 99 27 Vesslarp
760 1883 103 27 ingående
879 1884 57 20 hem-|
975 1892 8 11 >»
993 1879 27 35 |
1030 1883 28 21 44
1189 1884 26 21 10
1295 1884 82 21 1215-591
1408 1884 125 21 01118.110:
1546 1890 23 15 18]
1602 1884 68 21 10:78

143 1915 73 19 manet
234 1913 10 20 1
262 1913 82 20 mantal
361 1913 82 20 Edema
459 1919 25 14 nr
501 1912 11 21 1
529 1913 7 20 i
552 1909 109 24 Örkeneds
678 1913 77 20 socken
769 1915 70 32 torpet
849 1909 87 36 Skärva-
1027 1918 34 23 p.4

143 1945 70 25 torpet
228 1944 36 20 må
279 1943 50 21 med
341 1943 52 20 visst
405 1943 85 26 angivet
501 1943 86 20 område
598 1943 98 27 försäljas
707 1943 68 21 under
785 1944 57 20 vissa
852 1944 83 21 villkor.

86 2008 23 16 21
129 2004 36 20 RD
191 2003 109 26 medgiver
323 2003 128 27 försäljning
474 2009 26 14 av
523 2003 7 20 i
554 2003 232 27 statsrådsprotokollet
808 2004 129 20 omförmäld/|
974 2012 9 11 »
989 1999 32 35 |
1029 2003 29 20 44
1189 2004 26 20 10
1295 2004 26 21 121
1368 2010 9 15 38
1409 2005 60 21 7118]
1501 2004 68 21 16:16]
1602 2004 69 21 16:78

145 2033 100 26 lägenhet
267 2040 36 14 om
327 2033 79 20 4.2860
431 2033 77 20 hektar
523 2033 47 20 från
586 2033 198 26 kronoegendomen
801 2032 37 29 ?/,;
855 2034 81 20 mantal
1027 2039 33 22 p.5

143 2064 86 26 Gånarp
245 2070 25 14 nr
286 2064 13 19 4
315 2064 7 19 i
337 2063 102 26 Tostarps
454 2063 84 21 socken.
