1869 2373
177 153 43 21 288

914 163 136 16 SAKREGISTER

1066 256 22 147 1888epsxIY

1143 375 17 54 doad
1143 302 22 65 sy:le
1143 227 22 70 [Bun

1124 304 17 105 J98[9ALIYS
1124 245 17 47 I9][9

1282 222 2 51 |

1182 277 94 31 Motioner
1282 275 2 29 |

1340 252 94 17 Utskotts-

1328 282 111 18 utlåtanden

1304 311 47 18 eller
1364 312 99 17 memorial

1506 235 52 17 Riks-

1496 265 72 22 dagens

1510 295 47 17 skri-

1503 325 62 17 velser

1627 266 118 17 Kamrarnas

1612 295 145 23 förhandlingar

1185 390 33 17 FK

1237 390 34 17 AK

1296 371 18 58 "Tvueg

1338 378 18 48 ”PAy

1392 390 16 16 Å

1392 408 11 9 H

1451 380 17 45 BpIs

1504 390 17 28 IN

1552 381 18 44 vpIs

1599 379 67 18 Första

1681 367 2 43 |
1701 376 65 31 Andra

1596 403 70 18 kamm.

1681 424 1 14 |
1698 400 70 31 kamm.

197 438 90 22 Blinda.

199 474 9 15 9
226 470 33 19 Av
275 469 37 20 det
328 470 33 20 till
377 470 134 27 uppförande
526 471 37 20 vid
579 471 157 21 vårdanstalten
753 472 33 19 för
800 472 74 20 blinda
884 472 49 20 med
945 472 89 27 kompli-

241 501 58 18 cerat
321 499 44 27 lyte
384 506 26 14 av
429 507 25 13 en
471 500 145 27 asylbyggnad
633 501 106 26 beviljade
755 502 95 26 anslaget
865 503 13 19 å
895 502 41 20 510
946 502 42 20 000
1005 503 30 19 kr.

241 530 85 20 anvisas
351 530 27 26 på
400 532 60 18 extra
479 532 42 19 stat
536 531 69 20 såsom
622 532 216 26 reservationsanslag
853 532 132 21 återstående
1002 532 32 21 be-

241 559 80 27 loppet,
339 559 42 21 310
392 560 42 20 000
450 560 31 20 kr.

184 630 24 15 10
225 620 18 25 Å
260 625 128 26 tilläggsstat
403 625 33 21 för
451 627 23 19 år
491 626 54 20 1921
563 627 84 20 anvisas
664 628 69 20 såsom
750 627 104 21 särskilda
865 628 169 26 förslagsanslag,

241 655 70 26 högst:
329 655 46 21 dels
390 656 33 20 till
440 656 103 21 täckande
559 663 26 14 av
601 657 41 20 den
658 657 121 27 ytterligare
796 658 58 24 brist,
872 665 45 13 som
935 658 68 21 under
1013 659 23 19 år

242 685 56 20 1920
318 686 35 20 må
368 686 55 20 hava
439 686 138 27 uppkommit
592 687 7 20 i
615 689 68 19 staten
699 688 34 19 för
748 688 108 20 institutet
872 688 38 20 och
927 688 108 21 förskolan

240 716 33 19 för
288 715 75 21 blinda
378 716 12 20 å
406 716 132 21 Tomteboda
554 717 27 20 30
592 717 41 20 000
649 717 37 24 kr.;
699 718 45 20 dels
756 718 39 20 ock
807 718 32 20 till
851 718 147 20 förstärkande
1010 725 26 14 av

240 745 36 21 det
292 746 43 20 ord.
353 746 95 27 anslaget
463 747 33 20 till
510 747 94 20 nämnda
617 747 125 21 läroanstalt
752 748 33 20 för
795 749 23 19 år
830 747 55 21 1921
900 748 40 20 130
950 748 42 20 000
1004 749 30 20 kr.

183 822 23 16 11
225 817 29 20 På
277 817 128 27 tilläggsstat
427 818 33 20 för
478 819 23 20 år
521 818 53 21 1921
593 820 84 20 anvisas
693 820 70 20 såsom
779 820 170 26 förslagsanslag,
966 820 67 26 högst,

241 847 42 20 100
292 847 43 21 000
351 848 30 20 kr.
399 848 33 20 till
448 849 146 20 förstärkande
610 856 26 14 av
652 849 100 26 anslagen
766 850 34 20 till
813 850 41 20 den
866 850 50 20 med
926 850 110 26 drottning

240 877 67 21 Sofias
330 878 90 20 stiftelse
443 878 100 21 förenade
567 879 158 21 vårdanstalten
749 880 33 20 för
806 880 73 20 blinda
899 880 137 20 dövstumma

239 907 40 20 och
296 907 74 21 blinda
385 908 118 21 sinnesslöa
519 915 27 14 m.
564 909 20 20 fl.
601 909 69 20 under
686 910 23 19 år
726 909 62 21 1921.

183 977 23 16 12
225 973 74 20 Såsom
316 973 160 27 rörelsekapital
491 974 33 20 för
539 974 103 27 styrelsen
658 975 33 20 för
706 975 192 21 hantverksskolan
914 976 7 19 i
933 976 100 20 Kristine-

240 1003 66 20 hamn
321 1003 33 20 för
370 1003 74 21 blinda
460 1004 84 20 anvisas
560 1005 12 19 å
588 1004 127 27 tilläggsstat
726 1005 68 21 under
805 1006 87 25 utgifter
903 1006 32 20 för
946 1006 89 26 kapital-

239 1033 80 25 ökning
335 1034 69 19 såsom
421 1034 170 26 förslagsanslag,
607 1035 68 25 högst,
693 1035 27 20 50
730 1035 42 20 000
789 1036 38 23 kr.,
843 1038 31 18 att
890 1036 50 25 utgå
955 1043 26 13 av
994 1035 33 21 till

239 1062 73 26 fälliga
328 1062 126 21 lånemedel.

183 1126 23 16 13
224 1122 37 19 RD
278 1121 123 27 godkänner
417 1122 43 21 ord.
478 1125 41 18 stat
535 1123 33 20 för
584 1123 159 21 vårdanstalten
759 1124 7 20 i
782 1124 62 20 Lund
856 1124 32 20 för
901 1124 73 21 blinda
985 1124 49 21 med

239 1152 141 26 komplicerat
402 1152 53 27 lyte;
479 1153 40 20 och
541 1154 101 26 uppföres
662 1154 33 20 för
714 1154 157 27 uppehållande
887 1161 26 14 av
929 1155 104 20 verksam-

240 1181 64 20 heten
320 1182 35 20 vid
372 1182 106 21 anstalten
494 1183 12 20 å
522 1183 43 20 ord.
583 1185 42 18 stat
641 1183 68 21 under
724 1184 101 20 rubriken
840 1192 7 10 »
852 1184 182 21 Vårdanstalten
1013 1177 24 37 i

239 1211 63 20 Lund
325 1212 33 20 för
378 1212 73 20 blinda
470 1212 50 21 med
536 1213 140 26 komplicerat
692 1214 55 26 lyte»
766 1216 31 18 ett
813 1214 91 20 bestämt
920 1214 73 26 anslag
1009 1221 25 13 av

241 1241 41 20 128
293 1241 42 20 400
351 1242 41 24 kr.;
409 1242 39 20 och
465 1243 84 20 anvisar
565 1243 37 20 RD
619 1244 27 26 på
661 1245 60 18 extra
736 1246 42 18 stat
794 1244 69 20 såsom
880 1244 104 20 särskilda
994 1244 39 20 för-

239 1271 136 26 slagsanslag,
393 1272 70 26 högst:
481 1272 33 20 till
530 1272 100 27 avlöning
646 1280 25 13 av
688 1276 60 18 extra
765 1274 106 20 ordinarie
882 1274 152 26 lärarpersonal

239 1301 40 20 och
295 1301 143 21 vaktmästare
455 1302 35 20 vid
506 1302 106 21 anstalten
630 1303 25 20 15
666 1303 41 21 500
724 1303 30 21 kr.
772 1306 56 18 samt
843 1304 33 20 till
887 1304 147 20 förstärkande

239 1338 26 13 av
281 1331 68 20 under
367 1332 84 25 »övriga
466 1332 100 26 utgifter»
579 1333 8 19 i
598 1335 69 18 staten
678 1336 109 24 upptagna
798 1334 176 26 utgiftsposterna
985 1333 49 21 med

240 1360 109 27 undantag
364 1361 34 20 för
416 1362 84 20 »läkare
516 1362 39 20 och
572 1362 114 27 sjukvård»
700 1365 56 18 samt
770 1363 93 21 »vårdar-
875 1364 39 20 och
925 1364 109 20 ekonomi-

240 1391 110 26 personal»
378 1391 79 21 17000
481 1392 41 24 kr.;
547 1392 39 20 och
606 1393 108 25 medgiver
729 1394 44 23 RD,
791 1396 31 18 att
837 1396 82 18 oavsett
934 1400 35 14 om
986 1394 25 20 de
1027 1394 7 19 i

241 1421 61 20 Lund
318 1421 68 20 under
401 1422 134 26 uppförande
552 1422 92 20 varande
660 1423 149 26 byggnaderna
825 1423 74 21 kunna
914 1424 33 20 för
958 1423 76 21 anstal-

240 1453 36 17 ten
296 1453 58 23 tagas
370 1452 7 19 i
393 1452 93 25 anspråk
505 1451 42 21 den
565 1452 10 20 1
592 1453 43 25 jan.
655 1452 63 24 1922,
735 1453 41 20 den
792 1453 44 20 ord.
854 1453 179 26 avlöningsstaten

240 1481 35 19 må
299 1480 61 21 träda
379 1481 7 19 i
402 1481 57 20 kraft
482 1482 24 19 fr.
524 1488 18 13 o.
561 1488 27 13 m.
614 1482 65 25 sagda
702 1482 108 27 tidpunkt,
835 1485 57 18 samt
915 1485 31 18 att
970 1483 26 20 de
1022 1484 13 19 å

240 1512 69 18 staten
332 1510 68 21 under
423 1511 101 20 rubriken
546 1512 83 25 »övriga
648 1512 98 26 utgifter»
766 1513 101 26 anslagna
883 1513 69 20 medel
969 1514 42 25 må,
1027 1513 7 20 i

240 1540 41 20 den
305 1541 51 19 mån
376 1541 61 20 KM:t
454 1543 75 24 prövar
544 1541 77 20 sådant
637 1542 80 26 nödigt,
734 1542 73 21 ställas
824 1543 33 20 till
873 1543 124 26 förfogande
1013 1543 22 20 åt

240 1570 103 26 styrelsen
359 1571 33 19 för
408 1570 109 27 drottning
533 1571 67 20 Sofias
616 1572 89 20 stiftelse
721 1572 33 20 för
770 1573 158 26 uppehållande
939 1579 26 13 av
976 1572 58 21 verk-

240 1600 111 20 samheten
374 1600 36 20 vid
434 1600 41 21 den
492 1601 49 20 med
557 1601 106 20 stiftelsen
679 1602 100 21 förenade
795 1602 166 26 vårdanstalten,
977 1602 56 20 intill

239 1629 48 21 dess
303 1630 178 26 överflyttningen
497 1631 34 20 till
547 1631 63 20 Lund
626 1631 42 20 kan
685 1633 39 24 äga
739 1639 57 17 rum;
814 1633 40 20 och
870 1632 104 20 förklarar
989 1632 44 25 RD,

239 1661 31 19 att
293 1660 200 20 föreståndarinnan
512 1661 35 20 fru
563 1661 110 20 Elisabeth
690 1662 161 26 Anrep-Nordin
867 1663 43 25 må,
926 1662 70 20 därest
1012 1663 23 19 så

239 1691 75 25 prövas
338 1690 105 26 lämpligt,
468 1692 52 19 utan
539 1691 77 20 hinder
634 1691 71 25 därav,
722 1694 31 18 att
768 1692 42 20 hon
827 1692 65 21 redan
909 1692 126 20 överskridit

239 1719 41 20 den
296 1720 7 19 i
319 1720 139 26 reglementet
477 1721 33 19 för
526 1720 195 21 dövstumlärarnas
738 1722 180 26 pensionsanstalt
933 1722 101 26 stadgade

239 1750 166 25 pensionsålder,
422 1750 74 20 kunna
511 1750 96 20 förordas
626 1752 70 19 såsom
712 1752 70 20 rektor
798 1752 35 20 vid
850 1752 113 25 anstalten,
980 1752 54 20 dock

240 1779 62 26 högst
317 1779 57 21 intill
391 1781 106 25 utgången
513 1787 26 13 av
556 1781 23 19 år
595 1780 63 21 1922.

184 1849 22 16 14
225 1845 40 20 För
289 1845 113 26 inredning
425 1846 39 19 och
481 1846 119 26 möblering
620 1853 25 13 av
662 1846 25 21 de
704 1854 42 19 nya
762 1847 150 27 byggnaderna
927 1848 33 19 för
975 1847 59 20 vård-

240 1875 105 20 anstalten
361 1875 7 20 i
384 1875 62 20 Lund
469 1876 34 19 för
527 1875 73 21 blinda
619 1876 50 20 med
688 1876 140 27 komplicerat
847 1877 43 26 lyte
906 1878 85 19 anvisas
1008 1878 27 25 på

239 1904 127 26 tilläggsstat
382 1905 33 19 för
430 1906 23 19 år
470 1905 55 20 1921
543 1908 31 18 ett
589 1907 214 26 reservationsanslag
819 1914 26 13 av
862 1907 27 20 30
899 1906 41 21 000
958 1907 38 24 kr.,
1008 1907 27 26 på

239 1936 61 18 extra
315 1936 42 19 stat
372 1935 33 20 för
420 1936 23 19 år
461 1935 56 20 1922
534 1937 30 19 ett
580 1936 214 27 reservationsanslag
809 1944 26 13 av
853 1937 41 20 175
904 1936 42 21 000
963 1937 31 20 kr.

197 2004 8 15 1
224 1999 42 20 För
281 1999 59 21 tiden
358 2000 10 20 1
385 2000 105 26 jan.—30
513 2001 48 26 juni
583 2001 55 20 1923
659 2004 103 24 upptages
778 2002 36 20 det
829 2002 44 20 ord.
891 2002 95 26 anslaget
1001 2002 33 20 till

240 2029 108 21 institutet
363 2030 40 20 och
419 2030 109 20 förskolan
544 2031 32 20 för
592 2031 74 20 blinda
681 2033 12 19 å
709 2032 132 20 Tomteboda
857 2032 49 21 med
923 2032 63 20 halva
1002 2032 43 20 be-|

240 2059 73 27 loppet
329 2059 52 21 eller
397 2059 77 21 51575
492 2060 30 20 kr.

1050 475 54 21 1921

1049 2000 56 23 1922

1123 475 18 20 Lo

1151 475 13 20 &

1115 510 57 22 p-199

1122 823 42 21 2:8

1120 859 46 22 p-66

1114 1015 38 17 Ufk
1161 1015 11 17 3

1125 1045 35 22 p.2

1122 1129 41 20 247

1121 1845 42 20 249

1122 2000 41 21 138

1114 2036 57 22 p.194

1180 1129 41 21 209

1233 1129 42 20 314

1302 476 11 20 e

1344 476 8 20 [Eg

1379 476 41 21 8A
1437 480 37 16 151

1380 632 38 20 8B|
1451 637 24 15 29

1381 825 38 21 8B|
1451 829 25 16 30

1378 980 41 21 115

1379 1130 40 20 149

1378 1845 41 20 150

1379 2001 40 20 8A

1494 476 40 20 8A

1543 483 32 14 130

1493 631 75 23 18819

1493 823 74 22 188119

1492 978 41 21 217

1494 1127 13 21 8
1516 1127 59 22 Ali3o

1600 476 33 20 26:
1644 481 25 16 65
1674 472 18 34 |
1695 476 33 21 31:
1740 482 38 15 160

1592 632 34 20 26:
1638 637 45 16 117)
1702 632 33 20 33:
1746 637 10 16 7

1681 684 2 10 I

1682 604 1 26 |

1682 656 1 26 |

1591 824 33 20 26:
1636 829 39 16 118]
1701 824 33 20 33:
1745 829 9 15 7

1599 980 34 20 35:
1644 985 25 15 26

1701 980 69 21 42:76

1592 1129 33 20 42:
1637 1128 41 21 god

1694 1128 33 21 53:
1738 1129 41 21 75d
