1849 2365
1623 82 42 21 637

83 261 191 27 Krigsförsäkring.

83 297 88 26 stycket
188 297 7 20 i
213 297 61 26 lagen
293 297 96 26 stadgas,
408 297 76 26 utgiva
498 297 122 26 ersättning
633 297 33 20 för
680 297 119 26 olycksfall,
814 303 46 14 som
874 297 101 20 inträffat

83 327 69 20 innan
165 327 61 26 lagen
239 328 56 19 trätt
306 327 6 20 i
324 327 67 20 kraft.

113 369 17 19 1.
148 369 41 19 RD
202 370 91 25 antager
304 369 81 26 förslag
396 369 33 19 till
441 369 35 26 lag
487 374 49 21 ang.
549 369 84 20 ändrad
645 368 81 27 lydelse
738 375 28 13 av
780 369 29 24 1$
820 368 62 26 lagen
895 368 41 20 den
950 368 22 20 11

82 398 47 26 juni
143 398 52 20 1937
207 399 35 25 (nr
252 398 50 26 348)
315 404 34 14 om
361 398 182 26 krigsförsäkring
554 399 33 19 för
598 399 91 19 ombord
700 399 12 19 å
724 398 73 26 fartyg
808 398 166 26 tjänstgörande

83 434 101 20 personer
202 430 58 18 samt
278 428 33 20 till
329 428 126 26 förordning
474 434 34 14 om
523 428 75 26 tillägg
612 428 32 20 till
658 428 153 26 förordningen
825 428 41 20 den
882 428 25 20 13
921 428 54 26 april

84 458 53 20 1940
149 458 35 25 (nr
195 458 50 25 213)
258 464 35 14 om
305 458 122 26 ersättning
438 464 28 14 av
478 458 127 20 statsmedel
617 458 6 20 i
635 458 57 20 vissa
704 458 37 20 fall
753 458 33 20 för
797 458 67 20 skada
877 458 32 19 till
921 458 53 25 följd

83 493 28 14 av
124 488 120 25 olycksfall,
257 494 46 14 som
315 488 133 20 förorsakats
460 494 28 14 av
499 488 144 26 krigsåtgärd.

111 518 20 19 2.
148 517 42 20 RD
209 519 90 25 antager
316 517 80 27 förslag
413 518 33 19 till
463 518 35 26 lag
514 523 49 21 ang.
582 517 83 20 ändrad
678 517 81 27 lydelse
772 523 28 14 av
815 517 29 25 1$
858 517 61 26 lagen
934 517 40 20 den

85 547 25 20 10
120 553 58 14 mars
190 547 52 21 1939
253 548 34 25 (nr
297 547 35 26 68)
343 553 34 15 om
388 547 75 26 statlig
472 547 181 26 krigsförsäkring
662 553 29 14 m.
701 553 29 14 m.
741 549 58 18 samt
808 547 125 26 samtycker
942 547 32 20 till

83 578 35 18 att
128 577 65 19 KM:t
202 577 55 19 efter
268 577 131 19 utfärdande
409 583 28 14 av
448 577 40 19 den
499 577 120 26 föreslagna
630 577 61 26 lagen
701 577 112 19 meddelar
822 576 152 24 förordnande,

83 612 47 14 som
147 612 62 14 avses
225 606 6 20 i
249 607 29 25 1$
295 606 62 26 lagen
374 612 35 14 om
425 606 75 26 statlig
515 606 181 26 krigsförsäkring
711 612 68 14 m.m.
797 606 6 20 i
819 606 48 20 dess
883 606 91 20 sålunda

83 636 98 20 ändrade
195 636 88 26 lydelse,
298 637 36 19 att
346 636 56 26 gälla
417 636 44 20 tills
475 636 81 20 vidare.

111 666 19 19 3.
149 665 42 20 RD
202 666 118 26 medgiver,
332 667 35 18 att
377 666 26 19 de
414 665 33 20 till
457 667 84 19 statens
552 665 285 27 krigsförsäkringsnämnds
848 665 126 26 förfogande

83 695 92 20 stående
185 695 85 20 medlen
281 696 36 19 må
329 695 125 26 disponeras
465 695 34 20 för
508 695 143 20 meddelande
661 695 83 26 jämväl
755 701 28 14 av
794 695 49 20 civil
854 696 121 25 transport-

83 724 123 27 försäkring
217 725 23 20 åt
251 725 89 26 statliga
351 725 154 26 myndigheter
516 725 39 20 och
567 725 155 20 institutioner.

113 766 42 20 RD
166 768 91 24 antager
266 766 81 27 förslag
357 766 32 20 till
399 767 41 25 lag.
452 772 49 21 ang.
512 767 84 19 ändrad
606 767 80 25 lydelse
696 772 28 14 av
734 767 13 20 2
757 767 40 19 och
807 767 13 19 3
830 767 20 25 $$
860 766 62 26 lagen
933 766 40 20 den

86 796 21 20 11
117 796 48 26 juni
174 796 53 20 1937
236 796 34 26 (nr
277 796 50 26 348)
336 802 34 14 om
378 796 182 26 krigsförsäkring
568 796 33 20 för
609 796 90 20 ombord
708 796 12 20 å
728 796 73 26 fartyg
809 796 165 26 tjänstgörande

84 831 108 20 personer.

113 867 43 20 RD
168 867 118 26 medgiver,
298 869 35 18 att
344 867 37 20 det
391 867 34 20 för
435 867 131 26 budgetåret
577 867 87 26 1940/41
678 867 12 20 å
700 867 195 26 kapitalbudgeten
907 867 68 19 under

84 896 81 20 fonden
174 896 34 21 för
217 897 69 26 förlag
299 897 33 20 till
346 897 134 20 statsverket
493 897 104 20 anvisade
606 897 243 26 reservationsanslaget
858 896 33 21 till
900 897 75 25 statlig

84 926 181 27 krigsförsäkring
275 927 36 20 må
322 926 22 20 få
355 926 125 27 disponeras
492 927 69 20 under
571 927 131 26 budgetåret
714 927 96 26 1944/45.

112 968 42 20 RD
166 968 118 26 medgiver,
296 969 35 19 att
342 968 38 20 det
390 968 33 20 för
434 968 130 26 budgetåret
577 968 87 26 1940/41
677 968 13 20 å
700 968 195 26 kapitalbudgeten
907 968 68 19 under

84 997 81 20 fonden
180 997 34 21 för
228 998 69 26 förlag
311 997 33 21 till
359 998 134 20 statsverket
507 998 104 20 anvisade
626 998 98 26 anslaget
738 998 33 20 till
785 998 75 26 statlig
874 997 101 27 krigsför-

84 1027 87 26 säkring
184 1028 36 19 må
234 1027 125 27 disponeras
373 1028 68 20 under
454 1028 131 26 budgetåret
599 1027 97 27 1945/46.

113 1069 42 19 RD
168 1069 111 26 medgiver
290 1070 35 19 att
337 1070 84 19 statens
433 1069 275 26 krigsförsäkringsnämnd
721 1069 149 26 bemyndigas,
884 1069 44 20 dels
940 1070 35 19 att

84 1099 50 20 med
152 1099 87 26 privata
256 1099 241 26 försäkringsanstalter
513 1099 51 20 eller
580 1099 197 26 sammanslutning
793 1105 29 14 av
838 1099 82 20 sådana
938 1104 37 14 an-

84 1128 77 20 stalter
174 1129 66 20 träffa
254 1129 60 20 avtal
329 1129 75 20 därom
418 1130 35 19 att
466 1130 72 19 staten
552 1129 37 19 vid
602 1129 120 20 eventuellt
735 1129 86 19 utbrott
834 1135 28 13 av
875 1130 33 18 ett
920 1128 54 26 krig,

84 1164 46 14 som
141 1160 25 18 är
176 1160 67 24 ägnat
254 1160 34 18 att
299 1158 7 20 i
316 1158 108 27 väsentlig
435 1159 53 25 grad
499 1159 76 20 beröra
586 1159 79 19 svensk
676 1158 79 20 handel
767 1159 39 19 och
817 1158 84 26 sjöfart,
913 1160 62 18 auto-

84 1187 92 21 matiskt
190 1189 114 25 övertager
318 1188 42 20 alla
374 1194 28 14 av
417 1188 135 20 anstalterna
567 1188 150 20 dessförinnan
732 1188 71 20 direkt
817 1188 50 19 eller
881 1188 94 20 indirekt

83 1217 115 24 tecknade,
208 1218 18 25 ej
237 1218 96 26 avlupna
343 1218 207 26 krigsförsäkringar
558 1218 12 20 å
579 1218 93 20 svenska
681 1218 91 20 aliment
781 1218 194 26 (försäkringsbara

83 1247 106 20 intressen
202 1248 6 19 i
221 1248 60 25 fråga
296 1254 35 14 om
344 1248 80 26 fartyg,
438 1248 66 19 laster
517 1248 40 20 och
570 1247 98 26 frakter),
683 1247 44 20 dels
740 1248 40 19 ock
793 1249 35 18 att
840 1247 66 20 träffa
920 1248 55 19 åter-

83 1277 196 26 försäkringsavtal
296 1279 42 18 rör.
355 1277 122 26 försäkring
494 1277 34 20 för
544 1277 120 26 olycksfall,
681 1283 47 14 som
745 1277 32 20 till
794 1277 54 26 följd
864 1283 28 13 av
908 1277 67 26 krigs-

83 1306 78 26 åtgärd
172 1307 96 20 drabbar
277 1307 13 20 å
300 1307 73 26 fartyg
383 1307 51 20 eller
443 1308 69 19 annat
521 1307 184 26 transportmedel
714 1307 166 26 tjänstgörande
890 1312 84 20 person,

84 1337 74 19 avsett
168 1338 35 18 att
213 1337 63 19 träda
287 1336 6 20 i
304 1336 138 26 tillämpning
452 1336 38 21 vid
499 1336 148 26 krigsutbrott
657 1342 46 14 som
714 1343 51 19 nyss
775 1338 65 24 sagts.

113 1366 26 20 Se
152 1366 40 19 ock
205 1366 244 26 Olycksfallsförsäkring
461 1366 70 26 (1946,
546 1366 69 27 1948).

84 1419 320 21 KRIGSHANDELSLAGEN.

113 1454 43 20 RD
169 1456 91 25 antager
273 1455 79 26 förslag
364 1455 33 20 till
409 1455 35 26 lag
457 1461 34 14 om
505 1455 90 20 fortsatt
607 1455 101 26 giltighet
720 1461 28 14 av
761 1455 62 26 lagen
836 1455 41 19 den
890 1455 26 20 30
929 1454 45 20 dec.

87 1484 52 20 1939
155 1484 35 26 (nr
205 1484 49 27 951)
271 1490 48 21 ang.
336 1485 57 20 vissa
410 1485 124 20 utfästelser
549 1486 41 19 rör.
607 1485 86 20 införsel
710 1485 39 19 och
765 1484 89 20 utförsel
870 1490 28 14 av
912 1490 64 14 varor

85 1520 28 14 m.
129 1520 29 14 m.

114 1555 43 21 D:o

115 1597 42 20 D:o

115 1639 42 19 D:o

115 1680 42 20 D:o

115 1721 43 21 D:o

85 1774 270 25 KRIGSINDUSTRIEN;
372 1780 21 14 se
409 1774 79 20 Armén
505 1774 61 26 (1941
578 1774 28 20 H:
619 1774 26 27 5),
664 1774 70 20 Enkla
749 1774 70 26 frågor
835 1774 60 26 (1941
908 1774 27 20 H:
948 1774 26 26 5),

115 1804 165 20 Försvarsväsen
292 1804 80 26 (1943),
384 1804 232 26 Krigsmaterielverket.

86 1857 252 25 KRIGSINVALIDER;
353 1864 22 13 se
390 1857 77 21 Hälso-
481 1857 36 21 och
532 1857 107 26 sjukvård,
657 1857 180 27 Interpellationer
852 1857 69 26 (1942:
934 1857 40 26 44).

86 1905 204 20 KRIGSKARTOR
307 1901 73 24 ÖVER
399 1905 128 24 SVERIGE;
545 1911 22 14 se
587 1905 171 20 Försvarsstaben
778 1905 63 26 (1946
851 1905 37 25 H),
910 1905 65 19 Inter-

114 1934 123 27 pellationer
252 1935 70 26 (1944:
336 1935 39 26 17).

87 1978 277 29 KRIGSKASSEVÄSEN;
377 1988 21 14 se
413 1983 163 20 Försvarsväsen
590 1982 70 26 (1944:
674 1982 38 26 15).

87 2030 219 25 KRIGSKIRURGI;
314 2036 22 14 se
347 2030 150 21 Universiteten
507 2030 63 26 (1946
579 2029 33 27 ff),
625 2029 236 22 Universitetsändamål
869 2029 63 27 (1942
941 2029 32 27 ff).

87 2078 379 24 KRIGSKONJUNKTURSKATT;
481 2084 22 14 se
519 2077 181 27 Bevillningarna,
718 2077 179 27 Interpellationer

116 2107 61 26 (1941
196 2108 28 20 H:
237 2110 16 21 7,
272 2107 59 21 1943:
345 2110 30 21 47,
394 2108 59 19 1946:
466 2107 40 26 41),
524 2107 139 21 Skatteväsen.

1129 172 81 16 Motionei
1266 168 90 28 Utskott
1519 172 93 16 Protokoll

995 192 101 24 fälnen
1176 177 44 11 ioner
1400 168 57 59 Skriv.
1533 177 65 11 rotoko
1651 208 3 1 :

1124 225 33 16 FK
1156 221 26 29 |
1186 225 36 16 AK
1243 225 85 16 |SmllAvd!
1352 226 26 15 Nr
1496 226 33 15 FK
1595 226 35 16 AK

995 368 27 20 421
1051 368 39 20 1071
1135 380 27 2 —I
1200 380 21 2 —J]
1262 368 12 20 91
1310 368 12 20 21
1362 368 182 20 171151115:34
1578 369 65 20 115:51

1004 523 8 14 »
1050 517 40 20 [235]
1135 529 27 2 —]
1200 529 27 2 —JI
1262 517 12 20 91
1310 517 12 20 21
1360 517 148 20 321292120:
1520 519 23 18 81
1549 513 22 35 |
1576 518 33 19 21:
1621 520 24 17 20

1005 671 8 13 »
1027 661 18 33 |
1052 665 38 19 1681
1135 677 28 2 —I
1200 677 27 2 —I
1262 665 60 19 61|—]
1348 665 38 19 1381
1411 665 40 20 3171
1476 665 68 20 21:19
1549 661 22 33 |
1576 666 33 19 21:
1621 668 23 17 42

995 766 26 20 431
1064 765 27 20 841
1135 778 28 2 —I
1200 777 27 3 —I
1262 765 12 20 91
1309 766 13 19 21
1360 766 184 20 201135113:12
1556 761 13 34 |
1578 767 66 19 13:57

995 866 27 20 441
1052 866 39 20 163]
1135 878 27 2 —|
1199 878 27 2 —]I
1262 866 60 19 61—1]
1360 866 170 20 901231115:6
1578 867 67 20 15:19

1041 903 15 12 s.
1068 898 36 17 106
1348 903 14 12 s.
1375 898 10 17 4

995 967 27 20 451
1051 967 39 20 163
1099 963 22 34 |
1135 979 27 2 —|
1200 979 27 2 —I
1262 967 60 19 61—]
1360 967 183 21 861198118:51
1547 963 22 34 |
1578 968 30 20 18:
1620 970 24 17 95

1045 1004 15 12 s.
1073 999 24 17 79

995 1068 27 20 461
1050 1068 40 20 338
1100 1064 27 35 |
1135 1080 27 2 —
1186 1068 40 20 15631
1262 1068 60 19 61|—
1316 1064 23 35 |
1346 1068 40 20 277
1393 1064 14 35 |
1411 1068 40 20 497
1454 1064 19 35 |
1476 1069 32 19 36:
1523 1071 36 17 1021
1576 1069 32 20 36:
1622 1072 38 16 119

998 1098 20 20 EH

996 1454 24 19 411
1064 1454 26 19 53
1104 1450 14 34 Il
1135 1466 28 2 —I
1200 1466 27 2 —I
1262 1454 12 19 91
1311 1454 9 19 11
1362 1454 25 20 121
1426 1454 119 20 77113:24
1557 1450 13 34 |
1579 1455 30 19 13:
1621 1457 24 17 20

996 1554 27 21 421
1052 1555 39 20 184
1100 1550 27 36 |
1136 1567 27 2 —I
1200 1566 28 3 —1I
1262 1554 13 21 91
1312 1555 8 20 11
1361 1555 184 20 291181116:40
1552 1550 19 36 1
1578 1556 67 20 16:37

996 1596 26 20 431
1052 1596 39 20 100
1101 1592 27 35 |
1135 1608 28 3 —I
1200 1608 27 2 —TI
1262 1596 12 20 91
1311 1596 9 20 11
1361 1596 183 21 201112112:67
1549 1592 23 35 |
1578 1597 31 20 12:
1623 1600 37 17 100

995 1638 28 19 441
1053 1638 38 19 114
1101 1634 26 34 |
1135 1650 28 2 —I
1200 1650 27 2 —II
1262 1638 12 20 91
1311 1638 9 19 11
1361 1638 184 20 301221115:35
1552 1634 17 34 |
1579 1639 30 20 15:
1621 1641 24 18 73

995 1679 27 20 451
1065 1680 26 20 591
1135 1691 27 3 —I
1200 1691 27 3 —IJ]
1262 1679 12 21 9/1
1312 1679 8 20 11
1361 1680 148 20 321300122:
1521 1682 24 18 68
1544 1675 27 35 |
1577 1681 32 19 22:
1621 1683 24 17 93

995 1720 27 20 461
1052 1721 39 20 189
1100 1716 27 35 I
1135 1733 27 2 —I
1200 1733 27 2 —IJI
1262 1721 12 20 91
1311 1721 8 19 11
1361 1721 183 20 271188115:57
1548 1716 23 35 |
1578 1722 31 20 15:
1623 1724 35 18 101
