1805 2336
744 77 222 20 SAKREGISTER

1616 76 36 19 171

72 263 327 25 Budgetutjämningsfonden

117 293 275 25 getutjämningsfonden
408 293 36 20 för
459 294 34 19 att
508 293 41 20 där
564 293 157 20 särredovisas
736 294 61 19 samt
812 293 34 20 att
860 293 100 19 motsva-

118 323 72 20 rande
201 323 84 25 belopp
296 323 38 20 må
345 329 28 14 av
384 323 168 20 statskontoret
563 322 119 21 överföras
692 323 35 20 till
738 323 33 20 ett
782 322 95 21 särskilt
888 322 71 20 konto

118 353 7 20 i
138 352 151 21 riksbanken.

117 400 40 20 RD
174 400 124 25 medgiver,
315 401 35 19 att
365 400 134 25 avsättning
515 406 28 14 av
558 400 290 20 kommunalskattemedel
865 400 38 19 må
919 400 41 20 ske

117 430 35 20 till
168 429 324 26 budgetutjämningsfonden
508 430 36 19 för
559 429 137 26 budgetåret
712 429 90 21 1956/57
818 429 36 20 för
870 431 33 19 att
918 430 42 19 där

118 459 166 24 särredovisas,
302 460 34 19 att
353 460 7 19 i
377 459 102 25 enlighet
496 460 51 20 med
565 460 7 19 i
589 459 256 25 statsrådsprotokollet
862 460 54 19 över
933 459 27 20 fi-

118 489 164 20 nansärenden
296 489 36 20 för
345 489 44 20 den
403 489 26 20 13
442 489 58 25 april
515 489 55 21 1956
583 489 124 20 förordade
719 489 101 25 grunder
832 490 33 19 ett
876 489 84 25 belopp

118 525 28 14 av
160 519 26 20 75
201 518 59 25 milj.
274 519 86 19 kronor
374 519 37 20 må
424 519 103 20 avsättas
540 519 35 20 till
588 519 322 25 budgetutjämningsfonden
924 519 36 19 för

117 548 138 25 budgetåret
267 548 90 20 1956/57
369 548 36 20 för
416 550 34 18 att
460 548 42 20 där
513 549 157 19 särredovisas
681 550 61 18 samt
752 549 34 19 att
796 548 164 20 motsvarande

118 577 83 25 belopp
213 577 37 20 må
261 583 28 14 av
300 578 169 20 statskontoret
479 578 119 20 överföras
609 578 34 19 till
654 579 32 19 ett
696 578 96 20 särskilt
802 578 72 19 konto
883 578 8 20 i
901 577 59 20 riks-

117 607 93 20 banken
225 608 61 19 samt
300 608 33 19 att
347 607 83 25 belopp
444 607 164 20 motsvarande
622 607 74 20 under
709 607 143 25 budgetåren
867 607 92 24 1955/56

118 637 43 19 och
176 636 90 21 1956/57
279 637 74 20 under
366 637 178 20 riksstatstiteln
556 637 87 20 fonden
655 637 37 19 för
704 638 88 19 statens
805 637 74 20 aktier
890 637 70 25 infly-

117 666 71 20 tande
198 666 141 25 avkastning
349 672 28 14 av
387 667 75 19 staten
473 666 118 25 tillhöriga
601 666 75 20 aktier
685 667 7 19 i
703 666 257 21 Luossavaara--Kiiru-

118 702 103 14 navaara
234 696 47 20 akt.
295 696 38 20 må
346 696 74 20 under
433 696 130 24 respektive
576 696 112 25 budgetår
701 697 103 19 avsättas
817 696 35 20 till
864 696 95 25 budget-

118 725 236 25 utjämningsfonden
366 725 36 20 för
413 727 34 19 att
458 726 42 19 där
510 725 158 21 särredovisas
680 727 61 19 samt
752 727 33 19 att
796 726 164 20 motsvarande

118 755 83 25 belopp
212 755 38 20 må
261 761 28 14 av
300 755 169 21 statskontoret
479 755 119 20 överföras
608 756 36 19 till
654 757 32 19 ett
696 755 96 21 särskilt
802 756 72 20 konto
883 756 8 20 i
901 756 59 20 riks-

117 785 101 20 banken.

118 832 39 20 RD
174 832 125 25 medgiver,
315 833 34 19 att
365 832 134 25 avsättning
515 839 27 14 av
558 832 291 21 kommunalskattemedel
865 833 39 20 må
919 833 41 20 ske

117 862 35 20 till
168 862 324 25 budgetutjämningsfonden
508 861 36 21 för
559 862 137 25 budgetåret
712 862 90 21 1957/58
818 862 37 21 för
869 864 34 19 att
918 863 42 20 där

118 892 169 23 särredovisas;
305 892 44 20 och
366 892 117 25 medgiver
499 892 39 20 RD
556 893 33 19 att
605 892 7 20 i
629 892 101 25 enlighet
746 893 52 19 med
815 892 27 21 de
858 892 101 25 grunder

118 927 50 14 som
179 921 7 20 i
197 921 257 25 statsrådsprotokollet
464 922 54 20 över
528 921 183 21 finansärenden
721 922 37 20 för
767 922 44 20 den
821 922 13 20 3
843 922 49 25 jan.
904 922 54 20 1957

119 951 117 20 förordats
249 952 33 19 ett
293 951 85 25 belopp
389 957 28 14 av
430 951 41 20 100
484 951 59 25 milj.
554 951 87 20 kronor
654 951 37 20 må
703 951 103 20 avsättas
818 952 34 20 till
864 951 95 25 budget-

118 981 236 24 utjämningsfonden
365 981 36 19 för
411 980 136 26 budgetåret
559 980 90 21 1957/58
660 980 37 20 för
706 982 34 19 att
750 981 42 20 där
802 981 157 20 särredovisas

118 1011 62 19 samt
193 1011 35 19 att
242 1011 164 19 motsvarande
419 1010 84 25 belopp
517 1010 37 20 må
568 1016 28 14 av
610 1010 169 21 statskontoret
792 1010 118 21 överföras
924 1011 35 20 till

117 1041 33 19 ett
160 1040 96 20 särskilt
266 1040 72 20 konto
348 1040 7 20 i
365 1040 151 20 riksbanken.

118 1087 39 20 RD
174 1087 125 25 medgiver,
315 1088 34 19 att
365 1087 134 25 avsättning
515 1093 27 14 av
559 1087 290 21 kommunalskattemedel
865 1088 38 20 må
919 1087 40 21 ske

117 1117 35 20 till
168 1117 324 25 budgetutjämningsfonden
508 1117 36 20 för
559 1117 137 25 budgetåret
712 1117 90 20 1958/59
818 1117 37 20 för
870 1118 33 20 att
918 1118 42 20 där

118 1147 158 20 särredovisas
293 1147 62 20 samt
371 1147 34 20 att
421 1147 8 19 i
446 1146 102 25 enlighet
564 1147 52 19 med
633 1147 27 20 de
676 1147 109 25 grunder,
802 1153 49 14 som
868 1148 7 19 i
892 1148 68 20 stats-

118 1176 197 25 rådsprotokollet
325 1177 54 19 över
390 1176 183 20 finansärenden
584 1176 36 20 för
630 1177 44 19 den
685 1176 13 21 3
708 1176 48 25 jan.
769 1176 55 21 1958
835 1176 124 25 förordats,

118 1207 27 20 de
158 1206 74 20 medel
245 1206 113 20 avseende
370 1206 125 25 tillfälliga,
507 1206 257 25 konjunkturpolitiskt
774 1206 140 25 betingande
926 1207 34 20 in-

118 1236 110 23 komster,
244 1236 63 20 vilka
321 1235 98 25 tidigare
434 1236 88 19 avsatts
537 1235 34 20 till
586 1235 322 26 budgetutjämningsfonden
923 1236 37 20 för

118 1267 34 19 att
165 1266 42 20 där
219 1265 166 23 särredovisas,
397 1265 38 20 må
447 1266 65 24 tagas
524 1266 7 19 i
544 1265 103 25 anspråk
658 1265 37 20 för
707 1265 148 26 avbetalning
866 1266 14 20 å
891 1267 68 19 stats-

118 1296 106 20 skulden.

118 1344 38 19 RD
174 1343 124 25 medgiver,
315 1344 34 19 att
365 1343 134 24 avsättning
515 1348 27 14 av
558 1342 291 21 kommunalskattemedel
865 1343 38 20 må
919 1343 41 20 ske

117 1373 35 20 till
168 1372 324 26 budgetutjämningsfonden
508 1372 36 20 för
559 1372 137 25 budgetåret
711 1372 91 21 1959/60
818 1372 36 20 för
869 1373 34 20 att
918 1373 42 20 där

117 1403 166 20 särredovisas.

118 1450 39 20 RD
174 1450 124 24 medgiver,
315 1450 34 19 att
365 1449 134 25 avsättning
515 1455 28 14 av
558 1449 291 20 kommunalskattemedel
865 1449 38 20 må
919 1449 40 21 ske

117 1480 35 19 till
168 1478 324 26 budgetutjämningsfonden
508 1478 36 20 för
558 1478 137 25 budgetåret
712 1478 88 21 1960/61
818 1479 36 20 för
869 1480 34 20 att
918 1480 41 19 där

117 1509 166 20 särredovisas.

70 1549 223 24 BUDGETVÄSEN;
312 1556 24 14 se
346 1549 188 25 Statsbudgeten.

70 1592 125 23 BULLER;
213 1598 24 14 se
248 1592 64 19 Döva
328 1591 79 23 (1955:
420 1596 32 19 18,
466 1591 65 20 1956:
545 1591 46 23 16),
602 1590 203 26 Interpellationer
820 1591 78 23 (1953:
910 1592 48 23 91),

118 1621 165 25 Trafikbuller.

70 1661 303 22 BULLERSTÖRNINGAR
394 1662 53 20 från
462 1662 89 25 reaflyg
565 1668 24 14 se
601 1662 203 25 Interpellationer
821 1662 78 23 (1958:
911 1662 47 24 66).

69 1704 176 20 BULLTOFTA
259 1703 179 24 FLYGPLATS;
457 1710 24 14 se
491 1704 105 24 Luftfart
611 1704 79 23 (1951:
702 1704 33 23 4).

70 1745 121 24 BUSSAR;
207 1751 24 14 se
241 1744 168 21 Automobiler.

70 1792 275 24 BUSSLINJETRAFIK;
366 1799 23 14 se
407 1792 76 20 Enkla
500 1792 80 25 frågor
601 1792 125 24 (1957:61,
745 1793 126 23 1960:30),
888 1793 72 20 Inter-

117 1821 139 26 pellationer
274 1822 78 24 (1959:
366 1822 62 24 104),
442 1822 138 25 Järnvägar,
595 1822 150 25 Uppskjutna
759 1822 101 20 ärenden

120 1852 79 23 (1954:
211 1852 33 23 2).

70 1899 178 21 BUSTOMTEN
264 1900 22 19 1!
307 1905 23 14 se
342 1899 176 24 Avsöndringar
534 1899 127 24 (1954:13)

69 1946 377 21 BUTIKSTÄNGNINGSLAGEN.

117 1976 39 20 RD
173 1977 96 24 antager
285 1976 37 19 för
337 1976 37 20 sin
390 1976 36 20 del
442 1976 37 25 lag
494 1982 38 13 om
548 1976 99 25 ändring
662 1976 7 20 i
684 1976 274 25 butikstängningslagen

118 2006 44 19 den
176 2006 26 19 21
217 2005 44 25 juli
277 2005 55 20 1948
349 2005 40 23 (nr
402 2005 53 24 608)
476 2005 128 24 (utsträckt
617 2005 180 25 öppethållande
810 2012 28 14 av
850 2006 68 20 butik
930 2012 29 14 en

118 2036 43 24 dag
172 2035 7 20 i
192 2035 110 23 veckan).

118 2065 28 20 Se
156 2065 43 20 ock
208 2064 127 25 Arbetstid,
347 2064 79 20 Tobak
439 2065 78 23 (1957:
530 2065 33 23 3),
574 2065 149 24 Uppskjulna
733 2065 102 20 ärenden

121 2094 79 24 (1953:
212 2094 33 24 6).

1115 169 88 16 Motioner

1269 168 70 17 Utskott

1388 180 56 17 Skriv.

1505 168 90 17 Protokoll

1112 223 29 16 FK

1176 223 32 16 AK

1230 221 86 19 SmllAvd|
1339 222 26 17 Nr

1407 210 21 11 nr

1485 223 30 16 FK
1584 223 32 16 AK

983 833 29 22 57

983 1344 29 22 59

983 1451 29 21 60

982 1978 29 22 56

1030 835 33 20 1:1

1030 1090 33 20 AE

1030 1346 33 20 1:1

1030 1453 33 19 EA

1040 1487 33 15 150

1034 1980 42 20 162

1104 1980 40 20 571

1104 2010 43 19 576

1104 2040 41 19 577

1171 403 40 20 791

1171 433 42 20 792

1170 1980 43 20 754

1170 2010 42 19 764

1170 2039 42 20 765

1253 1347 13 20 6)
1289 1358 26 2 —
1321 1343 49 35 131

1253 1454 13 19 6)
1289 1450 33 34 —|
1321 1450 51 34 138

1344 2010 28 20 40

1395 403 43 20 334

1394 836 44 20 333

1394 1347 44 20 299

1395 1453 43 20 319

1395 1980 43 20 346

1454 403 35 20 24:
1505 408 22 15 79
1554 403 92 21 124:103d

1453 835 74 20 22:100
1554 836 73 20 |22:166

1468 1090 20 20 4:
1505 1095 21 15 47
1532 1086 26 34 |
1569 1091 58 20 4:109

1453 1346 74 20 21:125
1554 1347 36 20 122:
1607 1351 20 15 15

1455 1453 71 20 19:136
1556 1454 34 19 119:
1606 1453 40 20 98d

1454 1980 136 20 20:136d/21:
1607 1980 39 20 13d

1453 2010 36 20 24:
1504 2015 21 15 81
1554 2010 73 20 |24:162
