<?xml version="1.0" encoding="UTF-8"?>
<alto xmlns="http://www.loc.gov/standards/alto/ns-v3#" xmlns:xlink="http://www.w3.org/1999/xlink" xmlns:xsi="http://www.w3.org/2001/XMLSchema-instance" xsi:schemaLocation="http://www.loc.gov/standards/alto/ns-v3# http://www.loc.gov/alto/v3/alto-3-0.xsd">
	<Description>
		<MeasurementUnit>pixel</MeasurementUnit>
		<sourceImageInformation>
			<fileName></fileName>
		</sourceImageInformation>
		<OCRProcessing ID="OCR_0">
			<ocrProcessingStep>
				<processingSoftware>
					<softwareName>tesseract 4.1.1</softwareName>
				</processingSoftware>
			</ocrProcessingStep>
		</OCRProcessing>
	</Description>
	<Layout>
		<Page WIDTH="1837" HEIGHT="2352" PHYSICAL_IMG_NR="0" ID="page_0">
			<PrintSpace HPOS="0" VPOS="0" WIDTH="1837" HEIGHT="2352">
				<ComposedBlock ID="cblock_0" HPOS="0" VPOS="712" WIDTH="6" HEIGHT="1253">
					<TextBlock ID="block_0" HPOS="0" VPOS="712" WIDTH="6" HEIGHT="1253">
						<TextLine ID="line_0" HPOS="0" VPOS="712" WIDTH="6" HEIGHT="1253">
							<String ID="string_0" HPOS="0" VPOS="712" WIDTH="6" HEIGHT="1253" WC="0.95" CONTENT=" "/>
						</TextLine>
					</TextBlock>
				</ComposedBlock>
				<ComposedBlock ID="cblock_1" HPOS="58" VPOS="221" WIDTH="16" HEIGHT="1855">
					<TextBlock ID="block_1" HPOS="58" VPOS="221" WIDTH="16" HEIGHT="1855">
						<TextLine ID="line_1" HPOS="58" VPOS="221" WIDTH="16" HEIGHT="1855">
							<String ID="string_1" HPOS="58" VPOS="221" WIDTH="16" HEIGHT="1855" WC="0.95" CONTENT=" "/>
						</TextLine>
					</TextBlock>
				</ComposedBlock>
				<ComposedBlock ID="cblock_2" HPOS="880" VPOS="0" WIDTH="956" HEIGHT="4">
					<TextBlock ID="block_2" HPOS="880" VPOS="0" WIDTH="956" HEIGHT="4">
						<TextLine ID="line_2" HPOS="880" VPOS="0" WIDTH="956" HEIGHT="4">
							<String ID="string_2" HPOS="880" VPOS="0" WIDTH="956" HEIGHT="4" WC="0.95" CONTENT=" "/>
						</TextLine>
					</TextBlock>
				</ComposedBlock>
				<ComposedBlock ID="cblock_3" HPOS="800" VPOS="162" WIDTH="136" HEIGHT="15">
					<TextBlock ID="block_3" HPOS="800" VPOS="162" WIDTH="136" HEIGHT="15">
						<TextLine ID="line_3" HPOS="800" VPOS="162" WIDTH="136" HEIGHT="15">
							<String ID="string_3" HPOS="800" VPOS="162" WIDTH="136" HEIGHT="15" WC="0.92" CONTENT="SAKREGISTER"/>
						</TextLine>
					</TextBlock>
				</ComposedBlock>
				<ComposedBlock ID="cblock_4" HPOS="1643" VPOS="156" WIDTH="26" HEIGHT="20">
					<TextBlock ID="block_4" HPOS="1643" VPOS="156" WIDTH="26" HEIGHT="20">
						<TextLine ID="line_4" HPOS="1643" VPOS="156" WIDTH="26" HEIGHT="20">
							<String ID="string_4" HPOS="1643" VPOS="156" WIDTH="26" HEIGHT="20" WC="0.94" CONTENT="11"/>
						</TextLine>
					</TextBlock>
				</ComposedBlock>
				<ComposedBlock ID="cblock_5" HPOS="532" VPOS="202" WIDTH="1139" HEIGHT="14">
					<TextBlock ID="block_5" HPOS="532" VPOS="202" WIDTH="1139" HEIGHT="14">
						<TextLine ID="line_5" HPOS="532" VPOS="202" WIDTH="1139" HEIGHT="14">
							<String ID="string_5" HPOS="532" VPOS="202" WIDTH="1139" HEIGHT="14" WC="0.95" CONTENT=" "/>
						</TextLine>
					</TextBlock>
				</ComposedBlock>
				<ComposedBlock ID="cblock_6" HPOS="532" VPOS="202" WIDTH="1139" HEIGHT="14">
					<TextBlock ID="block_6" HPOS="532" VPOS="202" WIDTH="1139" HEIGHT="14">
						<TextLine ID="line_6" HPOS="532" VPOS="202" WIDTH="1139" HEIGHT="14">
							<String ID="string_6" HPOS="532" VPOS="202" WIDTH="1139" HEIGHT="14" WC="0.95" CONTENT=" "/>
						</TextLine>
					</TextBlock>
				</ComposedBlock>
				<ComposedBlock ID="cblock_7" HPOS="532" VPOS="207" WIDTH="1139" HEIGHT="13">
					<TextBlock ID="block_7" HPOS="532" VPOS="207" WIDTH="1139" HEIGHT="13">
						<TextLine ID="line_7" HPOS="532" VPOS="207" WIDTH="1139" HEIGHT="13">
							<String ID="string_7" HPOS="532" VPOS="207" WIDTH="1139" HEIGHT="13" WC="0.95" CONTENT=" "/>
						</TextLine>
					</TextBlock>
				</ComposedBlock>
				<ComposedBlock ID="cblock_8" HPOS="952" VPOS="254" WIDTH="22" HEIGHT="144">
					<TextBlock ID="block_8" HPOS="952" VPOS="254" WIDTH="22" HEIGHT="144">
						<TextLine ID="line_8" HPOS="952" VPOS="254" WIDTH="22" HEIGHT="144">
							<String ID="string_8" HPOS="952" VPOS="254" WIDTH="22" HEIGHT="144" WC="0.0" CONTENT="IBSTLPSAIA"/>
						</TextLine>
					</TextBlock>
				</ComposedBlock>
				<ComposedBlock ID="cblock_9" HPOS="1009" VPOS="224" WIDTH="42" HEIGHT="201">
					<TextBlock ID="block_9" HPOS="1009" VPOS="224" WIDTH="42" HEIGHT="201">
						<TextLine ID="line_9" HPOS="1009" VPOS="242" WIDTH="18" HEIGHT="163">
							<String ID="string_9" HPOS="1010" VPOS="301" WIDTH="17" HEIGHT="104" WC="0.33" CONTENT="198[9AIYS"/><SP WIDTH="-18" VPOS="301" HPOS="1027"/>
							<String ID="string_10" HPOS="1009" VPOS="242" WIDTH="18" HEIGHT="47" WC="0.21" CONTENT="Ia[9"/>
						</TextLine>
						<TextLine ID="line_10" HPOS="1029" VPOS="224" WIDTH="22" HEIGHT="201">
							<String ID="string_11" HPOS="1029" VPOS="371" WIDTH="17" HEIGHT="54" WC="0.24" CONTENT="»doad"/><SP WIDTH="-22" VPOS="371" HPOS="1046"/>
							<String ID="string_12" HPOS="1024" VPOS="303" WIDTH="31" HEIGHT="70" WC="0.0" CONTENT="s7:lej"/><SP WIDTH="-26" VPOS="303" HPOS="1055"/>
							<String ID="string_13" HPOS="1029" VPOS="244" WIDTH="21" HEIGHT="44" WC="0.42" CONTENT="[Bun"/>
						</TextLine>
					</TextBlock>
				</ComposedBlock>
				<ComposedBlock ID="cblock_10" HPOS="1067" VPOS="278" WIDTH="95" HEIGHT="17">
					<TextBlock ID="block_10" HPOS="1067" VPOS="278" WIDTH="95" HEIGHT="17">
						<TextLine ID="line_11" HPOS="1067" VPOS="278" WIDTH="95" HEIGHT="17">
							<String ID="string_14" HPOS="1067" VPOS="278" WIDTH="95" HEIGHT="17" WC="0.95" CONTENT="Motioner"/>
						</TextLine>
					</TextBlock>
				</ComposedBlock>
				<ComposedBlock ID="cblock_11" HPOS="1190" VPOS="249" WIDTH="158" HEIGHT="76">
					<TextBlock ID="block_11" HPOS="1190" VPOS="249" WIDTH="158" HEIGHT="76">
						<TextLine ID="line_12" HPOS="1225" VPOS="249" WIDTH="88" HEIGHT="17">
							<String ID="string_15" HPOS="1225" VPOS="249" WIDTH="88" HEIGHT="17" WC="0.66" CONTENT="Utskotts"/>
						</TextLine>
						<TextLine ID="line_13" HPOS="1213" VPOS="278" WIDTH="113" HEIGHT="17">
							<String ID="string_16" HPOS="1213" VPOS="278" WIDTH="113" HEIGHT="17" WC="0.96" CONTENT="utlåtanden"/>
						</TextLine>
						<TextLine ID="line_14" HPOS="1190" VPOS="307" WIDTH="158" HEIGHT="18">
							<String ID="string_17" HPOS="1190" VPOS="308" WIDTH="47" HEIGHT="17" WC="0.96" CONTENT="eller"/><SP WIDTH="13" VPOS="308" HPOS="1237"/>
							<String ID="string_18" HPOS="1250" VPOS="307" WIDTH="98" HEIGHT="18" WC="0.96" CONTENT="memorial"/>
						</TextLine>
					</TextBlock>
				</ComposedBlock>
				<ComposedBlock ID="cblock_12" HPOS="1382" VPOS="230" WIDTH="72" HEIGHT="107">
					<TextBlock ID="block_12" HPOS="1382" VPOS="230" WIDTH="72" HEIGHT="107">
						<TextLine ID="line_15" HPOS="1391" VPOS="230" WIDTH="54" HEIGHT="17">
							<String ID="string_19" HPOS="1391" VPOS="230" WIDTH="54" HEIGHT="17" WC="0.89" CONTENT="Riks-"/>
						</TextLine>
						<TextLine ID="line_16" HPOS="1382" VPOS="260" WIDTH="72" HEIGHT="22">
							<String ID="string_20" HPOS="1382" VPOS="260" WIDTH="72" HEIGHT="22" WC="0.96" CONTENT="dagens"/>
						</TextLine>
						<TextLine ID="line_17" HPOS="1396" VPOS="289" WIDTH="47" HEIGHT="18">
							<String ID="string_21" HPOS="1396" VPOS="289" WIDTH="47" HEIGHT="18" WC="0.92" CONTENT="skri-"/>
						</TextLine>
						<TextLine ID="line_18" HPOS="1389" VPOS="319" WIDTH="63" HEIGHT="18">
							<String ID="string_22" HPOS="1389" VPOS="319" WIDTH="63" HEIGHT="18" WC="0.91" CONTENT="velser"/>
						</TextLine>
					</TextBlock>
				</ComposedBlock>
				<ComposedBlock ID="cblock_13" HPOS="1497" VPOS="260" WIDTH="145" HEIGHT="51">
					<TextBlock ID="block_13" HPOS="1497" VPOS="260" WIDTH="145" HEIGHT="51">
						<TextLine ID="line_19" HPOS="1512" VPOS="260" WIDTH="118" HEIGHT="17">
							<String ID="string_23" HPOS="1512" VPOS="260" WIDTH="118" HEIGHT="17" WC="0.91" CONTENT="Kamrarnas"/>
						</TextLine>
						<TextLine ID="line_20" HPOS="1497" VPOS="289" WIDTH="145" HEIGHT="22">
							<String ID="string_24" HPOS="1497" VPOS="289" WIDTH="145" HEIGHT="22" WC="0.96" CONTENT="förhandlingar"/>
						</TextLine>
					</TextBlock>
				</ComposedBlock>
				<ComposedBlock ID="cblock_14" HPOS="1065" VPOS="354" WIDTH="600" HEIGHT="5">
					<TextBlock ID="block_14" HPOS="1065" VPOS="354" WIDTH="600" HEIGHT="5">
						<TextLine ID="line_21" HPOS="1065" VPOS="354" WIDTH="600" HEIGHT="5">
							<String ID="string_25" HPOS="1065" VPOS="354" WIDTH="600" HEIGHT="5" WC="0.95" CONTENT=" "/>
						</TextLine>
					</TextBlock>
				</ComposedBlock>
				<ComposedBlock ID="cblock_15" HPOS="1072" VPOS="385" WIDTH="32" HEIGHT="17">
					<TextBlock ID="block_15" HPOS="1072" VPOS="385" WIDTH="32" HEIGHT="17">
						<TextLine ID="line_22" HPOS="1072" VPOS="385" WIDTH="32" HEIGHT="17">
							<String ID="string_26" HPOS="1072" VPOS="385" WIDTH="32" HEIGHT="17" WC="0.93" CONTENT="FK"/>
						</TextLine>
					</TextBlock>
				</ComposedBlock>
				<ComposedBlock ID="cblock_16" HPOS="1124" VPOS="386" WIDTH="36" HEIGHT="16">
					<TextBlock ID="block_16" HPOS="1124" VPOS="386" WIDTH="36" HEIGHT="16">
						<TextLine ID="line_23" HPOS="1124" VPOS="386" WIDTH="36" HEIGHT="16">
							<String ID="string_27" HPOS="1124" VPOS="386" WIDTH="36" HEIGHT="16" WC="0.94" CONTENT="AK"/>
						</TextLine>
					</TextBlock>
				</ComposedBlock>
				<ComposedBlock ID="cblock_17" HPOS="1184" VPOS="367" WIDTH="59" HEIGHT="57">
					<TextBlock ID="block_17" HPOS="1184" VPOS="367" WIDTH="59" HEIGHT="57">
						<TextLine ID="line_24" HPOS="1184" VPOS="367" WIDTH="17" HEIGHT="57">
							<String ID="string_28" HPOS="1184" VPOS="367" WIDTH="17" HEIGHT="57" WC="0.64" CONTENT="Tues"/>
						</TextLine>
						<TextLine ID="line_25" HPOS="1225" VPOS="373" WIDTH="18" HEIGHT="42">
							<String ID="string_29" HPOS="1225" VPOS="373" WIDTH="18" HEIGHT="42" WC="0.63" CONTENT="PAV"/>
						</TextLine>
					</TextBlock>
				</ComposedBlock>
				<ComposedBlock ID="cblock_18" HPOS="1279" VPOS="385" WIDTH="17" HEIGHT="27">
					<TextBlock ID="block_18" HPOS="1279" VPOS="385" WIDTH="17" HEIGHT="27">
						<TextLine ID="line_26" HPOS="1279" VPOS="385" WIDTH="17" HEIGHT="16">
							<String ID="string_30" HPOS="1279" VPOS="385" WIDTH="17" HEIGHT="16" WC="0.28" CONTENT="KA"/>
						</TextLine>
						<TextLine ID="line_27" HPOS="1279" VPOS="402" WIDTH="12" HEIGHT="10">
							<String ID="string_31" HPOS="1279" VPOS="402" WIDTH="12" HEIGHT="10" WC="0.75" CONTENT="H"/>
						</TextLine>
					</TextBlock>
				</ComposedBlock>
				<ComposedBlock ID="cblock_19" HPOS="1339" VPOS="375" WIDTH="17" HEIGHT="44">
					<TextBlock ID="block_19" HPOS="1339" VPOS="375" WIDTH="17" HEIGHT="44">
						<TextLine ID="line_28" HPOS="1339" VPOS="375" WIDTH="17" HEIGHT="44">
							<String ID="string_32" HPOS="1339" VPOS="375" WIDTH="17" HEIGHT="44" WC="0.48" CONTENT="epIs"/>
						</TextLine>
					</TextBlock>
				</ComposedBlock>
				<ComposedBlock ID="cblock_20" HPOS="1392" VPOS="375" WIDTH="65" HEIGHT="45">
					<TextBlock ID="block_20" HPOS="1392" VPOS="375" WIDTH="65" HEIGHT="45">
						<TextLine ID="line_29" HPOS="1392" VPOS="384" WIDTH="17" HEIGHT="27">
							<String ID="string_33" HPOS="1392" VPOS="384" WIDTH="17" HEIGHT="27" WC="0.92" CONTENT="IN"/>
						</TextLine>
						<TextLine ID="line_30" HPOS="1440" VPOS="375" WIDTH="17" HEIGHT="45">
							<String ID="string_34" HPOS="1440" VPOS="375" WIDTH="17" HEIGHT="45" WC="0.32" CONTENT="vpis"/>
						</TextLine>
					</TextBlock>
				</ComposedBlock>
				<ComposedBlock ID="cblock_21" HPOS="1482" VPOS="372" WIDTH="172" HEIGHT="42">
					<TextBlock ID="block_21" HPOS="1482" VPOS="372" WIDTH="172" HEIGHT="42">
						<TextLine ID="line_31" HPOS="1486" VPOS="372" WIDTH="166" HEIGHT="18">
							<String ID="string_35" HPOS="1486" VPOS="373" WIDTH="67" HEIGHT="17" WC="0.96" CONTENT="Första"/><SP WIDTH="5" VPOS="373" HPOS="1553"/>
							<String ID="string_36" HPOS="1558" VPOS="368" WIDTH="20" HEIGHT="32" WC="0.96" CONTENT="|"/><SP WIDTH="8" VPOS="368" HPOS="1578"/>
							<String ID="string_37" HPOS="1586" VPOS="372" WIDTH="66" HEIGHT="18" WC="0.96" CONTENT="Andra"/>
						</TextLine>
						<TextLine ID="line_32" HPOS="1482" VPOS="397" WIDTH="172" HEIGHT="17">
							<String ID="string_38" HPOS="1482" VPOS="397" WIDTH="70" HEIGHT="17" WC="0.78" CONTENT="kamm."/><SP WIDTH="1" VPOS="397" HPOS="1552"/>
							<String ID="string_39" HPOS="1553" VPOS="393" WIDTH="27" HEIGHT="30" WC="0.93" CONTENT="|"/><SP WIDTH="4" VPOS="393" HPOS="1580"/>
							<String ID="string_40" HPOS="1584" VPOS="397" WIDTH="70" HEIGHT="17" WC="0.90" CONTENT="kamm."/>
						</TextLine>
					</TextBlock>
				</ComposedBlock>
				<ComposedBlock ID="cblock_22" HPOS="930" VPOS="430" WIDTH="735" HEIGHT="9">
					<TextBlock ID="block_22" HPOS="930" VPOS="430" WIDTH="735" HEIGHT="9">
						<TextLine ID="line_33" HPOS="930" VPOS="430" WIDTH="735" HEIGHT="9">
							<String ID="string_41" HPOS="930" VPOS="430" WIDTH="735" HEIGHT="9" WC="0.95" CONTENT=" "/>
						</TextLine>
					</TextBlock>
				</ComposedBlock>
				<ComposedBlock ID="cblock_23" HPOS="81" VPOS="438" WIDTH="247" HEIGHT="22">
					<TextBlock ID="block_23" HPOS="81" VPOS="438" WIDTH="247" HEIGHT="22">
						<TextLine ID="line_34" HPOS="81" VPOS="438" WIDTH="247" HEIGHT="22">
							<String ID="string_42" HPOS="81" VPOS="438" WIDTH="158" HEIGHT="22" WC="0.90" CONTENT="Albrektsunds"/><SP WIDTH="16" VPOS="438" HPOS="239"/>
							<String ID="string_43" HPOS="255" VPOS="438" WIDTH="73" HEIGHT="21" WC="0.96" CONTENT="kanal."/>
						</TextLine>
					</TextBlock>
				</ComposedBlock>
				<ComposedBlock ID="cblock_24" HPOS="126" VPOS="468" WIDTH="866" HEIGHT="27">
					<TextBlock ID="block_24" HPOS="126" VPOS="468" WIDTH="866" HEIGHT="27">
						<TextLine ID="line_35" HPOS="126" VPOS="468" WIDTH="866" HEIGHT="27">
							<String ID="string_44" HPOS="126" VPOS="469" WIDTH="212" HEIGHT="26" WC="0.95" CONTENT="sammanhängande"/><SP WIDTH="16" VPOS="469" HPOS="338"/>
							<String ID="string_45" HPOS="354" VPOS="468" WIDTH="69" HEIGHT="21" WC="0.96" CONTENT="farled"/><SP WIDTH="15" VPOS="468" HPOS="423"/>
							<String ID="string_46" HPOS="438" VPOS="470" WIDTH="46" HEIGHT="19" WC="0.96" CONTENT="mot"/><SP WIDTH="16" VPOS="470" HPOS="484"/>
							<String ID="string_47" HPOS="500" VPOS="469" WIDTH="42" HEIGHT="24" WC="0.96" CONTENT="det,"/><SP WIDTH="15" VPOS="469" HPOS="542"/>
							<String ID="string_48" HPOS="557" VPOS="470" WIDTH="31" HEIGHT="19" WC="0.96" CONTENT="att"/><SP WIDTH="11" VPOS="470" HPOS="588"/>
							<String ID="string_49" HPOS="599" VPOS="469" WIDTH="75" HEIGHT="20" WC="0.96" CONTENT="staden"/><SP WIDTH="10" VPOS="469" HPOS="674"/>
							<String ID="string_50" HPOS="684" VPOS="469" WIDTH="34" HEIGHT="20" WC="0.93" CONTENT="till"/><SP WIDTH="11" VPOS="469" HPOS="718"/>
							<String ID="string_51" HPOS="729" VPOS="469" WIDTH="127" HEIGHT="20" WC="0.90" CONTENT="statsverket"/><SP WIDTH="10" VPOS="469" HPOS="856"/>
							<String ID="string_52" HPOS="866" VPOS="470" WIDTH="54" HEIGHT="19" WC="0.89" CONTENT="över-"/><SP WIDTH="16" VPOS="470" HPOS="920"/>
							<String ID="string_53" HPOS="936" VPOS="469" WIDTH="56" HEIGHT="21" WC="0.35" CONTENT="[1921"/>
						</TextLine>
					</TextBlock>
				</ComposedBlock>
				<ComposedBlock ID="cblock_25" HPOS="126" VPOS="498" WIDTH="797" HEIGHT="116">
					<TextBlock ID="block_25" HPOS="126" VPOS="498" WIDTH="797" HEIGHT="116">
						<TextLine ID="line_36" HPOS="126" VPOS="498" WIDTH="795" HEIGHT="27">
							<String ID="string_54" HPOS="126" VPOS="499" WIDTH="53" HEIGHT="20" WC="0.96" CONTENT="låter"/><SP WIDTH="16" VPOS="499" HPOS="179"/>
							<String ID="string_55" HPOS="195" VPOS="499" WIDTH="42" HEIGHT="20" WC="0.96" CONTENT="den"/><SP WIDTH="15" VPOS="499" HPOS="237"/>
							<String ID="string_56" HPOS="252" VPOS="505" WIDTH="77" HEIGHT="20" WC="0.93" CONTENT="genom"/><SP WIDTH="16" VPOS="505" HPOS="329"/>
							<String ID="string_57" HPOS="345" VPOS="499" WIDTH="213" HEIGHT="26" WC="0.91" CONTENT="nettobehållningen"/><SP WIDTH="16" VPOS="499" HPOS="558"/>
							<String ID="string_58" HPOS="574" VPOS="505" WIDTH="26" HEIGHT="14" WC="0.92" CONTENT="av"/><SP WIDTH="14" VPOS="505" HPOS="600"/>
							<String ID="string_59" HPOS="614" VPOS="498" WIDTH="155" HEIGHT="21" WC="0.90" CONTENT="kanaltrafiken"/><SP WIDTH="12" VPOS="498" HPOS="769"/>
							<String ID="string_60" HPOS="781" VPOS="498" WIDTH="86" HEIGHT="21" WC="0.93" CONTENT="bildade"/><SP WIDTH="10" VPOS="498" HPOS="867"/>
							<String ID="string_61" HPOS="877" VPOS="498" WIDTH="44" HEIGHT="21" WC="0.90" CONTENT="fon-"/>
						</TextLine>
						<TextLine ID="line_37" HPOS="127" VPOS="528" WIDTH="795" HEIGHT="27">
							<String ID="string_62" HPOS="127" VPOS="528" WIDTH="41" HEIGHT="21" WC="0.96" CONTENT="den"/><SP WIDTH="16" VPOS="528" HPOS="168"/>
							<String ID="string_63" HPOS="184" VPOS="529" WIDTH="33" HEIGHT="20" WC="0.96" CONTENT="för"/><SP WIDTH="15" VPOS="529" HPOS="217"/>
							<String ID="string_64" HPOS="232" VPOS="529" WIDTH="104" HEIGHT="20" WC="0.96" CONTENT="kanalens"/><SP WIDTH="16" VPOS="529" HPOS="336"/>
							<String ID="string_65" HPOS="352" VPOS="528" WIDTH="113" HEIGHT="21" WC="0.96" CONTENT="underhåll"/><SP WIDTH="16" VPOS="528" HPOS="465"/>
							<String ID="string_66" HPOS="481" VPOS="529" WIDTH="39" HEIGHT="20" WC="0.96" CONTENT="och"/><SP WIDTH="16" VPOS="529" HPOS="520"/>
							<String ID="string_67" HPOS="536" VPOS="529" WIDTH="120" HEIGHT="26" WC="0.96" CONTENT="reparation"/><SP WIDTH="16" VPOS="529" HPOS="656"/>
							<String ID="string_68" HPOS="672" VPOS="530" WIDTH="101" HEIGHT="19" WC="0.96" CONTENT="ävensom"/><SP WIDTH="14" VPOS="530" HPOS="773"/>
							<String ID="string_69" HPOS="787" VPOS="530" WIDTH="52" HEIGHT="19" WC="0.93" CONTENT="utan"/><SP WIDTH="12" VPOS="530" HPOS="839"/>
							<String ID="string_70" HPOS="851" VPOS="530" WIDTH="71" HEIGHT="19" WC="0.91" CONTENT="ersätt-"/>
						</TextLine>
						<TextLine ID="line_38" HPOS="128" VPOS="558" WIDTH="795" HEIGHT="26">
							<String ID="string_71" HPOS="128" VPOS="559" WIDTH="51" HEIGHT="25" WC="0.96" CONTENT="ning"/><SP WIDTH="16" VPOS="559" HPOS="179"/>
							<String ID="string_72" HPOS="195" VPOS="558" WIDTH="34" HEIGHT="20" WC="0.93" CONTENT="till"/><SP WIDTH="16" VPOS="558" HPOS="229"/>
							<String ID="string_73" HPOS="245" VPOS="558" WIDTH="127" HEIGHT="20" WC="0.92" CONTENT="statsverket"/><SP WIDTH="15" VPOS="558" HPOS="372"/>
							<String ID="string_74" HPOS="387" VPOS="558" WIDTH="134" HEIGHT="20" WC="0.96" CONTENT="överlämnar"/><SP WIDTH="13" VPOS="558" HPOS="521"/>
							<String ID="string_75" HPOS="534" VPOS="558" WIDTH="26" HEIGHT="20" WC="0.96" CONTENT="de"/><SP WIDTH="16" VPOS="558" HPOS="560"/>
							<String ID="string_76" HPOS="576" VPOS="559" WIDTH="33" HEIGHT="19" WC="0.96" CONTENT="för"/><SP WIDTH="15" VPOS="559" HPOS="609"/>
							<String ID="string_77" HPOS="624" VPOS="558" WIDTH="96" HEIGHT="20" WC="0.96" CONTENT="farleden"/><SP WIDTH="15" VPOS="558" HPOS="720"/>
							<String ID="string_78" HPOS="735" VPOS="558" WIDTH="94" HEIGHT="20" WC="0.96" CONTENT="avsedda"/><SP WIDTH="10" VPOS="558" HPOS="829"/>
							<String ID="string_79" HPOS="839" VPOS="558" WIDTH="84" HEIGHT="26" WC="0.96" CONTENT="prickar"/>
						</TextLine>
						<TextLine ID="line_39" HPOS="127" VPOS="587" WIDTH="795" HEIGHT="27">
							<String ID="string_80" HPOS="127" VPOS="588" WIDTH="39" HEIGHT="20" WC="0.96" CONTENT="och"/><SP WIDTH="18" VPOS="588" HPOS="166"/>
							<String ID="string_81" HPOS="184" VPOS="588" WIDTH="61" HEIGHT="26" WC="0.96" CONTENT="bojar"/><SP WIDTH="15" VPOS="588" HPOS="245"/>
							<String ID="string_82" HPOS="260" VPOS="588" WIDTH="50" HEIGHT="20" WC="0.93" CONTENT="med"/><SP WIDTH="16" VPOS="588" HPOS="310"/>
							<String ID="string_83" HPOS="326" VPOS="587" WIDTH="194" HEIGHT="27" WC="0.91" CONTENT="förankringsgods,"/><SP WIDTH="17" VPOS="587" HPOS="520"/>
							<String ID="string_84" HPOS="537" VPOS="588" WIDTH="59" HEIGHT="20" WC="0.95" CONTENT="vilka"/><SP WIDTH="16" VPOS="588" HPOS="596"/>
							<String ID="string_85" HPOS="612" VPOS="589" WIDTH="35" HEIGHT="19" WC="0.96" CONTENT="må"/><SP WIDTH="13" VPOS="589" HPOS="647"/>
							<String ID="string_86" HPOS="660" VPOS="594" WIDTH="51" HEIGHT="14" WC="0.96" CONTENT="vara"/><SP WIDTH="10" VPOS="594" HPOS="711"/>
							<String ID="string_87" HPOS="721" VPOS="587" WIDTH="75" HEIGHT="21" WC="0.95" CONTENT="staden"/><SP WIDTH="11" VPOS="587" HPOS="796"/>
							<String ID="string_88" HPOS="807" VPOS="588" WIDTH="115" HEIGHT="25" WC="0.96" CONTENT="tillhöriga."/>
						</TextLine>
					</TextBlock>
				</ComposedBlock>
				<ComposedBlock ID="cblock_26" HPOS="82" VPOS="651" WIDTH="624" HEIGHT="93">
					<TextBlock ID="block_26" HPOS="82" VPOS="651" WIDTH="624" HEIGHT="93">
						<TextLine ID="line_40" HPOS="82" VPOS="651" WIDTH="624" HEIGHT="29">
							<String ID="string_89" HPOS="82" VPOS="651" WIDTH="62" HEIGHT="27" WC="0.96" CONTENT="Alby"/><SP WIDTH="15" VPOS="651" HPOS="144"/>
							<String ID="string_90" HPOS="159" VPOS="651" WIDTH="48" HEIGHT="22" WC="0.96" CONTENT="litt."/><SP WIDTH="16" VPOS="651" HPOS="207"/>
							<String ID="string_91" HPOS="223" VPOS="651" WIDTH="34" HEIGHT="21" WC="0.96" CONTENT="Ab"/><SP WIDTH="17" VPOS="651" HPOS="257"/>
							<String ID="string_92" HPOS="274" VPOS="652" WIDTH="55" HEIGHT="27" WC="0.67" CONTENT="(1);"/><SP WIDTH="16" VPOS="652" HPOS="329"/>
							<String ID="string_93" HPOS="345" VPOS="659" WIDTH="22" HEIGHT="14" WC="0.93" CONTENT="se"/><SP WIDTH="17" VPOS="659" HPOS="367"/>
							<String ID="string_94" HPOS="384" VPOS="651" WIDTH="167" HEIGHT="28" WC="0.88" CONTENT="Avsöndringar"/><SP WIDTH="16" VPOS="651" HPOS="551"/>
							<String ID="string_95" HPOS="567" VPOS="651" WIDTH="72" HEIGHT="29" WC="0.84" CONTENT="(1918:"/><SP WIDTH="13" VPOS="651" HPOS="639"/>
							<String ID="string_96" HPOS="652" VPOS="653" WIDTH="54" HEIGHT="25" WC="0.84" CONTENT="111)."/>
						</TextLine>
						<TextLine ID="line_41" HPOS="83" VPOS="716" WIDTH="491" HEIGHT="28">
							<String ID="string_97" HPOS="83" VPOS="716" WIDTH="61" HEIGHT="27" WC="0.96" CONTENT="Alby"/><SP WIDTH="16" VPOS="716" HPOS="144"/>
							<String ID="string_98" HPOS="160" VPOS="722" WIDTH="30" HEIGHT="15" WC="0.96" CONTENT="nr"/><SP WIDTH="16" VPOS="722" HPOS="190"/>
							<String ID="string_99" HPOS="206" VPOS="717" WIDTH="19" HEIGHT="26" WC="0.95" CONTENT="1;"/><SP WIDTH="17" VPOS="717" HPOS="225"/>
							<String ID="string_100" HPOS="242" VPOS="725" WIDTH="22" HEIGHT="14" WC="0.93" CONTENT="se"/><SP WIDTH="16" VPOS="725" HPOS="264"/>
							<String ID="string_101" HPOS="280" VPOS="717" WIDTH="168" HEIGHT="27" WC="0.89" CONTENT="Avsöndringar"/><SP WIDTH="15" VPOS="717" HPOS="448"/>
							<String ID="string_102" HPOS="463" VPOS="717" WIDTH="73" HEIGHT="26" WC="0.8" CONTENT="(1921:"/><SP WIDTH="13" VPOS="717" HPOS="536"/>
							<String ID="string_103" HPOS="549" VPOS="717" WIDTH="25" HEIGHT="27" WC="0.8" CONTENT="1)."/>
						</TextLine>
					</TextBlock>
				</ComposedBlock>
				<ComposedBlock ID="cblock_27" HPOS="83" VPOS="781" WIDTH="842" HEIGHT="88">
					<TextBlock ID="block_27" HPOS="83" VPOS="781" WIDTH="842" HEIGHT="88">
						<TextLine ID="line_42" HPOS="83" VPOS="781" WIDTH="842" HEIGHT="28">
							<String ID="string_104" HPOS="83" VPOS="781" WIDTH="203" HEIGHT="25" WC="0.93" CONTENT="Alexandersson,"/><SP WIDTH="16" VPOS="781" HPOS="286"/>
							<String ID="string_105" HPOS="302" VPOS="781" WIDTH="21" HEIGHT="22" WC="0.76" CONTENT="S."/><SP WIDTH="17" VPOS="781" HPOS="323"/>
							<String ID="string_106" HPOS="340" VPOS="781" WIDTH="24" HEIGHT="22" WC="0.91" CONTENT="0."/><SP WIDTH="16" VPOS="781" HPOS="364"/>
							<String ID="string_107" HPOS="380" VPOS="781" WIDTH="75" HEIGHT="27" WC="0.90" CONTENT="S:son,"/><SP WIDTH="24" VPOS="781" HPOS="455"/>
							<String ID="string_108" HPOS="479" VPOS="783" WIDTH="15" HEIGHT="20" WC="0.90" CONTENT="f."/><SP WIDTH="17" VPOS="783" HPOS="494"/>
							<String ID="string_109" HPOS="511" VPOS="783" WIDTH="20" HEIGHT="20" WC="0.93" CONTENT="d."/><SP WIDTH="26" VPOS="783" HPOS="531"/>
							<String ID="string_110" HPOS="557" VPOS="783" WIDTH="114" HEIGHT="26" WC="0.96" CONTENT="daglönare"/><SP WIDTH="23" VPOS="783" HPOS="671"/>
							<String ID="string_111" HPOS="694" VPOS="782" WIDTH="36" HEIGHT="21" WC="0.96" CONTENT="vid"/><SP WIDTH="16" VPOS="782" HPOS="730"/>
							<String ID="string_112" HPOS="746" VPOS="783" WIDTH="86" HEIGHT="20" WC="0.96" CONTENT="flottans"/><SP WIDTH="19" VPOS="783" HPOS="832"/>
							<String ID="string_113" HPOS="851" VPOS="789" WIDTH="51" HEIGHT="13" WC="0.96" CONTENT="varv"/><SP WIDTH="16" VPOS="789" HPOS="902"/>
							<String ID="string_114" HPOS="918" VPOS="783" WIDTH="7" HEIGHT="19" WC="0.96" CONTENT="i"/>
						</TextLine>
						<TextLine ID="line_43" HPOS="128" VPOS="813" WIDTH="137" HEIGHT="20">
							<String ID="string_115" HPOS="128" VPOS="813" WIDTH="137" HEIGHT="20" WC="0.96" CONTENT="Karlskrona."/>
						</TextLine>
						<TextLine ID="line_44" HPOS="113" VPOS="841" WIDTH="752" HEIGHT="28">
							<String ID="string_116" HPOS="113" VPOS="844" WIDTH="53" HEIGHT="24" WC="0.95" CONTENT="Ang."/><SP WIDTH="18" VPOS="844" HPOS="166"/>
							<String ID="string_117" HPOS="184" VPOS="843" WIDTH="91" HEIGHT="26" WC="0.96" CONTENT="pension"/><SP WIDTH="16" VPOS="843" HPOS="275"/>
							<String ID="string_118" HPOS="291" VPOS="843" WIDTH="22" HEIGHT="20" WC="0.95" CONTENT="åt"/><SP WIDTH="17" VPOS="843" HPOS="313"/>
							<String ID="string_119" HPOS="330" VPOS="843" WIDTH="54" HEIGHT="20" WC="0.96" CONTENT="hans"/><SP WIDTH="16" VPOS="843" HPOS="384"/>
							<String ID="string_120" HPOS="400" VPOS="843" WIDTH="66" HEIGHT="25" WC="0.96" CONTENT="änka;"/><SP WIDTH="16" VPOS="843" HPOS="466"/>
							<String ID="string_121" HPOS="482" VPOS="849" WIDTH="22" HEIGHT="14" WC="0.97" CONTENT="se"/><SP WIDTH="17" VPOS="849" HPOS="504"/>
							<String ID="string_122" HPOS="521" VPOS="841" WIDTH="125" HEIGHT="27" WC="0.96" CONTENT="Pensioner,"/><SP WIDTH="17" VPOS="841" HPOS="646"/>
							<String ID="string_123" HPOS="663" VPOS="842" WIDTH="107" HEIGHT="26" WC="0.96" CONTENT="beviljade"/><SP WIDTH="15" VPOS="842" HPOS="770"/>
							<String ID="string_124" HPOS="785" VPOS="841" WIDTH="80" HEIGHT="27" WC="0.96" CONTENT="(1926),"/>
						</TextLine>
					</TextBlock>
				</ComposedBlock>
				<ComposedBlock ID="cblock_28" HPOS="82" VPOS="906" WIDTH="843" HEIGHT="93">
					<TextBlock ID="block_28" HPOS="82" VPOS="906" WIDTH="843" HEIGHT="93">
						<TextLine ID="line_45" HPOS="83" VPOS="906" WIDTH="842" HEIGHT="28">
							<String ID="string_125" HPOS="83" VPOS="906" WIDTH="136" HEIGHT="25" WC="0.93" CONTENT="Alfredson,"/><SP WIDTH="12" VPOS="906" HPOS="219"/>
							<String ID="string_126" HPOS="231" VPOS="906" WIDTH="25" HEIGHT="21" WC="0.91" CONTENT="K."/><SP WIDTH="12" VPOS="906" HPOS="256"/>
							<String ID="string_127" HPOS="268" VPOS="906" WIDTH="33" HEIGHT="27" WC="0.89" CONTENT="A.,"/><SP WIDTH="11" VPOS="906" HPOS="301"/>
							<String ID="string_128" HPOS="312" VPOS="908" WIDTH="15" HEIGHT="20" WC="0.45" CONTENT="f."/><SP WIDTH="12" VPOS="908" HPOS="327"/>
							<String ID="string_129" HPOS="339" VPOS="908" WIDTH="20" HEIGHT="20" WC="0.92" CONTENT="d."/><SP WIDTH="13" VPOS="908" HPOS="359"/>
							<String ID="string_130" HPOS="372" VPOS="908" WIDTH="131" HEIGHT="26" WC="0.92" CONTENT="postkörare;"/><SP WIDTH="18" VPOS="908" HPOS="503"/>
							<String ID="string_131" HPOS="521" VPOS="914" WIDTH="22" HEIGHT="14" WC="0.97" CONTENT="se"/><SP WIDTH="16" VPOS="914" HPOS="543"/>
							<String ID="string_132" HPOS="559" VPOS="906" WIDTH="124" HEIGHT="26" WC="0.96" CONTENT="Pensioner,"/><SP WIDTH="12" VPOS="906" HPOS="683"/>
							<String ID="string_133" HPOS="695" VPOS="908" WIDTH="19" HEIGHT="26" WC="0.96" CONTENT="ej"/><SP WIDTH="13" VPOS="908" HPOS="714"/>
							<String ID="string_134" HPOS="727" VPOS="907" WIDTH="106" HEIGHT="27" WC="0.96" CONTENT="beviljade"/><SP WIDTH="10" VPOS="907" HPOS="833"/>
							<String ID="string_135" HPOS="843" VPOS="907" WIDTH="82" HEIGHT="26" WC="0.96" CONTENT="(1922)."/>
						</TextLine>
						<TextLine ID="line_46" HPOS="82" VPOS="970" WIDTH="333" HEIGHT="29">
							<String ID="string_136" HPOS="82" VPOS="970" WIDTH="106" HEIGHT="28" WC="0.92" CONTENT="Alfågel;"/><SP WIDTH="17" VPOS="970" HPOS="188"/>
							<String ID="string_137" HPOS="205" VPOS="979" WIDTH="21" HEIGHT="14" WC="0.96" CONTENT="se"/><SP WIDTH="16" VPOS="979" HPOS="226"/>
							<String ID="string_138" HPOS="242" VPOS="972" WIDTH="56" HEIGHT="21" WC="0.96" CONTENT="Jakt"/><SP WIDTH="14" VPOS="972" HPOS="298"/>
							<String ID="string_139" HPOS="312" VPOS="972" WIDTH="67" HEIGHT="27" WC="0.96" CONTENT="(1930"/><SP WIDTH="12" VPOS="972" HPOS="379"/>
							<String ID="string_140" HPOS="391" VPOS="973" WIDTH="24" HEIGHT="24" WC="0.96" CONTENT="4)."/>
						</TextLine>
					</TextBlock>
				</ComposedBlock>
				<ComposedBlock ID="cblock_29" HPOS="82" VPOS="1037" WIDTH="844" HEIGHT="57">
					<TextBlock ID="block_29" HPOS="82" VPOS="1037" WIDTH="844" HEIGHT="57">
						<TextLine ID="line_47" HPOS="82" VPOS="1037" WIDTH="844" HEIGHT="27">
							<String ID="string_141" HPOS="82" VPOS="1037" WIDTH="69" HEIGHT="27" WC="0.91" CONTENT="Algo,"/><SP WIDTH="17" VPOS="1037" HPOS="151"/>
							<String ID="string_142" HPOS="168" VPOS="1037" WIDTH="24" HEIGHT="22" WC="0.92" CONTENT="G."/><SP WIDTH="18" VPOS="1037" HPOS="192"/>
							<String ID="string_143" HPOS="210" VPOS="1037" WIDTH="25" HEIGHT="21" WC="0.89" CONTENT="A."/><SP WIDTH="17" VPOS="1037" HPOS="235"/>
							<String ID="string_144" HPOS="252" VPOS="1037" WIDTH="79" HEIGHT="24" WC="0.60" CONTENT="O:son,"/><SP WIDTH="16" VPOS="1037" HPOS="331"/>
							<String ID="string_145" HPOS="347" VPOS="1039" WIDTH="14" HEIGHT="20" WC="0.80" CONTENT="f."/><SP WIDTH="17" VPOS="1039" HPOS="361"/>
							<String ID="string_146" HPOS="378" VPOS="1038" WIDTH="20" HEIGHT="21" WC="0.91" CONTENT="d."/><SP WIDTH="13" VPOS="1038" HPOS="398"/>
							<String ID="string_147" HPOS="411" VPOS="1038" WIDTH="115" HEIGHT="26" WC="0.96" CONTENT="daglönare"/><SP WIDTH="11" VPOS="1038" HPOS="526"/>
							<String ID="string_148" HPOS="537" VPOS="1038" WIDTH="36" HEIGHT="20" WC="0.96" CONTENT="vid"/><SP WIDTH="12" VPOS="1038" HPOS="573"/>
							<String ID="string_149" HPOS="585" VPOS="1038" WIDTH="86" HEIGHT="20" WC="0.96" CONTENT="flottans"/><SP WIDTH="11" VPOS="1038" HPOS="671"/>
							<String ID="string_150" HPOS="682" VPOS="1038" WIDTH="78" HEIGHT="20" WC="0.96" CONTENT="station"/><SP WIDTH="11" VPOS="1038" HPOS="760"/>
							<String ID="string_151" HPOS="771" VPOS="1038" WIDTH="7" HEIGHT="20" WC="0.96" CONTENT="i"/><SP WIDTH="11" VPOS="1038" HPOS="778"/>
							<String ID="string_152" HPOS="789" VPOS="1037" WIDTH="137" HEIGHT="21" WC="0.96" CONTENT="Karlskrona."/>
						</TextLine>
						<TextLine ID="line_48" HPOS="128" VPOS="1067" WIDTH="776" HEIGHT="27">
							<String ID="string_153" HPOS="128" VPOS="1069" WIDTH="52" HEIGHT="25" WC="0.95" CONTENT="Ang."/><SP WIDTH="19" VPOS="1069" HPOS="180"/>
							<String ID="string_154" HPOS="199" VPOS="1068" WIDTH="117" HEIGHT="21" WC="0.95" CONTENT="understöd"/><SP WIDTH="16" VPOS="1068" HPOS="316"/>
							<String ID="string_155" HPOS="332" VPOS="1069" WIDTH="22" HEIGHT="19" WC="0.96" CONTENT="åt"/><SP WIDTH="15" VPOS="1069" HPOS="354"/>
							<String ID="string_156" HPOS="369" VPOS="1068" WIDTH="54" HEIGHT="20" WC="0.96" CONTENT="hans"/><SP WIDTH="17" VPOS="1068" HPOS="423"/>
							<String ID="string_157" HPOS="440" VPOS="1068" WIDTH="67" HEIGHT="24" WC="0.96" CONTENT="änka;"/><SP WIDTH="18" VPOS="1068" HPOS="507"/>
							<String ID="string_158" HPOS="525" VPOS="1074" WIDTH="21" HEIGHT="14" WC="0.96" CONTENT="se"/><SP WIDTH="17" VPOS="1074" HPOS="546"/>
							<String ID="string_159" HPOS="563" VPOS="1067" WIDTH="123" HEIGHT="25" WC="0.91" CONTENT="Pensioner,"/><SP WIDTH="17" VPOS="1067" HPOS="686"/>
							<String ID="string_160" HPOS="703" VPOS="1067" WIDTH="106" HEIGHT="27" WC="0.96" CONTENT="beviljade"/><SP WIDTH="15" VPOS="1067" HPOS="809"/>
							<String ID="string_161" HPOS="824" VPOS="1067" WIDTH="80" HEIGHT="26" WC="0.96" CONTENT="(1928)."/>
						</TextLine>
					</TextBlock>
				</ComposedBlock>
				<ComposedBlock ID="cblock_30" HPOS="82" VPOS="1109" WIDTH="839" HEIGHT="52">
					<TextBlock ID="block_30" HPOS="82" VPOS="1109" WIDTH="839" HEIGHT="52">
						<TextLine ID="line_49" HPOS="82" VPOS="1109" WIDTH="839" HEIGHT="52">
							<String ID="string_162" HPOS="82" VPOS="1130" WIDTH="123" HEIGHT="31" WC="0.95" CONTENT="Alingsås;"/><SP WIDTH="17" VPOS="1130" HPOS="205"/>
							<String ID="string_163" HPOS="222" VPOS="1140" WIDTH="22" HEIGHT="14" WC="0.96" CONTENT="se"/><SP WIDTH="16" VPOS="1140" HPOS="244"/>
							<String ID="string_164" HPOS="260" VPOS="1133" WIDTH="122" HEIGHT="21" WC="0.96" CONTENT="Postverket"/><SP WIDTH="15" VPOS="1133" HPOS="382"/>
							<String ID="string_165" HPOS="397" VPOS="1133" WIDTH="72" HEIGHT="26" WC="0.96" CONTENT="(1926:"/><SP WIDTH="13" VPOS="1133" HPOS="469"/>
							<String ID="string_166" HPOS="482" VPOS="1109" WIDTH="24" HEIGHT="48" WC="0.0" CONTENT=":l"/><SP WIDTH="17" VPOS="1109" HPOS="506"/>
							<String ID="string_167" HPOS="523" VPOS="1132" WIDTH="173" HEIGHT="27" WC="0.91" CONTENT="Telegrafverket"/><SP WIDTH="11" VPOS="1132" HPOS="696"/>
							<String ID="string_168" HPOS="707" VPOS="1132" WIDTH="72" HEIGHT="27" WC="0.95" CONTENT="(1921:"/><SP WIDTH="12" VPOS="1132" HPOS="779"/>
							<String ID="string_169" HPOS="791" VPOS="1137" WIDTH="22" HEIGHT="20" WC="0.90" CONTENT="9;"/><SP WIDTH="14" VPOS="1137" HPOS="813"/>
							<String ID="string_170" HPOS="827" VPOS="1132" WIDTH="63" HEIGHT="20" WC="0.96" CONTENT="1927:"/><SP WIDTH="12" VPOS="1132" HPOS="890"/>
							<String ID="string_171" HPOS="902" VPOS="1133" WIDTH="19" HEIGHT="23" WC="0.96" CONTENT="2)"/>
						</TextLine>
					</TextBlock>
				</ComposedBlock>
				<ComposedBlock ID="cblock_31" HPOS="83" VPOS="1197" WIDTH="844" HEIGHT="59">
					<TextBlock ID="block_31" HPOS="83" VPOS="1197" WIDTH="844" HEIGHT="59">
						<TextLine ID="line_50" HPOS="83" VPOS="1197" WIDTH="844" HEIGHT="28">
							<String ID="string_172" HPOS="83" VPOS="1197" WIDTH="114" HEIGHT="25" WC="0.95" CONTENT="Alkohol;"/><SP WIDTH="17" VPOS="1197" HPOS="197"/>
							<String ID="string_173" HPOS="214" VPOS="1206" WIDTH="21" HEIGHT="13" WC="0.93" CONTENT="se"/><SP WIDTH="15" VPOS="1206" HPOS="235"/>
							<String ID="string_174" HPOS="250" VPOS="1198" WIDTH="138" HEIGHT="27" WC="0.91" CONTENT="Rusdrycker"/><SP WIDTH="10" VPOS="1198" HPOS="388"/>
							<String ID="string_175" HPOS="398" VPOS="1198" WIDTH="158" HEIGHT="26" WC="0.91" CONTENT="(1924—1926,"/><SP WIDTH="14" VPOS="1198" HPOS="556"/>
							<String ID="string_176" HPOS="570" VPOS="1197" WIDTH="71" HEIGHT="27" WC="0.93" CONTENT="1929),"/><SP WIDTH="12" VPOS="1197" HPOS="641"/>
							<String ID="string_177" HPOS="653" VPOS="1197" WIDTH="183" HEIGHT="27" WC="0.89" CONTENT="Spritsmuggling"/><SP WIDTH="10" VPOS="1197" HPOS="836"/>
							<String ID="string_178" HPOS="846" VPOS="1197" WIDTH="81" HEIGHT="27" WC="0.59" CONTENT="(1926y"/>
						</TextLine>
						<TextLine ID="line_51" HPOS="132" VPOS="1228" WIDTH="253" HEIGHT="28">
							<String ID="string_179" HPOS="132" VPOS="1228" WIDTH="159" HEIGHT="28" WC="0.96" CONTENT="Trafikolyckor"/><SP WIDTH="15" VPOS="1228" HPOS="291"/>
							<String ID="string_180" HPOS="306" VPOS="1228" WIDTH="79" HEIGHT="26" WC="0.96" CONTENT="(1924)."/>
						</TextLine>
					</TextBlock>
				</ComposedBlock>
				<ComposedBlock ID="cblock_32" HPOS="85" VPOS="1291" WIDTH="785" HEIGHT="29">
					<TextBlock ID="block_32" HPOS="85" VPOS="1291" WIDTH="785" HEIGHT="29">
						<TextLine ID="line_52" HPOS="85" VPOS="1291" WIDTH="785" HEIGHT="29">
							<String ID="string_181" HPOS="85" VPOS="1292" WIDTH="153" HEIGHT="21" WC="0.91" CONTENT="Alkoholfria"/><SP WIDTH="16" VPOS="1292" HPOS="238"/>
							<String ID="string_182" HPOS="254" VPOS="1291" WIDTH="117" HEIGHT="29" WC="0.96" CONTENT="drycker;"/><SP WIDTH="17" VPOS="1291" HPOS="371"/>
							<String ID="string_183" HPOS="388" VPOS="1300" WIDTH="22" HEIGHT="14" WC="0.93" CONTENT="se"/><SP WIDTH="16" VPOS="1300" HPOS="410"/>
							<String ID="string_184" HPOS="426" VPOS="1292" WIDTH="150" HEIGHT="27" WC="0.92" CONTENT="Maltdrycker"/><SP WIDTH="15" VPOS="1292" HPOS="576"/>
							<String ID="string_185" HPOS="591" VPOS="1293" WIDTH="73" HEIGHT="26" WC="0.9" CONTENT="(1924:"/><SP WIDTH="12" VPOS="1293" HPOS="664"/>
							<String ID="string_186" HPOS="676" VPOS="1298" WIDTH="20" HEIGHT="18" WC="0.9" CONTENT="3;"/><SP WIDTH="20" VPOS="1298" HPOS="696"/>
							<String ID="string_187" HPOS="716" VPOS="1292" WIDTH="65" HEIGHT="25" WC="0.96" CONTENT="1925;"/><SP WIDTH="19" VPOS="1292" HPOS="781"/>
							<String ID="string_188" HPOS="800" VPOS="1291" WIDTH="70" HEIGHT="28" WC="0.96" CONTENT="1926)."/>
						</TextLine>
					</TextBlock>
				</ComposedBlock>
				<ComposedBlock ID="cblock_33" HPOS="85" VPOS="1357" WIDTH="844" HEIGHT="178">
					<TextBlock ID="block_33" HPOS="85" VPOS="1357" WIDTH="342" HEIGHT="27">
						<TextLine ID="line_53" HPOS="85" VPOS="1357" WIDTH="342" HEIGHT="27">
							<String ID="string_189" HPOS="85" VPOS="1357" WIDTH="201" HEIGHT="27" WC="0.90" CONTENT="Alkoholhaltiga"/><SP WIDTH="15" VPOS="1357" HPOS="286"/>
							<String ID="string_190" HPOS="301" VPOS="1358" WIDTH="126" HEIGHT="25" WC="0.96" CONTENT="preparat."/>
						</TextLine>
					</TextBlock>
					<TextBlock ID="block_34" HPOS="115" VPOS="1388" WIDTH="814" HEIGHT="117">
						<TextLine ID="line_54" HPOS="115" VPOS="1388" WIDTH="813" HEIGHT="27">
							<String ID="string_191" HPOS="115" VPOS="1389" WIDTH="37" HEIGHT="20" WC="0.91" CONTENT="RD"/><SP WIDTH="24" VPOS="1389" HPOS="152"/>
							<String ID="string_192" HPOS="176" VPOS="1391" WIDTH="87" HEIGHT="24" WC="0.96" CONTENT="antager"/><SP WIDTH="23" VPOS="1391" HPOS="263"/>
							<String ID="string_193" HPOS="286" VPOS="1389" WIDTH="79" HEIGHT="26" WC="0.95" CONTENT="förslag"/><SP WIDTH="19" VPOS="1389" HPOS="365"/>
							<String ID="string_194" HPOS="384" VPOS="1388" WIDTH="33" HEIGHT="21" WC="0.95" CONTENT="till"/><SP WIDTH="20" VPOS="1388" HPOS="417"/>
							<String ID="string_195" HPOS="437" VPOS="1388" WIDTH="125" HEIGHT="26" WC="0.96" CONTENT="förordning"/><SP WIDTH="15" VPOS="1388" HPOS="562"/>
							<String ID="string_196" HPOS="577" VPOS="1395" WIDTH="35" HEIGHT="13" WC="0.96" CONTENT="om"/><SP WIDTH="17" VPOS="1395" HPOS="612"/>
							<String ID="string_197" HPOS="629" VPOS="1388" WIDTH="90" HEIGHT="26" WC="0.96" CONTENT="ändring"/><SP WIDTH="15" VPOS="1388" HPOS="719"/>
							<String ID="string_198" HPOS="734" VPOS="1388" WIDTH="7" HEIGHT="20" WC="0.96" CONTENT="i"/><SP WIDTH="16" VPOS="1388" HPOS="741"/>
							<String ID="string_199" HPOS="757" VPOS="1388" WIDTH="56" HEIGHT="20" WC="0.96" CONTENT="vissa"/><SP WIDTH="15" VPOS="1388" HPOS="813"/>
							<String ID="string_200" HPOS="828" VPOS="1388" WIDTH="59" HEIGHT="20" WC="0.96" CONTENT="delar"/><SP WIDTH="16" VPOS="1388" HPOS="887"/>
							<String ID="string_201" HPOS="903" VPOS="1395" WIDTH="25" HEIGHT="13" WC="0.96" CONTENT="av"/>
						</TextLine>
						<TextLine ID="line_55" HPOS="129" VPOS="1417" WIDTH="800" HEIGHT="28">
							<String ID="string_202" HPOS="129" VPOS="1419" WIDTH="152" HEIGHT="25" WC="0.96" CONTENT="förordningen"/><SP WIDTH="16" VPOS="1419" HPOS="281"/>
							<String ID="string_203" HPOS="297" VPOS="1418" WIDTH="42" HEIGHT="21" WC="0.96" CONTENT="den"/><SP WIDTH="18" VPOS="1418" HPOS="339"/>
							<String ID="string_204" HPOS="357" VPOS="1419" WIDTH="10" HEIGHT="19" WC="0.95" CONTENT="1"/><SP WIDTH="17" VPOS="1419" HPOS="367"/>
							<String ID="string_205" HPOS="384" VPOS="1419" WIDTH="42" HEIGHT="26" WC="0.95" CONTENT="juli"/><SP WIDTH="17" VPOS="1419" HPOS="426"/>
							<String ID="string_206" HPOS="443" VPOS="1418" WIDTH="57" HEIGHT="20" WC="0.96" CONTENT="1918"/><SP WIDTH="17" VPOS="1418" HPOS="500"/>
							<String ID="string_207" HPOS="517" VPOS="1417" WIDTH="32" HEIGHT="27" WC="0.95" CONTENT="(nr"/><SP WIDTH="17" VPOS="1417" HPOS="549"/>
							<String ID="string_208" HPOS="566" VPOS="1417" WIDTH="49" HEIGHT="27" WC="0.96" CONTENT="564)"/><SP WIDTH="16" VPOS="1417" HPOS="615"/>
							<String ID="string_209" HPOS="631" VPOS="1424" WIDTH="47" HEIGHT="20" WC="0.96" CONTENT="ang."/><SP WIDTH="17" VPOS="1424" HPOS="678"/>
							<String ID="string_210" HPOS="695" VPOS="1418" WIDTH="56" HEIGHT="20" WC="0.96" CONTENT="vissa"/><SP WIDTH="11" VPOS="1418" HPOS="751"/>
							<String ID="string_211" HPOS="762" VPOS="1418" WIDTH="167" HEIGHT="25" WC="0.96" CONTENT="alkoholhaltiga"/>
						</TextLine>
						<TextLine ID="line_56" HPOS="130" VPOS="1447" WIDTH="799" HEIGHT="28">
							<String ID="string_212" HPOS="130" VPOS="1450" WIDTH="98" HEIGHT="25" WC="0.96" CONTENT="preparat"/><SP WIDTH="16" VPOS="1450" HPOS="228"/>
							<String ID="string_213" HPOS="244" VPOS="1447" WIDTH="111" HEIGHT="28" WC="0.95" CONTENT="(reglering"/><SP WIDTH="16" VPOS="1447" HPOS="355"/>
							<String ID="string_214" HPOS="371" VPOS="1455" WIDTH="26" HEIGHT="14" WC="0.96" CONTENT="av"/><SP WIDTH="16" VPOS="1455" HPOS="397"/>
							<String ID="string_215" HPOS="413" VPOS="1448" WIDTH="103" HEIGHT="20" WC="0.96" CONTENT="införseln"/><SP WIDTH="17" VPOS="1448" HPOS="516"/>
							<String ID="string_216" HPOS="533" VPOS="1454" WIDTH="26" HEIGHT="14" WC="0.96" CONTENT="av"/><SP WIDTH="11" VPOS="1454" HPOS="559"/>
							<String ID="string_217" HPOS="570" VPOS="1448" WIDTH="56" HEIGHT="20" WC="0.96" CONTENT="vissa"/><SP WIDTH="11" VPOS="1448" HPOS="626"/>
							<String ID="string_218" HPOS="637" VPOS="1448" WIDTH="168" HEIGHT="25" WC="0.96" CONTENT="alkoholhaltiga"/><SP WIDTH="10" VPOS="1448" HPOS="805"/>
							<String ID="string_219" HPOS="815" VPOS="1448" WIDTH="114" HEIGHT="20" WC="0.96" CONTENT="konserver"/>
						</TextLine>
						<TextLine ID="line_57" HPOS="130" VPOS="1477" WIDTH="186" HEIGHT="28">
							<String ID="string_220" HPOS="130" VPOS="1479" WIDTH="40" HEIGHT="20" WC="0.93" CONTENT="och"/><SP WIDTH="17" VPOS="1479" HPOS="170"/>
							<String ID="string_221" HPOS="187" VPOS="1477" WIDTH="129" HEIGHT="28" WC="0.91" CONTENT="konfityrer)."/>
						</TextLine>
					</TextBlock>
					<TextBlock ID="block_35" HPOS="142" VPOS="1512" WIDTH="398" HEIGHT="23">
						<TextLine ID="line_58" HPOS="142" VPOS="1512" WIDTH="398" HEIGHT="23">
							<String ID="string_222" HPOS="142" VPOS="1513" WIDTH="24" HEIGHT="17" WC="0.96" CONTENT="Se"/><SP WIDTH="13" VPOS="1513" HPOS="166"/>
							<String ID="string_223" HPOS="179" VPOS="1513" WIDTH="35" HEIGHT="17" WC="0.92" CONTENT="ock"/><SP WIDTH="14" VPOS="1513" HPOS="214"/>
							<String ID="string_224" HPOS="228" VPOS="1513" WIDTH="210" HEIGHT="22" WC="0.90" CONTENT="Kontrollstyrelsen"/><SP WIDTH="13" VPOS="1513" HPOS="438"/>
							<String ID="string_225" HPOS="451" VPOS="1512" WIDTH="59" HEIGHT="21" WC="0.94" CONTENT="(1924:"/><SP WIDTH="9" VPOS="1512" HPOS="510"/>
							<String ID="string_226" HPOS="519" VPOS="1512" WIDTH="21" HEIGHT="21" WC="0.92" CONTENT="4)."/>
						</TextLine>
					</TextBlock>
				</ComposedBlock>
				<ComposedBlock ID="cblock_34" HPOS="85" VPOS="1571" WIDTH="846" HEIGHT="474">
					<TextBlock ID="block_36" HPOS="85" VPOS="1571" WIDTH="174" HEIGHT="22">
						<TextLine ID="line_59" HPOS="85" VPOS="1571" WIDTH="174" HEIGHT="22">
							<String ID="string_227" HPOS="85" VPOS="1571" WIDTH="174" HEIGHT="22" WC="0.85" CONTENT="Alkoholister."/>
						</TextLine>
					</TextBlock>
					<TextBlock ID="block_37" HPOS="89" VPOS="1601" WIDTH="842" HEIGHT="444">
						<TextLine ID="line_60" HPOS="89" VPOS="1601" WIDTH="839" HEIGHT="26">
							<String ID="string_228" HPOS="89" VPOS="1608" WIDTH="7" HEIGHT="15" WC="0.90" CONTENT="1"/><SP WIDTH="20" VPOS="1608" HPOS="96"/>
							<String ID="string_229" HPOS="116" VPOS="1603" WIDTH="37" HEIGHT="20" WC="0.90" CONTENT="RD"/><SP WIDTH="25" VPOS="1603" HPOS="153"/>
							<String ID="string_230" HPOS="178" VPOS="1603" WIDTH="100" HEIGHT="24" WC="0.94" CONTENT="besluter,"/><SP WIDTH="25" VPOS="1603" HPOS="278"/>
							<String ID="string_231" HPOS="303" VPOS="1604" WIDTH="31" HEIGHT="18" WC="0.96" CONTENT="att"/><SP WIDTH="23" VPOS="1604" HPOS="334"/>
							<String ID="string_232" HPOS="357" VPOS="1602" WIDTH="41" HEIGHT="20" WC="0.96" CONTENT="den"/><SP WIDTH="23" VPOS="1602" HPOS="398"/>
							<String ID="string_233" HPOS="421" VPOS="1603" WIDTH="80" HEIGHT="19" WC="0.96" CONTENT="statens"/><SP WIDTH="25" VPOS="1603" HPOS="501"/>
							<String ID="string_234" HPOS="526" VPOS="1601" WIDTH="131" HEIGHT="21" WC="0.95" CONTENT="vårdanstalt"/><SP WIDTH="16" VPOS="1601" HPOS="657"/>
							<String ID="string_235" HPOS="673" VPOS="1602" WIDTH="33" HEIGHT="20" WC="0.96" CONTENT="för"/><SP WIDTH="15" VPOS="1602" HPOS="706"/>
							<String ID="string_236" HPOS="721" VPOS="1602" WIDTH="144" HEIGHT="24" WC="0.96" CONTENT="alkoholister,"/><SP WIDTH="17" VPOS="1602" HPOS="865"/>
							<String ID="string_237" HPOS="882" VPOS="1608" WIDTH="46" HEIGHT="14" WC="0.96" CONTENT="som"/>
						</TextLine>
						<TextLine ID="line_61" HPOS="131" VPOS="1631" WIDTH="797" HEIGHT="27">
							<String ID="string_238" HPOS="131" VPOS="1634" WIDTH="23" HEIGHT="18" WC="0.94" CONTENT="är"/><SP WIDTH="23" VPOS="1634" HPOS="154"/>
							<String ID="string_239" HPOS="177" VPOS="1632" WIDTH="83" HEIGHT="26" WC="0.94" CONTENT="förlagd"/><SP WIDTH="24" VPOS="1632" HPOS="260"/>
							<String ID="string_240" HPOS="284" VPOS="1632" WIDTH="32" HEIGHT="20" WC="0.93" CONTENT="till"/><SP WIDTH="25" VPOS="1632" HPOS="316"/>
							<String ID="string_241" HPOS="341" VPOS="1632" WIDTH="106" HEIGHT="20" WC="0.91" CONTENT="Salbohed"/><SP WIDTH="23" VPOS="1632" HPOS="447"/>
							<String ID="string_242" HPOS="470" VPOS="1632" WIDTH="8" HEIGHT="19" WC="0.96" CONTENT="i"/><SP WIDTH="23" VPOS="1632" HPOS="478"/>
							<String ID="string_243" HPOS="501" VPOS="1632" WIDTH="167" HEIGHT="20" WC="0.96" CONTENT="Västmanlands"/><SP WIDTH="19" VPOS="1632" HPOS="668"/>
							<String ID="string_244" HPOS="687" VPOS="1632" WIDTH="42" HEIGHT="24" WC="0.96" CONTENT="län,"/><SP WIDTH="19" VPOS="1632" HPOS="729"/>
							<String ID="string_245" HPOS="748" VPOS="1632" WIDTH="56" HEIGHT="20" WC="0.96" CONTENT="skall"/><SP WIDTH="15" VPOS="1632" HPOS="804"/>
							<String ID="string_246" HPOS="819" VPOS="1632" WIDTH="48" HEIGHT="20" WC="0.93" CONTENT="från"/><SP WIDTH="22" VPOS="1632" HPOS="867"/>
							<String ID="string_247" HPOS="889" VPOS="1631" WIDTH="39" HEIGHT="21" WC="0.91" CONTENT="tid-"/>
						</TextLine>
						<TextLine ID="line_62" HPOS="131" VPOS="1661" WIDTH="797" HEIGHT="27">
							<String ID="string_248" HPOS="131" VPOS="1662" WIDTH="76" HEIGHT="26" WC="0.94" CONTENT="punkt,"/><SP WIDTH="18" VPOS="1662" HPOS="207"/>
							<String ID="string_249" HPOS="225" VPOS="1668" WIDTH="45" HEIGHT="14" WC="0.91" CONTENT="som"/><SP WIDTH="17" VPOS="1668" HPOS="270"/>
							<String ID="string_250" HPOS="287" VPOS="1662" WIDTH="62" HEIGHT="20" WC="0.91" CONTENT="KM:t"/><SP WIDTH="13" VPOS="1662" HPOS="349"/>
							<String ID="string_251" HPOS="362" VPOS="1662" WIDTH="136" HEIGHT="23" WC="0.96" CONTENT="bestämmer,"/><SP WIDTH="14" VPOS="1662" HPOS="498"/>
							<String ID="string_252" HPOS="512" VPOS="1668" WIDTH="50" HEIGHT="13" WC="0.96" CONTENT="vara"/><SP WIDTH="10" VPOS="1668" HPOS="562"/>
							<String ID="string_253" HPOS="572" VPOS="1661" WIDTH="140" HEIGHT="26" WC="0.96" CONTENT="provisoriskt"/><SP WIDTH="9" VPOS="1661" HPOS="712"/>
							<String ID="string_254" HPOS="721" VPOS="1661" WIDTH="83" HEIGHT="26" WC="0.96" CONTENT="förlagd"/><SP WIDTH="11" VPOS="1661" HPOS="804"/>
							<String ID="string_255" HPOS="815" VPOS="1661" WIDTH="34" HEIGHT="20" WC="0.93" CONTENT="till"/><SP WIDTH="11" VPOS="1661" HPOS="849"/>
							<String ID="string_256" HPOS="860" VPOS="1661" WIDTH="68" HEIGHT="20" WC="0.91" CONTENT="Venn-"/>
						</TextLine>
						<TextLine ID="line_63" HPOS="131" VPOS="1691" WIDTH="798" HEIGHT="26">
							<String ID="string_257" HPOS="131" VPOS="1698" WIDTH="52" HEIGHT="19" WC="0.96" CONTENT="garn"/><SP WIDTH="23" VPOS="1698" HPOS="183"/>
							<String ID="string_258" HPOS="206" VPOS="1692" WIDTH="8" HEIGHT="19" WC="0.96" CONTENT="i"/><SP WIDTH="24" VPOS="1692" HPOS="214"/>
							<String ID="string_259" HPOS="238" VPOS="1691" WIDTH="136" HEIGHT="21" WC="0.69" CONTENT="Stockholms"/><SP WIDTH="24" VPOS="1691" HPOS="374"/>
							<String ID="string_260" HPOS="398" VPOS="1691" WIDTH="35" HEIGHT="20" WC="0.96" CONTENT="län"/><SP WIDTH="24" VPOS="1691" HPOS="433"/>
							<String ID="string_261" HPOS="457" VPOS="1691" WIDTH="39" HEIGHT="20" WC="0.96" CONTENT="och"/><SP WIDTH="25" VPOS="1691" HPOS="496"/>
							<String ID="string_262" HPOS="521" VPOS="1692" WIDTH="31" HEIGHT="19" WC="0.96" CONTENT="att"/><SP WIDTH="17" VPOS="1692" HPOS="552"/>
							<String ID="string_263" HPOS="569" VPOS="1691" WIDTH="47" HEIGHT="20" WC="0.96" CONTENT="från"/><SP WIDTH="17" VPOS="1691" HPOS="616"/>
							<String ID="string_264" HPOS="633" VPOS="1697" WIDTH="84" HEIGHT="14" WC="0.96" CONTENT="samma"/><SP WIDTH="15" VPOS="1697" HPOS="717"/>
							<String ID="string_265" HPOS="732" VPOS="1691" WIDTH="32" HEIGHT="20" WC="0.95" CONTENT="tid"/><SP WIDTH="16" VPOS="1691" HPOS="764"/>
							<String ID="string_266" HPOS="780" VPOS="1691" WIDTH="97" HEIGHT="20" WC="0.96" CONTENT="eleverna"/><SP WIDTH="16" VPOS="1691" HPOS="877"/>
							<String ID="string_267" HPOS="893" VPOS="1691" WIDTH="36" HEIGHT="20" WC="0.96" CONTENT="vid"/>
						</TextLine>
						<TextLine ID="line_64" HPOS="132" VPOS="1720" WIDTH="796" HEIGHT="27">
							<String ID="string_268" HPOS="132" VPOS="1721" WIDTH="41" HEIGHT="21" WC="0.96" CONTENT="den"/><SP WIDTH="24" VPOS="1721" HPOS="173"/>
							<String ID="string_269" HPOS="197" VPOS="1721" WIDTH="33" HEIGHT="20" WC="0.96" CONTENT="för"/><SP WIDTH="23" VPOS="1721" HPOS="230"/>
							<String ID="string_270" HPOS="253" VPOS="1721" WIDTH="132" HEIGHT="21" WC="0.93" CONTENT="närvarande"/><SP WIDTH="23" VPOS="1721" HPOS="385"/>
							<String ID="string_271" HPOS="408" VPOS="1722" WIDTH="13" HEIGHT="19" WC="0.92" CONTENT="å"/><SP WIDTH="23" VPOS="1722" HPOS="421"/>
							<String ID="string_272" HPOS="444" VPOS="1721" WIDTH="114" HEIGHT="25" WC="0.91" CONTENT="Venngarn"/><SP WIDTH="23" VPOS="1721" HPOS="558"/>
							<String ID="string_273" HPOS="581" VPOS="1720" WIDTH="100" HEIGHT="27" WC="0.92" CONTENT="inrymda"/><SP WIDTH="18" VPOS="1720" HPOS="681"/>
							<String ID="string_274" HPOS="699" VPOS="1721" WIDTH="229" HEIGHT="26" WC="0.91" CONTENT="tvångsuppfostrings-"/>
						</TextLine>
						<TextLine ID="line_65" HPOS="132" VPOS="1750" WIDTH="797" HEIGHT="27">
							<String ID="string_275" HPOS="132" VPOS="1751" WIDTH="107" HEIGHT="20" WC="0.95" CONTENT="anstalten"/><SP WIDTH="15" VPOS="1751" HPOS="239"/>
							<String ID="string_276" HPOS="254" VPOS="1751" WIDTH="33" HEIGHT="20" WC="0.96" CONTENT="för"/><SP WIDTH="16" VPOS="1751" HPOS="287"/>
							<String ID="string_277" HPOS="303" VPOS="1751" WIDTH="142" HEIGHT="25" WC="0.96" CONTENT="minderåriga"/><SP WIDTH="13" VPOS="1751" HPOS="445"/>
							<String ID="string_278" HPOS="458" VPOS="1750" WIDTH="117" HEIGHT="26" WC="0.96" CONTENT="förbrytare"/><SP WIDTH="12" VPOS="1750" HPOS="575"/>
							<String ID="string_279" HPOS="587" VPOS="1750" WIDTH="60" HEIGHT="21" WC="0.96" CONTENT="skola"/><SP WIDTH="11" VPOS="1750" HPOS="647"/>
							<String ID="string_280" HPOS="658" VPOS="1750" WIDTH="139" HEIGHT="27" WC="0.96" CONTENT="provisoriskt"/><SP WIDTH="10" VPOS="1750" HPOS="797"/>
							<String ID="string_281" HPOS="807" VPOS="1751" WIDTH="122" HEIGHT="26" WC="0.96" CONTENT="överflyttas"/>
						</TextLine>
						<TextLine ID="line_66" HPOS="132" VPOS="1780" WIDTH="796" HEIGHT="27">
							<String ID="string_282" HPOS="132" VPOS="1781" WIDTH="33" HEIGHT="20" WC="0.92" CONTENT="till"/><SP WIDTH="22" VPOS="1781" HPOS="165"/>
							<String ID="string_283" HPOS="187" VPOS="1781" WIDTH="254" HEIGHT="26" WC="0.91" CONTENT="uppfostringsanstalten"/><SP WIDTH="17" VPOS="1781" HPOS="441"/>
							<String ID="string_284" HPOS="458" VPOS="1781" WIDTH="12" HEIGHT="19" WC="0.92" CONTENT="å"/><SP WIDTH="16" VPOS="1781" HPOS="470"/>
							<String ID="string_285" HPOS="486" VPOS="1780" WIDTH="68" HEIGHT="24" WC="0.96" CONTENT="Bona;"/><SP WIDTH="17" VPOS="1780" HPOS="554"/>
							<String ID="string_286" HPOS="571" VPOS="1780" WIDTH="39" HEIGHT="20" WC="0.96" CONTENT="och"/><SP WIDTH="17" VPOS="1780" HPOS="610"/>
							<String ID="string_287" HPOS="627" VPOS="1780" WIDTH="90" HEIGHT="27" WC="0.92" CONTENT="beviljar"/><SP WIDTH="16" VPOS="1780" HPOS="717"/>
							<String ID="string_288" HPOS="733" VPOS="1780" WIDTH="37" HEIGHT="20" WC="0.92" CONTENT="RD"/><SP WIDTH="16" VPOS="1780" HPOS="770"/>
							<String ID="string_289" HPOS="786" VPOS="1780" WIDTH="45" HEIGHT="20" WC="0.95" CONTENT="dels"/><SP WIDTH="16" VPOS="1780" HPOS="831"/>
							<String ID="string_290" HPOS="847" VPOS="1780" WIDTH="33" HEIGHT="20" WC="0.93" CONTENT="till"/><SP WIDTH="16" VPOS="1780" HPOS="880"/>
							<String ID="string_291" HPOS="896" VPOS="1787" WIDTH="32" HEIGHT="13" WC="0.93" CONTENT="av-"/>
						</TextLine>
						<TextLine ID="line_67" HPOS="132" VPOS="1810" WIDTH="797" HEIGHT="26">
							<String ID="string_292" HPOS="132" VPOS="1811" WIDTH="97" HEIGHT="25" WC="0.92" CONTENT="löningar"/><SP WIDTH="15" VPOS="1811" HPOS="229"/>
							<String ID="string_293" HPOS="244" VPOS="1811" WIDTH="40" HEIGHT="20" WC="0.93" CONTENT="och"/><SP WIDTH="12" VPOS="1811" HPOS="284"/>
							<String ID="string_294" HPOS="296" VPOS="1810" WIDTH="242" HEIGHT="25" WC="0.92" CONTENT="vikariatsersättningar"/><SP WIDTH="10" VPOS="1810" HPOS="538"/>
							<String ID="string_295" HPOS="548" VPOS="1810" WIDTH="22" HEIGHT="20" WC="0.93" CONTENT="åt"/><SP WIDTH="13" VPOS="1810" HPOS="570"/>
							<String ID="string_296" HPOS="583" VPOS="1810" WIDTH="208" HEIGHT="26" WC="0.92" CONTENT="befattningshavare"/><SP WIDTH="11" VPOS="1810" HPOS="791"/>
							<String ID="string_297" HPOS="802" VPOS="1810" WIDTH="37" HEIGHT="20" WC="0.96" CONTENT="vid"/><SP WIDTH="11" VPOS="1810" HPOS="839"/>
							<String ID="string_298" HPOS="850" VPOS="1812" WIDTH="79" HEIGHT="18" WC="0.96" CONTENT="statens"/>
						</TextLine>
						<TextLine ID="line_68" HPOS="132" VPOS="1840" WIDTH="797" HEIGHT="26">
							<String ID="string_299" HPOS="132" VPOS="1840" WIDTH="133" HEIGHT="21" WC="0.93" CONTENT="vårdanstalt"/><SP WIDTH="16" VPOS="1840" HPOS="265"/>
							<String ID="string_300" HPOS="281" VPOS="1841" WIDTH="12" HEIGHT="19" WC="0.91" CONTENT="å"/><SP WIDTH="16" VPOS="1841" HPOS="293"/>
							<String ID="string_301" HPOS="309" VPOS="1841" WIDTH="114" HEIGHT="25" WC="0.91" CONTENT="Venngarn"/><SP WIDTH="17" VPOS="1841" HPOS="423"/>
							<String ID="string_302" HPOS="440" VPOS="1840" WIDTH="33" HEIGHT="20" WC="0.96" CONTENT="för"/><SP WIDTH="15" VPOS="1840" HPOS="473"/>
							<String ID="string_303" HPOS="488" VPOS="1840" WIDTH="138" HEIGHT="20" WC="0.93" CONTENT="alkoholister"/><SP WIDTH="16" VPOS="1840" HPOS="626"/>
							<String ID="string_304" HPOS="642" VPOS="1841" WIDTH="12" HEIGHT="19" WC="0.91" CONTENT="å"/><SP WIDTH="15" VPOS="1841" HPOS="654"/>
							<String ID="string_305" HPOS="669" VPOS="1842" WIDTH="61" HEIGHT="18" WC="0.95" CONTENT="extra"/><SP WIDTH="10" VPOS="1842" HPOS="730"/>
							<String ID="string_306" HPOS="740" VPOS="1842" WIDTH="43" HEIGHT="18" WC="0.96" CONTENT="stat"/><SP WIDTH="10" VPOS="1842" HPOS="783"/>
							<String ID="string_307" HPOS="793" VPOS="1842" WIDTH="31" HEIGHT="18" WC="0.93" CONTENT="ett"/><SP WIDTH="9" VPOS="1842" HPOS="824"/>
							<String ID="string_308" HPOS="833" VPOS="1840" WIDTH="96" HEIGHT="26" WC="0.90" CONTENT="förslags-"/>
						</TextLine>
						<TextLine ID="line_69" HPOS="132" VPOS="1869" WIDTH="797" HEIGHT="27">
							<String ID="string_309" HPOS="132" VPOS="1870" WIDTH="81" HEIGHT="26" WC="0.96" CONTENT="anslag,"/><SP WIDTH="17" VPOS="1870" HPOS="213"/>
							<String ID="string_310" HPOS="230" VPOS="1870" WIDTH="68" HEIGHT="26" WC="0.96" CONTENT="högst,"/><SP WIDTH="18" VPOS="1870" HPOS="298"/>
							<String ID="string_311" HPOS="316" VPOS="1870" WIDTH="28" HEIGHT="20" WC="0.88" CONTENT="38"/><SP WIDTH="10" VPOS="1870" HPOS="344"/>
							<String ID="string_312" HPOS="354" VPOS="1870" WIDTH="42" HEIGHT="20" WC="0.88" CONTENT="395"/><SP WIDTH="17" VPOS="1870" HPOS="396"/>
							<String ID="string_313" HPOS="413" VPOS="1870" WIDTH="31" HEIGHT="20" WC="0.95" CONTENT="kr."/><SP WIDTH="17" VPOS="1870" HPOS="444"/>
							<String ID="string_314" HPOS="461" VPOS="1871" WIDTH="57" HEIGHT="19" WC="0.95" CONTENT="samt"/><SP WIDTH="15" VPOS="1871" HPOS="518"/>
							<String ID="string_315" HPOS="533" VPOS="1869" WIDTH="33" HEIGHT="20" WC="0.95" CONTENT="till"/><SP WIDTH="16" VPOS="1869" HPOS="566"/>
							<String ID="string_316" HPOS="582" VPOS="1876" WIDTH="84" HEIGHT="14" WC="0.96" CONTENT="samma"/><SP WIDTH="15" VPOS="1876" HPOS="666"/>
							<String ID="string_317" HPOS="681" VPOS="1870" WIDTH="101" HEIGHT="20" WC="0.95" CONTENT="ändamål"/><SP WIDTH="16" VPOS="1870" HPOS="782"/>
							<String ID="string_318" HPOS="798" VPOS="1871" WIDTH="27" HEIGHT="25" WC="0.93" CONTENT="på"/><SP WIDTH="14" VPOS="1871" HPOS="825"/>
							<String ID="string_319" HPOS="839" VPOS="1870" WIDTH="90" HEIGHT="26" WC="0.89" CONTENT="tilläggs-"/>
						</TextLine>
						<TextLine ID="line_70" HPOS="132" VPOS="1899" WIDTH="798" HEIGHT="27">
							<String ID="string_320" HPOS="132" VPOS="1902" WIDTH="42" HEIGHT="18" WC="0.96" CONTENT="stat"/><SP WIDTH="23" VPOS="1902" HPOS="174"/>
							<String ID="string_321" HPOS="197" VPOS="1900" WIDTH="33" HEIGHT="20" WC="0.96" CONTENT="för"/><SP WIDTH="19" VPOS="1900" HPOS="230"/>
							<String ID="string_322" HPOS="249" VPOS="1901" WIDTH="23" HEIGHT="19" WC="0.96" CONTENT="år"/><SP WIDTH="20" VPOS="1901" HPOS="272"/>
							<String ID="string_323" HPOS="292" VPOS="1900" WIDTH="55" HEIGHT="20" WC="0.96" CONTENT="1921"/><SP WIDTH="19" VPOS="1900" HPOS="347"/>
							<String ID="string_324" HPOS="366" VPOS="1902" WIDTH="30" HEIGHT="18" WC="0.93" CONTENT="ett"/><SP WIDTH="15" VPOS="1902" HPOS="396"/>
							<String ID="string_325" HPOS="411" VPOS="1899" WIDTH="170" HEIGHT="27" WC="0.91" CONTENT="förslagsanslag,"/><SP WIDTH="18" VPOS="1899" HPOS="581"/>
							<String ID="string_326" HPOS="599" VPOS="1900" WIDTH="67" HEIGHT="25" WC="0.96" CONTENT="högst,"/><SP WIDTH="19" VPOS="1900" HPOS="666"/>
							<String ID="string_327" HPOS="685" VPOS="1899" WIDTH="26" HEIGHT="20" WC="0.95" CONTENT="19"/><SP WIDTH="10" VPOS="1899" HPOS="711"/>
							<String ID="string_328" HPOS="721" VPOS="1899" WIDTH="42" HEIGHT="21" WC="0.93" CONTENT="200"/><SP WIDTH="12" VPOS="1899" HPOS="763"/>
							<String ID="string_329" HPOS="775" VPOS="1899" WIDTH="38" HEIGHT="26" WC="0.93" CONTENT="kr.,"/><SP WIDTH="17" VPOS="1899" HPOS="813"/>
							<String ID="string_330" HPOS="830" VPOS="1899" WIDTH="45" HEIGHT="21" WC="0.96" CONTENT="dels"/><SP WIDTH="16" VPOS="1899" HPOS="875"/>
							<String ID="string_331" HPOS="891" VPOS="1900" WIDTH="39" HEIGHT="20" WC="0.96" CONTENT="ock"/>
						</TextLine>
						<TextLine ID="line_71" HPOS="132" VPOS="1929" WIDTH="799" HEIGHT="27">
							<String ID="string_332" HPOS="132" VPOS="1930" WIDTH="33" HEIGHT="20" WC="0.87" CONTENT="till"/><SP WIDTH="24" VPOS="1930" HPOS="165"/>
							<String ID="string_333" HPOS="189" VPOS="1929" WIDTH="75" HEIGHT="27" WC="0.95" CONTENT="bidrag"/><SP WIDTH="23" VPOS="1929" HPOS="264"/>
							<String ID="string_334" HPOS="287" VPOS="1930" WIDTH="33" HEIGHT="20" WC="0.96" CONTENT="för"/><SP WIDTH="18" VPOS="1930" HPOS="320"/>
							<String ID="string_335" HPOS="338" VPOS="1929" WIDTH="168" HEIGHT="21" WC="0.96" CONTENT="driftkostnader"/><SP WIDTH="15" VPOS="1929" HPOS="506"/>
							<String ID="string_336" HPOS="521" VPOS="1929" WIDTH="7" HEIGHT="20" WC="0.96" CONTENT="i"/><SP WIDTH="16" VPOS="1929" HPOS="528"/>
							<String ID="string_337" HPOS="544" VPOS="1930" WIDTH="68" HEIGHT="25" WC="0.96" CONTENT="övrigt"/><SP WIDTH="16" VPOS="1930" HPOS="612"/>
							<String ID="string_338" HPOS="628" VPOS="1930" WIDTH="33" HEIGHT="20" WC="0.96" CONTENT="för"/><SP WIDTH="15" VPOS="1930" HPOS="661"/>
							<String ID="string_339" HPOS="676" VPOS="1929" WIDTH="160" HEIGHT="27" WC="0.96" CONTENT="ifrågavarande"/><SP WIDTH="16" VPOS="1929" HPOS="836"/>
							<String ID="string_340" HPOS="852" VPOS="1929" WIDTH="79" HEIGHT="21" WC="0.96" CONTENT="anstalt"/>
						</TextLine>
						<TextLine ID="line_72" HPOS="132" VPOS="1959" WIDTH="799" HEIGHT="26">
							<String ID="string_341" HPOS="132" VPOS="1960" WIDTH="12" HEIGHT="19" WC="0.92" CONTENT="å"/><SP WIDTH="22" VPOS="1960" HPOS="144"/>
							<String ID="string_342" HPOS="166" VPOS="1962" WIDTH="60" HEIGHT="18" WC="0.95" CONTENT="extra"/><SP WIDTH="25" VPOS="1962" HPOS="226"/>
							<String ID="string_343" HPOS="251" VPOS="1961" WIDTH="42" HEIGHT="19" WC="0.95" CONTENT="stat"/><SP WIDTH="22" VPOS="1961" HPOS="293"/>
							<String ID="string_344" HPOS="315" VPOS="1961" WIDTH="30" HEIGHT="19" WC="0.93" CONTENT="ett"/><SP WIDTH="16" VPOS="1961" HPOS="345"/>
							<String ID="string_345" HPOS="361" VPOS="1959" WIDTH="164" HEIGHT="26" WC="0.92" CONTENT="förslagsanslag"/><SP WIDTH="16" VPOS="1959" HPOS="525"/>
							<String ID="string_346" HPOS="541" VPOS="1966" WIDTH="26" HEIGHT="13" WC="0.96" CONTENT="av"/><SP WIDTH="16" VPOS="1966" HPOS="567"/>
							<String ID="string_347" HPOS="583" VPOS="1959" WIDTH="27" HEIGHT="20" WC="0.87" CONTENT="58"/><SP WIDTH="10" VPOS="1959" HPOS="610"/>
							<String ID="string_348" HPOS="620" VPOS="1959" WIDTH="42" HEIGHT="20" WC="0.87" CONTENT="000"/><SP WIDTH="17" VPOS="1959" HPOS="662"/>
							<String ID="string_349" HPOS="679" VPOS="1960" WIDTH="31" HEIGHT="19" WC="0.96" CONTENT="kr."/><SP WIDTH="17" VPOS="1960" HPOS="710"/>
							<String ID="string_350" HPOS="727" VPOS="1961" WIDTH="56" HEIGHT="18" WC="0.96" CONTENT="samt"/><SP WIDTH="15" VPOS="1961" HPOS="783"/>
							<String ID="string_351" HPOS="798" VPOS="1959" WIDTH="34" HEIGHT="20" WC="0.96" CONTENT="till"/><SP WIDTH="16" VPOS="1959" HPOS="832"/>
							<String ID="string_352" HPOS="848" VPOS="1966" WIDTH="83" HEIGHT="14" WC="0.95" CONTENT="samma"/>
						</TextLine>
						<TextLine ID="line_73" HPOS="133" VPOS="1989" WIDTH="798" HEIGHT="27">
							<String ID="string_353" HPOS="133" VPOS="1989" WIDTH="101" HEIGHT="20" WC="0.96" CONTENT="ändamål"/><SP WIDTH="23" VPOS="1989" HPOS="234"/>
							<String ID="string_354" HPOS="257" VPOS="1990" WIDTH="28" HEIGHT="26" WC="0.93" CONTENT="på"/><SP WIDTH="23" VPOS="1990" HPOS="285"/>
							<String ID="string_355" HPOS="308" VPOS="1989" WIDTH="127" HEIGHT="26" WC="0.88" CONTENT="tilläggsstat"/><SP WIDTH="24" VPOS="1989" HPOS="435"/>
							<String ID="string_356" HPOS="459" VPOS="1991" WIDTH="30" HEIGHT="18" WC="0.91" CONTENT="ett"/><SP WIDTH="23" VPOS="1991" HPOS="489"/>
							<String ID="string_357" HPOS="512" VPOS="1989" WIDTH="163" HEIGHT="26" WC="0.91" CONTENT="förslagsanslag"/><SP WIDTH="24" VPOS="1989" HPOS="675"/>
							<String ID="string_358" HPOS="699" VPOS="1996" WIDTH="26" HEIGHT="14" WC="0.96" CONTENT="av"/><SP WIDTH="16" VPOS="1996" HPOS="725"/>
							<String ID="string_359" HPOS="741" VPOS="1989" WIDTH="79" HEIGHT="20" WC="0.93" CONTENT="30550"/><SP WIDTH="17" VPOS="1989" HPOS="820"/>
							<String ID="string_360" HPOS="837" VPOS="1989" WIDTH="37" HEIGHT="24" WC="0.91" CONTENT="kr.;"/><SP WIDTH="17" VPOS="1989" HPOS="874"/>
							<String ID="string_361" HPOS="891" VPOS="1989" WIDTH="40" HEIGHT="20" WC="0.96" CONTENT="och"/>
						</TextLine>
						<TextLine ID="line_74" HPOS="133" VPOS="2018" WIDTH="798" HEIGHT="27">
							<String ID="string_362" HPOS="133" VPOS="2019" WIDTH="69" HEIGHT="21" WC="0.92" CONTENT="avslås"/><SP WIDTH="26" VPOS="2019" HPOS="202"/>
							<String ID="string_363" HPOS="228" VPOS="2019" WIDTH="70" HEIGHT="20" WC="0.91" CONTENT="KM:ts"/><SP WIDTH="24" VPOS="2019" HPOS="298"/>
							<String ID="string_364" HPOS="322" VPOS="2019" WIDTH="160" HEIGHT="25" WC="0.96" CONTENT="framställning"/><SP WIDTH="21" VPOS="2019" HPOS="482"/>
							<String ID="string_365" HPOS="503" VPOS="2025" WIDTH="34" HEIGHT="13" WC="0.96" CONTENT="om"/><SP WIDTH="25" VPOS="2025" HPOS="537"/>
							<String ID="string_366" HPOS="562" VPOS="2018" WIDTH="136" HEIGHT="21" WC="0.96" CONTENT="anordnande"/><SP WIDTH="24" VPOS="2018" HPOS="698"/>
							<String ID="string_367" HPOS="722" VPOS="2025" WIDTH="26" HEIGHT="14" WC="0.96" CONTENT="av"/><SP WIDTH="16" VPOS="2025" HPOS="748"/>
							<String ID="string_368" HPOS="764" VPOS="2025" WIDTH="26" HEIGHT="14" WC="0.96" CONTENT="en"/><SP WIDTH="16" VPOS="2025" HPOS="790"/>
							<String ID="string_369" HPOS="806" VPOS="2026" WIDTH="30" HEIGHT="19" WC="0.96" CONTENT="ny"/><SP WIDTH="15" VPOS="2026" HPOS="836"/>
							<String ID="string_370" HPOS="851" VPOS="2020" WIDTH="80" HEIGHT="19" WC="0.95" CONTENT="statens"/>
						</TextLine>
					</TextBlock>
				</ComposedBlock>
				<ComposedBlock ID="cblock_35" HPOS="943" VPOS="1387" WIDTH="56" HEIGHT="22">
					<TextBlock ID="block_38" HPOS="943" VPOS="1387" WIDTH="56" HEIGHT="22">
						<TextLine ID="line_75" HPOS="943" VPOS="1387" WIDTH="56" HEIGHT="22">
							<String ID="string_371" HPOS="943" VPOS="1387" WIDTH="56" HEIGHT="22" WC="0.95" CONTENT="1927"/>
						</TextLine>
					</TextBlock>
				</ComposedBlock>
				<ComposedBlock ID="cblock_36" HPOS="943" VPOS="1601" WIDTH="55" HEIGHT="22">
					<TextBlock ID="block_39" HPOS="943" VPOS="1601" WIDTH="55" HEIGHT="22">
						<TextLine ID="line_76" HPOS="943" VPOS="1601" WIDTH="55" HEIGHT="22">
							<String ID="string_372" HPOS="943" VPOS="1601" WIDTH="55" HEIGHT="22" WC="0.96" CONTENT="1921"/>
						</TextLine>
					</TextBlock>
				</ComposedBlock>
				<ComposedBlock ID="cblock_37" HPOS="928" VPOS="208" WIDTH="20" HEIGHT="1866">
					<TextBlock ID="block_40" HPOS="928" VPOS="208" WIDTH="20" HEIGHT="1866">
						<TextLine ID="line_77" HPOS="928" VPOS="208" WIDTH="20" HEIGHT="1866">
							<String ID="string_373" HPOS="928" VPOS="208" WIDTH="20" HEIGHT="1866" WC="0.95" CONTENT=" "/>
						</TextLine>
					</TextBlock>
				</ComposedBlock>
				<ComposedBlock ID="cblock_38" HPOS="134" VPOS="2048" WIDTH="644" HEIGHT="26">
					<TextBlock ID="block_41" HPOS="134" VPOS="2048" WIDTH="644" HEIGHT="26">
						<TextLine ID="line_78" HPOS="134" VPOS="2048" WIDTH="644" HEIGHT="26">
							<String ID="string_374" HPOS="134" VPOS="2048" WIDTH="132" HEIGHT="21" WC="0.96" CONTENT="vårdanstalt"/><SP WIDTH="15" VPOS="2048" HPOS="266"/>
							<String ID="string_375" HPOS="281" VPOS="2049" WIDTH="33" HEIGHT="20" WC="0.96" CONTENT="för"/><SP WIDTH="16" VPOS="2049" HPOS="314"/>
							<String ID="string_376" HPOS="330" VPOS="2048" WIDTH="139" HEIGHT="21" WC="0.96" CONTENT="alkoholister"/><SP WIDTH="16" VPOS="2048" HPOS="469"/>
							<String ID="string_377" HPOS="485" VPOS="2048" WIDTH="7" HEIGHT="20" WC="0.93" CONTENT="i"/><SP WIDTH="16" VPOS="2048" HPOS="492"/>
							<String ID="string_378" HPOS="508" VPOS="2048" WIDTH="127" HEIGHT="20" WC="0.92" CONTENT="Ventholms"/><SP WIDTH="16" VPOS="2048" HPOS="635"/>
							<String ID="string_379" HPOS="651" VPOS="2048" WIDTH="127" HEIGHT="26" WC="0.95" CONTENT="kungsgård."/>
						</TextLine>
					</TextBlock>
				</ComposedBlock>
				<ComposedBlock ID="cblock_39" HPOS="1016" VPOS="1389" WIDTH="42" HEIGHT="20">
					<TextBlock ID="block_42" HPOS="1016" VPOS="1389" WIDTH="42" HEIGHT="20">
						<TextLine ID="line_79" HPOS="1016" VPOS="1389" WIDTH="42" HEIGHT="20">
							<String ID="string_380" HPOS="1016" VPOS="1389" WIDTH="42" HEIGHT="20" WC="0.96" CONTENT="148"/>
						</TextLine>
					</TextBlock>
				</ComposedBlock>
				<ComposedBlock ID="cblock_40" HPOS="992" VPOS="216" WIDTH="24" HEIGHT="1859">
					<TextBlock ID="block_43" HPOS="992" VPOS="216" WIDTH="24" HEIGHT="1859">
						<TextLine ID="line_80" HPOS="992" VPOS="216" WIDTH="24" HEIGHT="1859">
							<String ID="string_381" HPOS="992" VPOS="216" WIDTH="24" HEIGHT="1859" WC="0.95" CONTENT=" "/>
						</TextLine>
					</TextBlock>
				</ComposedBlock>
				<ComposedBlock ID="cblock_41" HPOS="1" VPOS="2347" WIDTH="943" HEIGHT="5">
					<TextBlock ID="block_44" HPOS="1" VPOS="2347" WIDTH="943" HEIGHT="5">
						<TextLine ID="line_81" HPOS="1" VPOS="2347" WIDTH="943" HEIGHT="5">
							<String ID="string_382" HPOS="1" VPOS="2347" WIDTH="943" HEIGHT="5" WC="0.95" CONTENT=" "/>
						</TextLine>
					</TextBlock>
				</ComposedBlock>
				<ComposedBlock ID="cblock_42" HPOS="1074" VPOS="1602" WIDTH="42" HEIGHT="50">
					<TextBlock ID="block_45" HPOS="1074" VPOS="1602" WIDTH="42" HEIGHT="50">
						<TextLine ID="line_82" HPOS="1074" VPOS="1602" WIDTH="42" HEIGHT="20">
							<String ID="string_383" HPOS="1074" VPOS="1602" WIDTH="42" HEIGHT="20" WC="0.96" CONTENT="200"/>
						</TextLine>
						<TextLine ID="line_83" HPOS="1074" VPOS="1632" WIDTH="42" HEIGHT="20">
							<String ID="string_384" HPOS="1074" VPOS="1632" WIDTH="42" HEIGHT="20" WC="0.96" CONTENT="208"/>
						</TextLine>
					</TextBlock>
				</ComposedBlock>
				<ComposedBlock ID="cblock_43" HPOS="1059" VPOS="216" WIDTH="20" HEIGHT="1859">
					<TextBlock ID="block_46" HPOS="1059" VPOS="216" WIDTH="20" HEIGHT="1859">
						<TextLine ID="line_84" HPOS="1059" VPOS="216" WIDTH="20" HEIGHT="1859">
							<String ID="string_385" HPOS="1059" VPOS="216" WIDTH="20" HEIGHT="1859" WC="0.95" CONTENT=" "/>
						</TextLine>
					</TextBlock>
				</ComposedBlock>
				<ComposedBlock ID="cblock_44" HPOS="1127" VPOS="1602" WIDTH="43" HEIGHT="20">
					<TextBlock ID="block_47" HPOS="1127" VPOS="1602" WIDTH="43" HEIGHT="20">
						<TextLine ID="line_85" HPOS="1127" VPOS="1602" WIDTH="43" HEIGHT="20">
							<String ID="string_386" HPOS="1127" VPOS="1602" WIDTH="43" HEIGHT="20" WC="0.96" CONTENT="288"/>
						</TextLine>
					</TextBlock>
				</ComposedBlock>
				<ComposedBlock ID="cblock_45" HPOS="1196" VPOS="1601" WIDTH="117" HEIGHT="21">
					<TextBlock ID="block_48" HPOS="1196" VPOS="1601" WIDTH="117" HEIGHT="21">
						<TextLine ID="line_86" HPOS="1196" VPOS="1601" WIDTH="117" HEIGHT="21">
							<String ID="string_387" HPOS="1196" VPOS="1602" WIDTH="12" HEIGHT="20" WC="0.42" CONTENT="6)"/><SP WIDTH="30" VPOS="1602" HPOS="1208"/>
							<String ID="string_388" HPOS="1238" VPOS="1601" WIDTH="75" HEIGHT="20" WC="0.0" CONTENT="11/137"/>
						</TextLine>
					</TextBlock>
				</ComposedBlock>
				<ComposedBlock ID="cblock_46" HPOS="1165" VPOS="208" WIDTH="21" HEIGHT="1867">
					<TextBlock ID="block_49" HPOS="1165" VPOS="208" WIDTH="21" HEIGHT="1867">
						<TextLine ID="line_87" HPOS="1165" VPOS="208" WIDTH="21" HEIGHT="1867">
							<String ID="string_389" HPOS="1165" VPOS="208" WIDTH="21" HEIGHT="1867" WC="0.95" CONTENT=" "/>
						</TextLine>
					</TextBlock>
				</ComposedBlock>
				<ComposedBlock ID="cblock_47" HPOS="1113" VPOS="356" WIDTH="20" HEIGHT="1719">
					<TextBlock ID="block_50" HPOS="1113" VPOS="356" WIDTH="20" HEIGHT="1719">
						<TextLine ID="line_88" HPOS="1113" VPOS="356" WIDTH="20" HEIGHT="1719">
							<String ID="string_390" HPOS="1113" VPOS="356" WIDTH="20" HEIGHT="1719" WC="0.95" CONTENT=" "/>
						</TextLine>
					</TextBlock>
				</ComposedBlock>
				<ComposedBlock ID="cblock_48" HPOS="1208" VPOS="357" WIDTH="19" HEIGHT="1718">
					<TextBlock ID="block_51" HPOS="1208" VPOS="357" WIDTH="19" HEIGHT="1718">
						<TextLine ID="line_89" HPOS="1208" VPOS="357" WIDTH="19" HEIGHT="1718">
							<String ID="string_391" HPOS="1208" VPOS="357" WIDTH="19" HEIGHT="1718" WC="0.95" CONTENT=" "/>
						</TextLine>
					</TextBlock>
				</ComposedBlock>
				<ComposedBlock ID="cblock_49" HPOS="1250" VPOS="357" WIDTH="20" HEIGHT="1717">
					<TextBlock ID="block_52" HPOS="1250" VPOS="357" WIDTH="20" HEIGHT="1717">
						<TextLine ID="line_90" HPOS="1250" VPOS="357" WIDTH="20" HEIGHT="1717">
							<String ID="string_392" HPOS="1250" VPOS="357" WIDTH="20" HEIGHT="1717" WC="0.95" CONTENT=" "/>
						</TextLine>
					</TextBlock>
				</ComposedBlock>
				<ComposedBlock ID="cblock_50" HPOS="1315" VPOS="362" WIDTH="20" HEIGHT="1712">
					<TextBlock ID="block_53" HPOS="1315" VPOS="362" WIDTH="20" HEIGHT="1712">
						<TextLine ID="line_91" HPOS="1315" VPOS="362" WIDTH="20" HEIGHT="1712">
							<String ID="string_393" HPOS="1315" VPOS="362" WIDTH="20" HEIGHT="1712" WC="0.95" CONTENT=" "/>
						</TextLine>
					</TextBlock>
				</ComposedBlock>
				<ComposedBlock ID="cblock_51" HPOS="1423" VPOS="361" WIDTH="12" HEIGHT="878">
					<TextBlock ID="block_54" HPOS="1423" VPOS="361" WIDTH="12" HEIGHT="878">
						<TextLine ID="line_92" HPOS="1423" VPOS="361" WIDTH="12" HEIGHT="878">
							<String ID="string_394" HPOS="1423" VPOS="361" WIDTH="12" HEIGHT="878" WC="0.95" CONTENT=" "/>
						</TextLine>
					</TextBlock>
				</ComposedBlock>
				<ComposedBlock ID="cblock_52" HPOS="1387" VPOS="1598" WIDTH="47" HEIGHT="42">
					<TextBlock ID="block_55" HPOS="1387" VPOS="1598" WIDTH="47" HEIGHT="42">
						<TextLine ID="line_93" HPOS="1387" VPOS="1598" WIDTH="47" HEIGHT="42">
							<String ID="string_395" HPOS="1387" VPOS="1598" WIDTH="47" HEIGHT="42" WC="0.25" CONTENT="270/"/>
						</TextLine>
					</TextBlock>
				</ComposedBlock>
				<ComposedBlock ID="cblock_53" HPOS="1422" VPOS="361" WIDTH="19" HEIGHT="1682">
					<TextBlock ID="block_56" HPOS="1422" VPOS="361" WIDTH="19" HEIGHT="1682">
						<TextLine ID="line_94" HPOS="1422" VPOS="361" WIDTH="19" HEIGHT="1682">
							<String ID="string_396" HPOS="1422" VPOS="361" WIDTH="19" HEIGHT="1682" WC="0.95" CONTENT=" "/>
						</TextLine>
					</TextBlock>
				</ComposedBlock>
				<ComposedBlock ID="cblock_54" HPOS="1365" VPOS="216" WIDTH="22" HEIGHT="1859">
					<TextBlock ID="block_57" HPOS="1365" VPOS="216" WIDTH="22" HEIGHT="1859">
						<TextLine ID="line_95" HPOS="1365" VPOS="216" WIDTH="22" HEIGHT="1859">
							<String ID="string_397" HPOS="1365" VPOS="216" WIDTH="22" HEIGHT="1859" WC="0.95" CONTENT=" "/>
						</TextLine>
					</TextBlock>
				</ComposedBlock>
				<ComposedBlock ID="cblock_55" HPOS="1370" VPOS="216" WIDTH="21" HEIGHT="1859">
					<TextBlock ID="block_58" HPOS="1370" VPOS="216" WIDTH="21" HEIGHT="1859">
						<TextLine ID="line_96" HPOS="1370" VPOS="216" WIDTH="21" HEIGHT="1859">
							<String ID="string_398" HPOS="1370" VPOS="216" WIDTH="21" HEIGHT="1859" WC="0.95" CONTENT=" "/>
						</TextLine>
					</TextBlock>
				</ComposedBlock>
				<ComposedBlock ID="cblock_56" HPOS="1566" VPOS="360" WIDTH="11" HEIGHT="793">
					<TextBlock ID="block_59" HPOS="1566" VPOS="360" WIDTH="11" HEIGHT="793">
						<TextLine ID="line_97" HPOS="1566" VPOS="360" WIDTH="11" HEIGHT="793">
							<String ID="string_399" HPOS="1566" VPOS="360" WIDTH="11" HEIGHT="793" WC="0.95" CONTENT=" "/>
						</TextLine>
					</TextBlock>
				</ComposedBlock>
				<ComposedBlock ID="cblock_57" HPOS="1495" VPOS="1387" WIDTH="154" HEIGHT="21">
					<TextBlock ID="block_60" HPOS="1495" VPOS="1387" WIDTH="154" HEIGHT="21">
						<TextLine ID="line_98" HPOS="1495" VPOS="1387" WIDTH="154" HEIGHT="21">
							<String ID="string_400" HPOS="1495" VPOS="1387" WIDTH="67" HEIGHT="21" WC="0.81" CONTENT="17:19"/><SP WIDTH="3" VPOS="1387" HPOS="1562"/>
							<String ID="string_401" HPOS="1565" VPOS="1383" WIDTH="18" HEIGHT="34" WC="0.81" CONTENT="|"/><SP WIDTH="13" VPOS="1383" HPOS="1583"/>
							<String ID="string_402" HPOS="1596" VPOS="1388" WIDTH="53" HEIGHT="20" WC="0.91" CONTENT="18:9"/>
						</TextLine>
					</TextBlock>
				</ComposedBlock>
				<ComposedBlock ID="cblock_58" HPOS="1479" VPOS="1601" WIDTH="188" HEIGHT="20">
					<TextBlock ID="block_61" HPOS="1479" VPOS="1601" WIDTH="188" HEIGHT="20">
						<TextLine ID="line_99" HPOS="1479" VPOS="1601" WIDTH="188" HEIGHT="20">
							<String ID="string_403" HPOS="1479" VPOS="1601" WIDTH="34" HEIGHT="20" WC="0.92" CONTENT="40:"/><SP WIDTH="11" VPOS="1601" HPOS="1513"/>
							<String ID="string_404" HPOS="1524" VPOS="1601" WIDTH="48" HEIGHT="20" WC="0.35" CONTENT="108d)"/><SP WIDTH="23" VPOS="1601" HPOS="1572"/>
							<String ID="string_405" HPOS="1595" VPOS="1601" WIDTH="34" HEIGHT="20" WC="0.92" CONTENT="49:"/><SP WIDTH="11" VPOS="1601" HPOS="1629"/>
							<String ID="string_406" HPOS="1640" VPOS="1601" WIDTH="27" HEIGHT="20" WC="0.91" CONTENT="2d"/>
						</TextLine>
					</TextBlock>
				</ComposedBlock>
				<ComposedBlock ID="cblock_59" HPOS="1664" VPOS="208" WIDTH="24" HEIGHT="1867">
					<TextBlock ID="block_62" HPOS="1664" VPOS="208" WIDTH="24" HEIGHT="1867">
						<TextLine ID="line_100" HPOS="1664" VPOS="208" WIDTH="24" HEIGHT="1867">
							<String ID="string_407" HPOS="1664" VPOS="208" WIDTH="24" HEIGHT="1867" WC="0.95" CONTENT=" "/>
						</TextLine>
					</TextBlock>
				</ComposedBlock>
				<ComposedBlock ID="cblock_60" HPOS="1462" VPOS="216" WIDTH="24" HEIGHT="1860">
					<TextBlock ID="block_63" HPOS="1462" VPOS="216" WIDTH="24" HEIGHT="1860">
						<TextLine ID="line_101" HPOS="1462" VPOS="216" WIDTH="24" HEIGHT="1860">
							<String ID="string_408" HPOS="1462" VPOS="216" WIDTH="24" HEIGHT="1860" WC="0.95" CONTENT=" "/>
						</TextLine>
					</TextBlock>
				</ComposedBlock>
				<ComposedBlock ID="cblock_61" HPOS="1574" VPOS="1354" WIDTH="6" HEIGHT="720">
					<TextBlock ID="block_64" HPOS="1574" VPOS="1354" WIDTH="6" HEIGHT="720">
						<TextLine ID="line_102" HPOS="1574" VPOS="1354" WIDTH="6" HEIGHT="720">
							<String ID="string_409" HPOS="1574" VPOS="1354" WIDTH="6" HEIGHT="720" WC="0.95" CONTENT=" "/>
						</TextLine>
					</TextBlock>
				</ComposedBlock>
			</PrintSpace>
		</Page>
	</Layout>
</alto>
