1840 2355
168 76 42 20 326

187 255 205 26 Folkpensionering.

186 291 119 20 kostnader
320 291 68 20 under
403 297 82 13 samma
504 290 106 26 budgetår
626 290 32 20 för
674 289 249 27 utjämningspensioner
939 289 39 20 och
995 289 80 26 utjäm-

187 320 188 27 ningsunderstöd.

218 351 30 19 11.
265 350 41 20 RD
322 350 72 20 avslår
409 350 83 20 motion
508 356 34 13 om
558 349 44 20 viss
617 349 91 26 ändring
724 349 5 20 i
745 349 61 26 lagen
823 355 34 14 om
874 348 143 27 provisoriska
1034 349 42 20 för-

187 380 139 27 stärkningar
337 386 28 14 av
377 380 200 26 tilläggspensioner
589 380 40 19 och
642 379 209 20 invalidunderstöd.

217 410 31 20 12.
264 410 55 26 Ang.
340 410 100 26 fribiljett
460 410 33 20 för
512 411 150 18 semesterresa
682 409 24 20 åt
726 408 168 27 folkpensionär;
915 415 21 13 se
956 409 120 26 Järnvägar

188 440 62 26 (1945
260 440 37 26 H).

218 488 16 20 1.
252 488 41 20 RD
304 488 87 20 anvisar
403 487 30 20 till
446 487 74 26 bidrag
533 487 30 20 till
574 486 160 27 folkpensioner
744 487 39 19 och
795 486 201 20 invalidunderstöd
1008 492 28 14 m.
1046 492 28 14 m.

191 518 36 20 149
237 518 40 20 000
286 518 41 20 000
339 518 32 19 kr.
385 518 32 25 (f).

215 548 20 20 2.
251 548 42 20 RD
303 547 87 21 anvisar
399 547 31 20 till
439 547 101 26 åtgärder
548 546 32 21 till
589 546 159 27 förebyggande
758 546 39 20 och
808 546 99 20 hävande
916 552 28 14 av
952 545 124 21 invaliditet

187 577 11 20 4
210 578 40 20 700
258 577 41 20 000
313 578 32 19 kr.
362 577 33 25 (r).

215 608 20 19 3.
252 607 42 20 RD
307 607 87 20 anvisar
407 606 30 20 till
450 606 121 26 ersättning
584 606 31 20 till
629 606 126 26 postverket
767 606 33 20 för
813 605 264 27 pensionsutbetalningar

190 637 60 20 1950
258 637 42 20 000
312 637 32 20 kr.
358 637 33 25 (f).

215 667 20 20 4.
252 667 42 20 RD
313 668 91 25 antager
422 666 79 26 förslag
521 666 31 19 till
572 666 34 26 lag
625 672 34 13 om
680 665 161 26 dyrtidstillägg
860 665 68 20 under
947 665 129 26 budgetåret

190 697 88 25 1946/47
294 697 12 19 å
321 696 166 26 folkpensioner,
504 695 201 21 invalidunderstöd
722 695 38 20 och
777 694 138 27 barnbidrag,
931 694 32 20 till
979 695 34 26 lag
1028 699 48 21 ang.

187 727 92 26 ändring
292 726 5 20 i
311 726 61 26 lagen
385 726 41 19 den
442 726 6 19 1
465 726 44 19 dec.
526 725 51 20 1944
591 726 34 25 (nr
637 725 49 26 751)
699 731 34 14 om
748 724 145 27 provisoriska
906 724 172 26 förstärkningar

187 762 28 15 av
235 756 197 27 tilläggspensioner
450 756 39 19 och
508 755 208 22 invalidunderstöd,
736 755 30 19 till
785 755 34 26 lag
837 761 35 13 om
893 754 82 21 ändrad
998 754 80 26 lydelse

187 793 28 13 av
227 787 13 19 2
251 787 39 19 och
302 787 12 19 6
325 787 20 24 $$
356 786 61 25 lagen
429 786 41 19 den
484 785 6 20 1
504 785 47 25 juni
564 785 52 20 1945
627 785 35 25 (nr
672 785 49 25 233)
732 791 34 13 om
779 784 144 26 provisoriska
934 783 144 27 utjämnings-

188 816 113 26 pensioner
321 816 38 19 och
382 815 253 26 utjämningsunderstöd
656 816 58 18 samt
733 814 32 20 till
786 814 126 26 förordning
932 820 35 14 om
984 813 94 27 dyrtids-

187 846 75 26 tillägg
274 846 68 20 under
353 845 130 27 budgetåret
496 844 90 27 1946/47
597 845 12 19 å
622 844 263 26 blindhetsersättningar;
893 844 40 20 och
940 843 88 21 anvisar
1035 843 42 20 RD

188 876 32 20 till
228 876 76 26 bidrag
311 875 33 20 till
350 875 178 26 dyrtidstillägg
510 869 19 37 å
534 874 160 26 folkpensioner
700 874 39 20 och
745 873 202 21 invalidunderstöd
952 873 27 21 62
988 873 40 21 600
1037 873 41 20 000

187 906 32 20 kr.
237 906 32 26 (f),
286 905 33 20 till
335 904 161 27 dyrtidstillägg
511 905 11 19 å
534 904 122 26 ersättning
667 904 24 20 åt
703 904 73 20 blinda
789 904 41 20 670
838 904 41 20 000
891 903 32 20 kr.
936 903 26 26 (f)
975 904 58 19 samt
1045 903 32 20 till

188 935 76 26 bidrag
280 935 32 20 till
329 934 145 27 provisoriska
491 934 172 26 förstärkningar
678 940 28 13 av
722 933 200 27 tilläggspensioner
933 933 40 20 och
986 933 92 20 invalid-

188 965 118 20 understöd
318 965 26 20 87
353 965 41 19 000
403 964 41 20 000
455 964 32 20 kr.
500 963 33 27 (f).

216 995 19 20 5.
252 995 41 20 RD
305 996 91 25 antager
407 994 79 26 förslag
496 994 32 20 till
540 994 34 26 lag
585 999 48 20 ang.
645 993 83 20 ändrad
741 993 79 26 lydelse
831 999 28 14 av
870 993 13 20 5
893 993 10 25 $
914 993 13 19 2
937 999 66 13 mom.
1016 993 61 26 lagen

188 1025 41 20 den
243 1025 24 20 18
277 1024 48 26 juni
338 1024 52 20 1937
402 1024 34 25 (nr
447 1024 49 25 382)
508 1030 34 13 om
555 1023 131 26 barnbidrag
697 1024 59 19 samt
767 1023 31 20 till
810 1023 34 26 lag
856 1029 34 13 om
902 1023 83 20 ändrad
997 1022 80 26 lydelse

187 1060 28 14 av
228 1055 13 19 8
253 1055 10 23 $
276 1055 12 19 2
301 1060 66 13 mom.
381 1053 256 26 bidragsförskottslagen
650 1053 42 19 den
707 1053 20 19 11
743 1052 47 26 juni
805 1052 52 20 1943
870 1052 35 26 (nr
917 1052 56 25 382);
988 1052 39 20 och
1040 1058 37 14 an-

187 1084 58 19 visar
256 1084 42 19 RD
309 1083 34 20 till
354 1083 131 26 barnbidrag
496 1083 12 19 8
518 1082 40 20 250
567 1082 41 20 000
618 1082 32 20 kr.
662 1082 33 25 (f),
708 1081 32 21 till
751 1081 161 27 dyrtidstillägg
922 1082 12 20 å
946 1081 131 26 barnbidrag

187 1113 13 20 3
209 1113 41 20 800
258 1113 41 20 000
315 1113 31 20 kr.
364 1113 25 25 (f)
405 1114 58 18 samt
478 1112 33 20 till
527 1112 120 25 ersättning
664 1112 31 19 till
712 1111 270 20 barnavårdsnämnderna
998 1111 33 20 för
1046 1111 31 20 bi-

188 1143 159 26 dragsförskott
359 1143 13 19 3
380 1143 42 19 000
430 1142 41 20 000
483 1142 32 19 kr.
529 1142 33 25 (f).

215 1173 19 19 6.
251 1172 42 20 RD
304 1172 79 26 uppför
394 1171 30 20 till
434 1171 102 26 åtgärder
544 1171 32 20 till
586 1171 160 25 förebyggande
757 1170 39 20 och
806 1170 101 20 hävande
916 1176 28 14 av
953 1170 125 20 invaliditet

187 1202 12 20 å
212 1202 79 20 allmän
305 1202 177 25 beredskapsstat
494 1202 33 18 ett
538 1201 75 25 anslag
624 1207 28 13 av
664 1200 40 20 275
713 1200 41 20 000
765 1200 32 20 kr.

216 1232 18 20 7.
252 1232 41 20 RD
307 1233 90 24 antager
409 1232 33 19 för
454 1231 32 20 sin
499 1230 33 20 del
545 1231 34 25 lag
591 1236 35 14 om
640 1229 202 27 folkpensionering,
856 1230 34 26 lag
902 1234 49 22 ang.
964 1229 112 20 införande

187 1267 28 14 av
228 1268 43 19 nya
284 1261 61 26 lagen
359 1267 34 13 om
407 1260 197 27 folkpensionering
616 1261 57 19 samt
686 1260 34 25 lag
733 1266 34 13 om
781 1259 87 29 frivillig
880 1259 75 26 statlig
967 1259 110 26 pensions-

187 1291 128 26 försäkring;
330 1291 39 20 och
382 1290 97 21 anhåller
492 1290 49 23 RD,
555 1291 34 19 att
602 1290 63 19 KM:t
678 1289 50 20 ville
740 1289 44 20 låta
798 1289 6 20 i
817 1289 95 26 enlighet
924 1289 50 20 med
987 1289 42 20 vad
1043 1290 34 19 ut-

187 1321 84 20 skottet
282 1320 6 20 i
299 1321 76 25 frågan
387 1320 73 20 anfört
471 1319 117 21 verkställa
600 1319 118 26 skyndsam
731 1319 116 26 utredning
858 1320 40 19 rör.
910 1319 122 26 grunderna
1045 1319 33 19 för

187 1351 169 20 kommunernas
371 1350 75 26 bidrag
459 1349 33 20 till
506 1349 255 27 pensionskostnaderna.

215 1381 19 19 8.
251 1381 42 19 RD
308 1382 90 24 antager
411 1379 80 26 förslag
504 1379 33 20 till
550 1379 35 26 lag
598 1384 49 21 ang.
661 1379 100 26 förlängd
774 1378 101 26 giltighet
887 1384 28 14 av
928 1378 101 26 gällande
1046 1378 31 20 in-

188 1410 86 26 delning
288 1410 6 20 i
308 1411 140 25 ortsgrupper
460 1409 88 26 jämlikt
562 1409 61 26 lagen
638 1409 41 19 den
693 1409 26 19 28
732 1408 48 26 juni
795 1408 53 20 1935
862 1408 34 26 (nr
909 1408 50 26 434)
973 1414 35 14 om
1022 1408 55 20 folk-

187 1439 157 27 pensionering.

217 1482 17 19 1.
251 1481 42 20 RD
311 1482 90 25 antager
418 1481 34 25 lag
470 1487 34 13 om
522 1480 161 26 dyrtidstillägg
700 1480 69 20 under
785 1485 74 14 senare
876 1479 100 20 halvåret
995 1479 51 20 1947
1064 1479 12 20 å

187 1511 161 26 folkpensioner
363 1511 39 19 och
418 1510 209 22 invalidunderstöd,
643 1510 34 26 lag
693 1516 34 13 om
743 1509 161 26 dyrtidstillägg
919 1509 69 20 under
1002 1515 74 14 senare

187 1541 100 20 halvåret
300 1540 52 21 1947
364 1541 12 19 å
388 1540 138 26 barnbidrag,
539 1540 35 26 lag
585 1545 48 21 ang.
646 1539 92 26 ändring
749 1539 6 20 i
767 1539 61 26 lagen
841 1539 41 20 den
896 1539 8 19 1
918 1539 45 20 dec.
978 1538 53 20 1944
1042 1539 35 25 (nr

187 1570 50 26 751)
255 1577 35 13 om
309 1570 145 27 provisoriska
473 1569 172 26 förstärkningar
662 1575 28 14 av
709 1568 200 27 tilläggspensioner
927 1568 40 20 och
985 1568 91 20 invalid-

187 1600 126 23 understöd,
326 1600 34 26 lag
372 1605 48 21 ang.
433 1600 84 20 ändrad
528 1599 81 26 lydelse
620 1605 28 14 av
662 1599 8 20 1
684 1600 10 24 $
705 1599 62 26 lagen
779 1598 42 20 den
834 1598 9 20 1
856 1598 48 26 juni
916 1598 53 20 1945
981 1598 35 25 (nr
1027 1598 49 26 233)

188 1636 34 14 om
245 1629 146 27 provisoriska
414 1628 250 27 utjämningspensioner
686 1629 40 19 och
749 1628 262 26 utjämningsunderstöd,
1034 1628 43 20 för-

188 1660 91 26 ordning
292 1665 36 14 om
341 1659 161 26 dyrtidstillägg
515 1659 69 19 under
596 1664 74 14 senare
683 1658 100 20 halvåret
797 1658 52 20 1947
862 1658 13 20 å
888 1657 189 21 blindhetsersätt-

187 1689 77 27 ningar
275 1689 39 20 och
325 1689 126 25 förordning
461 1694 49 20 ang.
522 1688 83 20 ändrad
616 1688 81 26 lydelse
707 1694 28 14 av
748 1688 8 19 1
769 1688 10 25 $
790 1686 154 27 förordningen
954 1687 42 20 den
1009 1687 7 20 1
1029 1686 48 27 juni

189 1719 52 20 1945
255 1719 35 26 (nr
302 1719 49 25 239)
365 1725 35 13 om
413 1718 132 26 provisorisk
558 1717 147 27 förstärkning
718 1724 28 13 av
759 1717 264 26 blindhetsersättningar;
1037 1717 39 19 och

186 1749 88 20 anvisar
291 1748 42 20 RD
351 1748 71 20 såsom
440 1747 166 27 förslagsanslag
622 1747 33 20 till
672 1747 76 26 bidrag
765 1747 32 20 till
815 1746 161 27 dyrtidstillägg
992 1746 13 20 å
1022 1746 55 20 folk-

187 1778 114 27 pensioner
311 1778 39 20 och
360 1777 203 21 invalidunderstöd
573 1777 27 20 26
609 1777 41 20 400
658 1777 41 20 000
709 1777 39 23 kr.,
759 1776 33 20 till
802 1776 77 27 bidrag
888 1776 33 20 till
931 1776 145 27 provisoriska

187 1808 173 26 förstärkningar
373 1814 28 14 av
414 1807 201 27 tilläggspensioner
628 1807 40 20 och
681 1806 202 21 invalidunderstöd
897 1806 76 23 80,900
982 1806 41 20 000
1036 1806 39 23 kr.,

187 1838 32 20 till
233 1837 132 27 provisorisk
378 1837 148 26 förstärkning
539 1843 28 14 av
581 1836 121 26 ersättning
715 1837 24 19 åt
752 1836 73 20 blinda
842 1836 38 20 175
889 1836 41 20 000
943 1836 32 20 kr.
990 1836 40 20 och
1044 1835 32 21 till

188 1867 160 27 dyrtidstillägg
360 1867 13 20 å
386 1867 121 26 ersättning
519 1867 24 20 åt
555 1866 74 21 blinda
642 1866 40 20 335
691 1866 42 20 000
744 1866 32 20 kr.

216 1898 19 19 2.
252 1897 40 20 RD
308 1897 72 20 avslår
395 1897 108 20 motioner
514 1902 34 14 om
561 1896 116 26 utredning
688 1901 48 21 ang.
749 1896 41 20 den
802 1895 88 27 statliga
902 1895 174 26 folkpensionens

187 1927 170 20 kombinerande
370 1927 49 20 med
433 1926 193 27 företagspension.

215 1957 19 20 3.
251 1957 42 20 RD
308 1957 72 19 avslår
393 1956 83 20 motion
491 1961 48 21 ang.
554 1955 171 27 indexreglering
738 1961 28 14 av
781 1955 188 26 folkpensionerna
984 1961 27 13 m.
1022 1960 28 14 m.

215 1986 19 20 4.
251 1987 42 20 RD
304 1986 71 20 avslår
384 1986 83 20 motion
479 1992 34 14 om
524 1986 68 20 sådan
602 1985 91 26 ändring
703 1985 6 20 i
719 1985 61 26 lagen
791 1991 35 14 om
836 1984 196 27 folkpensionering
1042 1985 35 19 att

187 2016 251 27 invalidpensionärerna
466 2015 138 21 beträffande
632 2014 218 27 behovsprövningen
877 2014 122 26 jämställas
1027 2014 49 20 med

187 2046 245 26 ålderspensionärerna.

187 2105 40 21 415
236 2105 41 21 000
285 2105 41 20 000
339 2105 32 20 kr.
385 2105 33 26 (f).

215 2076 19 20 5.
251 2076 42 20 RD
304 2075 88 20 anvisar
401 2075 32 20 till
445 2075 76 26 bidrag
531 2074 32 21 till
574 2074 161 27 folkpensioner
745 2074 39 20 och
795 2073 202 21 invalidunderstöd
1008 2079 28 14 m.
1047 2079 28 14 m.
1096 2075 3 4 |”

1231 164 90 16 Motioner
1379 164 78 16 Utskott
1512 159 24 32 rs
1620 163 94 17 Protokoll

1096 184 25 21 År
1118 180 18 35 |
1144 188 53 20 Prop.
1212 200 39 1 |
1300 199 35 3 Sk
1370 200 59 2 os
1501 175 49 41 RR
1583 200 44 1 SE
1709 200 50 2 sid

1225 218 32 16 FK
1264 214 19 29 |
1288 218 34 16 AK
1344 218 85 16 |SmllAvd!
1452 218 27 16 Nr
1598 218 32 16 FK
1696 218 35 16 AK

1095 349 28 20 45|
1164 360 28 2 —I
1236 360 27 3 —|
1301 349 26 19 681
1362 348 14 20 9]
1410 349 13 20 21
1461 348 26 20 551
1526 348 120 20 —J]25:12
1649 344 23 34 |
1678 349 32 20 25:
1722 350 23 18 85

1096 486 27 20 461
1153 486 39 20 1:5]
1236 498 28 1 —|
1302 498 26 2 —I
1363 487 60 18 61—
1475 486 12 19 5
1540 485 206 21 5115:19.1,15:.49

1145 520 20 19 pt
1176 518 24 17 50
1442 517 47 18 S.L01
1514 517 37 17 004

1107 552 7 13 »
1130 541 14 34 I
1154 546 38 19 1:51]
1237 545 26 20 531
1290 545 38 20 1021
1363 545 61 20 61—
1475 545 12 20 5
1540 545 13 20 91
1579 545 167 21 15:19,1.15::49

1145 579 21 20 pt
1176 577 24 17 55
1288 575 40 20 222
1443 577 46 17 s.16|
1514 582 15 11 s.
1542 577 9 17 7

1107 611 8 13 »
1154 605 38 20 [1:51]
1237 617 15 2 —I|
1301 617 27 2 —I
1363 605 61 19 61—1]
1475 605 13 20 5
1540 604 106 21 O115:19:]
1680 604 66 21 15:49

1145 639 21 19 pt
1176 637 24 17 56
1443 637 86 17 41113.
1537 632 9 31 8

1107 671 8 12 »
1125 661 22 33 I
1155 665 38 19 1:5]
1237 676 21 2 —I
1301 676 28 2 —]
1363 665 12 19 61
1411 665 12 19 2
1478 665 6 19 11
1513 664 37 20 281
1577 664 68 20 21:35
1650 660 22 34 |
1677 665 33 19 22:
1724 666 37 18 103

1146 699 21 19 pt
1176 697 22 17 öl

1146 726 55 17 —52

1167 754 26 20 63

1153 784 37 20 231

1108 999 8 12 »
1125 987 23 35 I
1153 992 40 20 2481
1238 991 24 20 441
1303 992 25 20 751
1364 992 60 19 612
1475 991 77 21 212851
1577 991 33 20 21:
1621 991 141 21 35d|22:103d

1108 1176 8 12 »
1134 1164 8 35 |]
1152 1170 38 20 211]
1237 1181 27 2 —I
1302 1181 26 2 —JI
1363 1169 61 20 61—]
1450 1169 38 20 1591
1512 1168 41 21 3131
1577 1169 33 19 22:
1622 1171 23 17 27
1678 1169 33 20 123:
1723 1172 10 16 9

1148 1207 15 11 s.
1174 1201 25 18 38
1443 1200 47 18 s.171
1514 1201 36 16 8.1

1108 1235 7 13 »
1125 1224 22 34 I
1152 1229 41 20 220
1197 1224 22 34 I
1230 1228 41 20 3121
1295 1228 41 20 476)
1352 1229 21 19 11
1376 1224 17 34 |
1413 1228 7 20 1
1478 1228 8 20 11
1513 1227 40 21 425
1552 1223 19 35 |
1577 1228 34 20 25:
1622 1228 39 20 94d|
1678 1228 33 20 27:
1722 1228 26 20 2d

1231 1258 39 20 3131
1296 1258 40 20 486

1230 1287 106 21 318-496]

1214 1317 57 20 —325

1107 1384 9 13 »
1133 1372 8 35 I]
1152 1378 40 20 223]
1237 1389 27 2 —I
1302 1389 26 2 —J]
1364 1377 12 20 91
1411 1377 13 20 21
1462 1376 171 21 421387127:3
1679 1377 69 20 128:28

1097 1479 27 20 47]
1154 1478 38 20 1:27)
1237 1490 27 2 —]
1302 1490 27 3 —I
1364 1478 12 21 61
1412 1478 12 20 2
1478 1477 133 21 143483
1624 1473 54 35 A107
1692 1478 55 20 78:18

1143 1512 22 20 pt
1175 1510 30 21 49,

1139 1540 67 22 50,60,

1168 1570 24 17 61

1165 1598 13 20 9

1106 1901 9 13 »
1123 1890 26 34 I
1165 1907 27 2 —
1222 1895 41 19 12061
1287 1894 40 20 305]
1362 1894 13 20 91
1410 1895 13 19 2
1475 1895 13 19 21
1525 1905 28 3 —J]
1591 1893 19 20 9:
1621 1893 38 20 47d]
1691 1894 20 19 9:
1723 1895 25 18 64

1107 1961 8 12 »
1124 1949 23 35 I
1165 1966 27 2 —I
1235 1953 92 21 —]169]
1362 1954 61 20 912
1475 1954 13 19 31
1525 1965 28 2 —J|
1591 1953 19 20 9:
1621 1953 38 20 48d|
1691 1953 20 20 9:
1722 1953 39 20 64d

1106 1990 9 13 »
1123 1979 22 34 I
1165 1996 27 2 —I
1236 1996 27 2 —IJ]
1289 1983 38 21 1701
1362 1983 13 20 91
1410 1984 13 19 2
1475 1983 12 20 41
1525 1995 28 2 —IJ]
1591 1982 69 21 9:55dl
1691 1983 19 20 9:
1722 1983 39 20 67d

1107 2080 9 12 »
1132 2068 14 34 |
1154 2073 37 19 1:71
1236 2085 27 2 —I
1300 2084 28 3 —I
1363 2072 61 20 61—
1476 2072 12 20 5
1540 2071 92 21 5116:9
1679 2071 67 21 1|16:14

1145 2106 21 20 pt
1176 2104 24 18 48
1443 2103 111 18 s.101s.44
