1831 2362
158 157 39 20 142
853 159 223 17 SAKREGISTER

175 450 167 26 Avskrivningar
357 450 36 20 och
408 450 114 27 eftergifter.

217 482 35 18 att
265 482 83 18 statens
361 480 129 27 järnvägars
504 486 28 14 av
546 480 95 20 nämnda
655 480 117 27 anledning
786 481 126 26 uppkomna
926 480 87 20 fordran

217 510 38 20 hos
271 510 58 20 Roos
345 510 35 20 må
396 516 26 14 ur
436 512 84 18 statens
534 510 128 27 järnvägars
677 511 146 26 räkenskaper
838 510 120 20 avskrivas.

177 578 11 18 8
203 576 42 20 RD
261 576 117 26 medgiver,
395 578 35 18 att
445 577 158 19 kranskötaren
620 576 20 20 J.
657 576 26 20 A.
700 577 104 20 Karlsson
820 577 36 19 må
872 577 78 19 befrias
966 577 47 19 från

217 606 41 20 den
276 606 131 26 skyldighet,
426 612 47 14 som
490 607 44 19 kan
552 606 57 20 åvila
628 607 80 19 honom
726 608 34 18 att
778 608 82 18 ersätta
878 606 136 20 vattenfalls-

217 636 104 26 styrelsen
336 636 44 20 vad
395 636 105 26 styrelsen
516 636 28 26 på
558 636 70 26 grund
643 642 29 14 av
687 636 100 24 Flundre,
803 636 61 20 Väne
879 636 40 20 och
934 636 80 26 Bjärke

216 666 138 20 häradsrätts
372 666 71 26 utslag
462 666 41 20 den
521 666 24 20 21
566 666 45 20 dec.
632 666 52 20 1934
703 666 82 26 nödgas
804 666 82 26 utgiva,
905 667 58 19 samt
980 668 33 18 att

216 696 167 26 ifrågavarande
399 696 89 20 fordran
505 696 39 20 hos
562 696 103 20 Karlsson
684 697 34 19 må
737 702 25 14 ur
778 698 83 18 statens
879 696 135 20 vattenfalls-

216 726 65 20 verks
294 726 147 26 räkenskaper
455 726 119 20 avskrivas.

178 794 10 17 9
203 791 42 20 RD
263 792 117 26 medgiver,
397 793 36 19 att
450 792 24 20 G.
493 792 19 20 S.
531 792 70 20 Cassel
618 792 35 20 må
670 792 80 20 befrias
766 792 48 20 från
832 792 79 20 honom
927 792 88 26 jämlikt

216 821 188 27 krigshovrättens
418 822 71 26 utslag
502 822 42 20 den
557 822 12 19 6
582 822 54 20 febr.
653 822 51 20 1934
717 822 113 26 åliggande
844 822 124 26 skyldighet
980 823 35 19 att

216 851 34 20 till
266 852 84 19 kronan
367 852 76 26 utgiva
459 852 133 20 skadestånd
609 852 49 20 med
675 852 62 20 2704
753 852 33 20 kr.
803 852 27 20 88
847 854 42 21 öre,
907 853 58 19 samt
980 854 35 18 att

217 881 165 26 ifrågavarande
393 881 78 27 belopp
482 882 35 19 må
528 888 25 13 ur
562 881 139 27 flygvapnets
711 882 146 26 räkenskaper
866 882 120 20 avskrivas.

165 949 23 17 10
203 947 43 19 RD
262 947 117 26 medgiver,
395 949 36 18 att
446 947 25 21 G.
488 947 28 20 H.
532 947 33 20 W.
583 947 127 20 Sandström
726 948 35 19 må
778 947 78 20 befrias
872 948 47 19 från
936 947 79 20 honom

216 976 89 27 jämlikt
322 977 137 20 Stockholms
476 977 138 20 rådhusrätts
631 977 72 26 utslag
720 977 40 20 den
780 978 24 20 12
821 977 53 20 febr.
895 977 52 20 1934
964 977 51 26 ålig-

217 1007 70 26 gande
299 1007 125 26 skyldighet
436 1008 35 19 att
483 1007 33 20 till
528 1007 83 20 kronan
625 1008 75 25 utgiva
714 1007 132 20 skadestånd
860 1007 48 20 med
922 1007 40 20 650
975 1007 39 23 kr.,

217 1038 58 18 samt
291 1038 35 18 att
342 1037 166 25 ifrågavarande
525 1037 78 26 belopp
620 1038 35 19 må
673 1043 25 14 ur
714 1037 139 26 flygvapnets
869 1037 147 26 räkenskaper

217 1066 120 20 avskrivas.

166 1134 21 16 11
204 1131 42 20 RD
261 1131 117 26 medgiver,
393 1133 35 19 att
442 1132 26 20 N.
485 1132 24 20 G.
525 1132 141 26 Schyllander
679 1132 36 20 må
729 1132 79 20 befrias
822 1132 48 20 från
885 1132 131 25 betalnings-

217 1161 125 26 skyldighet
360 1161 34 20 till
412 1162 84 19 kronan
516 1161 138 21 beträffande
674 1161 44 20 dels
738 1161 67 27 enligt
825 1162 56 20 Göta
900 1162 116 25 trängkårs

217 1191 115 26 krigsrätts
351 1191 71 26 utslag
440 1191 41 20 den
502 1191 24 20 13
544 1191 44 26 jan.
609 1191 53 20 1934
680 1191 39 20 och
738 1191 188 26 krigshovrättens
945 1191 71 26 utslag

218 1220 41 20 den
272 1220 13 20 5
297 1220 47 26 juni
359 1220 53 21 1934
425 1221 106 20 utdömda
544 1221 13 20 3
566 1221 40 20 078
619 1221 32 20 kr.
665 1221 26 20 75
704 1223 36 18 öre
752 1221 69 26 jämte
833 1223 71 22 ränta,
918 1221 45 20 dels
976 1221 38 20 ock

217 1252 34 18 ett
263 1250 78 27 belopp
354 1256 29 14 av
396 1250 25 20 17
434 1251 32 20 kr.
480 1250 26 21 50
519 1253 42 21 öre,
575 1252 58 19 samt
645 1253 35 18 att
692 1251 26 20 de
731 1251 85 26 belopp,
829 1251 48 20 från
890 1251 70 20 vilkas
972 1251 44 26 gäl-

218 1280 70 20 dande
305 1280 140 26 Schyllander
460 1280 90 20 sålunda
567 1280 85 24 befrias,
669 1281 35 20 må
720 1287 25 13 ur
760 1281 165 20 lantförsvarets
940 1281 76 19 räken-

217 1310 79 26 skaper
309 1310 120 20 avskrivas.

166 1377 22 17 12
204 1375 42 20 RD
255 1376 117 26 medgiver,
381 1377 35 19 att
424 1376 168 20 stationskarlen
602 1376 26 20 N.
638 1376 28 20 H.
676 1376 124 20 Pettersson
810 1376 38 20 och
858 1376 157 20 banarbetaren

218 1405 25 20 G.
260 1405 91 20 Persson
367 1406 35 19 må
418 1406 79 20 befrias
512 1406 48 19 från
576 1406 41 19 den
633 1406 257 26 ersättningsskyldighet
905 1408 109 24 gentemot

218 1437 83 18 statens
314 1435 124 26 järnvägar,
454 1441 46 14 som
514 1435 57 20 åvila
586 1435 49 20 dem
650 1436 27 26 på
691 1436 70 26 grund
776 1442 28 14 av
818 1437 33 19 ett
864 1436 41 19 den
922 1436 25 19 12
961 1437 54 24 sept.

220 1464 52 21 1933
295 1465 6 19 i
324 1465 102 20 Vartofta
449 1465 101 20 inträffat
572 1465 120 26 olycksfall,
715 1467 58 18 samt
794 1467 35 18 att
851 1465 165 26 ifrågavarande

218 1495 88 20 fordran
324 1495 39 20 hos
381 1495 125 20 Pettersson
525 1495 39 20 och
583 1495 90 20 Persson
692 1496 35 19 må
746 1502 24 13 ur
788 1497 83 18 statens
888 1495 128 26 järnvägars

218 1525 146 26 räkenskaper
379 1524 120 21 avskrivas.

166 1586 23 17 13
204 1584 42 19 RD
264 1584 116 26 medgiver,
397 1586 35 18 att
448 1584 194 20 marindirektören
660 1590 27 14 av
703 1585 68 19 första
787 1585 80 26 graden
884 1585 37 19 vid
938 1585 79 19 marin-

218 1613 165 27 ingenjörkåren
400 1614 7 20 i
424 1614 92 20 flottans
533 1620 72 14 reserv
624 1615 15 19 I.
657 1614 21 20 J.
696 1614 106 20 Falkman
820 1615 35 19 må
873 1614 79 20 befrias
969 1614 46 20 från

218 1643 80 20 honom
316 1643 89 26 jämlikt
423 1643 74 21 KM:ts
516 1644 72 26 utslag
607 1644 40 20 den
667 1644 25 20 23
712 1644 45 20 dec.
779 1644 51 20 1933
849 1644 113 26 åliggande
982 1644 35 19 be-

218 1673 220 26 talningsskyldighet
452 1673 33 20 till
499 1674 90 20 kronan.

167 1735 22 17 14
204 1732 42 20 RD
262 1733 116 26 medgiver,
394 1734 35 19 att
443 1733 33 20 till
490 1733 135 26 inbetalning
640 1739 27 14 av
683 1733 37 20 det
734 1734 32 19 till
781 1733 107 26 sänkning
903 1739 28 14 av
946 1733 71 26 Lyng-

218 1762 47 26 sjön
281 1764 58 18 samt
353 1763 148 26 torrläggning
516 1763 40 20 och
572 1763 72 26 odling
658 1769 29 14 av
701 1763 142 26 vattensjuka
858 1764 86 19 marker
958 1763 58 20 inom

219 1791 204 25 Häradshammars,
440 1789 63 24 Östra
519 1793 35 26 Ny
570 1793 39 20 och
625 1793 63 20 Rönö
703 1793 92 20 socknar
809 1799 28 14 av
852 1790 164 28 Östergötlands

218 1822 36 20 län
266 1822 41 20 den
319 1822 13 20 5
343 1822 39 26 juli
396 1822 52 20 1929
461 1823 108 25 beviljade
581 1823 35 19 lån
628 1823 48 20 från
688 1824 84 19 statens
783 1823 233 26 avdikningslånefond

218 1852 36 20 må
266 1852 48 20 från
327 1854 84 18 statens
424 1852 206 26 avdikningsanslag
642 1853 33 19 till
688 1853 108 26 företaget
807 1853 87 19 anvisas
907 1854 33 18 ett
952 1854 65 18 stats-

218 1881 76 27 bidrag
314 1888 29 14 av
360 1882 85 20 201120
465 1882 32 20 kr.
515 1884 57 18 samt
589 1884 35 18 att
640 1882 272 26 avdikningslånefondens
929 1882 87 20 fordran

218 1911 34 20 för
265 1912 12 19 å
292 1911 94 20 nämnda
402 1912 35 20 lån
452 1912 109 26 upplupen
577 1914 63 18 ränta
654 1912 35 20 må
704 1912 120 20 avskrivas.

168 1973 21 17 15
205 1971 42 19 RD
262 1971 116 26 medgiver,
393 1973 34 18 att
440 1971 157 27 kronojägaren
611 1972 7 19 i
631 1972 134 26 Vettasjärvi
780 1972 196 26 bevakningstrakt
989 1977 27 14 av

219 2000 108 21 Gällivare
343 2001 57 20 revir
416 2001 20 20 J.
455 2001 23 20 P.
496 2001 64 20 P:son
577 2001 96 23 Turtola,
691 2001 113 24 Markitta,
821 2002 35 19 må
873 2001 79 20 befrias
969 2001 47 20 från

218 2030 125 27 skyldighet
355 2032 35 19 att
402 2032 82 19 ersätta
498 2031 5 20 i
516 2031 241 26 statsrådsprotokollet
769 2031 150 22 omförmälda,
933 2031 82 20 kronan

218 2060 108 26 tillhöriga
342 2061 184 26 avlöningsmedel
541 2061 33 19 till
589 2061 78 26 belopp
682 2067 29 14 av
728 2061 54 20 1955
797 2061 32 20 kr.

1295 232 112 31 Utskotts-
1479 237 55 16 Riks-

1082 258 67 31 Kungl.
1288 261 127 28 utlåtanden,
1472 262 69 29 dagens
1603 255 49 16 Tar
1654 259 64 29 rras

1097 292 53 18 Maj:ts
1282 296 95 16 memorial
1390 296 43 16 eller
1482 282 46 34 äkels
1592 285 138 20 förhandlingar

1042 316 26 19 År
1096 325 51 14 Iprop:r
1292 326 132 16 betänkanden
1476 326 59 16 velser

1104 347 36 27 eller
1343 366 3 8 ;
1417 362 67 2 dell
1506 362 49 2 ar

1096 378 52 40 skrivan
1273 380 16 50 E
1316 382 10 51 Zz
1344 376 101 61 [Summer
1462 388 90 30 Nummer
1574 380 45 40 LÖR

1031 480 54 21 1935
1302 445 2 83 |
1345 479 1 33 |

1303 517 43 19 [24

1306 533 32 56 SÅ

1033 576 52 20 1935]
1111 576 26 20 96
1280 577 12 20 6
1303 576 43 24 |—]
1363 578 26 19 38
1404 579 45 18 s.30l
1491 577 37 20 103
1580 577 31 20 16:
1623 580 24 16 25

1099 608 21 19 pt
1135 607 9 15 3
1345 608 1 7 I

1304 661 1 12 I

1304 675 1 10 I

1304 687 1 12 I

1032 791 53 20 1935]
1111 792 23 19 61
1281 781 109 31 6/—|'39
1405 795 30 16 s.1
1445 777 24 48 |
1503 792 109 20 98.117:

1100 823 21 19 pt
1136 823 6 14 1

1034 946 52 21 1935]
1111 947 24 20 61
1281 948 12 19 6
1300 918 38 59 CH
1364 948 26 20 39
1405 950 31 17 s.2
1503 948 25 20 98
1581 948 31 19 17:
1695 950 39 18 27

1101 978 21 20 pt
1135 977 10 16 2
1304 965 1 39 |
1346 976 1 22 I

1346 1092 2 27 I

1034 1131 53 20 1935)
1112 1131 24 19 61
1281 1132 67 25 6|—]
1365 1132 26 19 39
1406 1133 31 18 s.3
1503 1132 26 19 98
1581 1132 24 20 17

1101 1162 20 19 pt
1136 1161 10 16 3

1210 1266 1 23 |

1210 1299 2 13 I

1210 1326 2 34 |
1305 1344 2 11 |

1037 1375 51 20 1935]
1107 1375 38 20 165
1283 1375 11 20 6
1326 1363 22 27 |—]
1367 1376 24 18 59
1492 1375 37 20 136
1539 1360 30 48 |
1580 1376 32 19 21:

1306 1493 42 31 bod

1037 1583 51 20 19351
1107 1584 38 19 112
1283 1560 48 42 6-—
1366 1584 24 19 64
1493 1584 37 19 156
1581 1584 32 19 22:

1306 1674 43 71 3

1036 1732 52 20 19351]
1107 1732 39 20 180
1271 1732 24 20 10
1306 1713 1 66 |
1314 1729 30 40 SH
1368 1733 24 19 55
1494 1732 37 20 169
1581 1733 32 19 23:
1626 1738 3 4 2

1348 1917 1 17 I

1036 1970 52 20 1935]
1107 1971 38 19 152
1249 1983 46 1 -]10
1306 1966 39 24 |—]
1367 1971 22 18 61
1493 1971 38 19 179
1549 1963 21 39 |
1582 1971 48 19 24:
