1845 2354
804 153 136 16 SAKREGISTER

0 192 178 28 —
177 192 15 28 2>2
203 192 11 28 2
214 192 18 28 ?2a2
231 192 22 28 "
252 192 22 28 x
273 192 8 28 2
287 192 4 28 5
64 199 856 15 mmms=se==——esessmsoompessmsmssompsmymsssmmmmmpmsmmsmmmmmmmm————=

61 216 2 63 |

61 285 2 27 |

62 318 2 46 |

62 367 1 41 |

61 444 2 20 |
82 433 177 29 Dyrtidstillägg.

62 480 1 6 |
126 464 132 21 fortfarande
281 465 65 19 utöva
364 462 96 28 praktisk
476 462 146 24 verksamhet;
639 462 39 20 och
695 462 84 20 anvisas
795 462 33 20 för
843 469 29 14 nu
889 469 33 14 an-

62 487 1 34 |
126 495 64 26 givna
213 493 101 21 ändamål
332 494 70 20 såsom
419 492 92 21 tillskott
526 492 34 20 till
576 491 159 28 dyrtidstillägg
750 491 34 21 till
799 492 57 21 vissa
871 492 51 21 lant-

62 524 1 3 I
127 526 81 19 mätare
231 524 33 20 för
287 523 125 27 budgetåret
436 520 127 30 1927/1928
587 523 31 19 ett
641 523 61 19 extra
717 522 164 26 förslagsanslag
897 529 26 14 av

127 554 43 21 300
180 553 42 22 000
239 554 31 20 kr.

62 613 31 46 li5
112 627 37 20 RD
166 625 99 25 besluter,
282 626 31 19 att
329 624 26 21 de
371 624 33 21 för
419 623 126 27 budgetåret
562 622 126 28 1926/1927
705 623 98 26 gällande
814 624 109 20 allmänna

62 662 2 17 |
127 655 92 27 grunder
234 655 33 20 för
283 654 157 27 dyrtidstillägg
456 654 22 20 åt
488 653 68 21 lärare
567 653 36 21 vid
613 653 200 21 lantmannaskolor
822 654 40 20 och
870 654 53 21 lant-

62 680 1 7 |
127 685 170 21 hushållsskolor
312 686 57 19 samt
384 683 185 21 lantbruksskolor
585 683 61 21 skola
661 683 56 27 gälla
732 683 83 27 jämväl
828 684 33 20 för
872 684 51 20 bud-

127 716 80 26 getåret
223 713 135 29 1927/1928;
376 714 40 21 och
432 713 116 27 medgives,
565 715 32 19 att
611 713 62 21 KM:t
688 714 37 19 må
740 713 85 20 utfärda
841 713 26 21 de
878 715 44 19 när-

128 752 56 14 mare
208 744 138 25 föreskrifter,
371 750 45 14 som
436 743 34 21 för
485 743 139 26 tillämpning
640 750 26 13 av
681 743 123 21 förberörda
815 743 109 21 allmänna

126 775 92 26 grunder
233 775 33 19 för
281 773 162 27 ifrågavarande
454 773 158 26 dyrtidstillägg
622 773 37 20 må
670 773 96 20 befinnas
777 773 145 26 erforderliga;

125 806 40 20 och
185 804 115 26 medgives,
320 806 31 18 att
369 804 22 20 åt
408 803 233 26 lärarinnepersonalen
660 802 36 21 vid
714 802 102 21 Fredrika
830 803 92 20 Bremer-

125 834 127 21 förbundets
268 832 339 27 lanthushållningsseminarium
624 833 12 20 å
651 833 108 20 Rimforsa
774 833 36 20 må
825 833 25 20 fr.
863 840 18 13 o.
893 840 29 13 m.

125 865 42 20 den
185 864 10 20 1
212 864 41 26 juli
271 863 55 20 1927
339 863 39 21 och
390 862 118 21 tillsvidare
519 862 68 21 under
598 862 125 26 budgetåret
735 861 126 28 1927/1928
872 864 51 25 utgå

125 894 159 27 dyrtidstillägg
299 893 8 21 i
322 892 146 26 huvudsaklig
483 892 212 21 överensstämmelse
711 892 50 20 med
777 892 26 20 de
814 892 109 21 allmänna

125 924 99 27 grunder,
241 930 47 14 som
304 923 33 20 för
352 929 83 14 samma
452 922 31 21 tid
499 922 89 20 komma
603 923 32 19 att
650 922 57 26 gälla
722 922 132 21 beträffande
870 925 51 18 mot-

126 953 103 22 svarande
245 953 98 27 personal
359 952 36 21 vid
411 952 212 24 lanthushållsskola,
640 952 40 20 och
690 952 88 26 jämlikt
789 952 26 20 de
825 954 97 19 närmare

126 984 138 24 föreskrifter,
288 989 46 14 som
357 982 61 21 KM:t
440 982 42 20 kan
504 982 33 20 för
555 982 139 26 tillämpning
709 988 27 14 av
751 981 65 27 sagda
831 982 91 26 grunder

126 1015 59 20 finna
201 1013 145 25 erforderliga;
363 1012 40 21 och
419 1012 84 20 anvisas
519 1012 33 20 för
567 1018 29 14 nu
613 1012 91 25 angivna
715 1011 101 21 ändamål
827 1012 33 20 för
871 1012 50 21 bud-

127 1046 35 24 get
177 1044 45 20 året
239 1041 126 29 1927/1928
382 1044 30 19 ett
428 1044 60 19 extra
504 1041 164 27 förslagsanslag
685 1048 26 14 av
728 1041 41 21 100
779 1041 42 21 000
838 1042 31 20 kr.

86 1122 5 15 1
112 1116 40 21 För
176 1115 118 21 beredande
313 1121 26 14 av
359 1113 157 28 dyrtidstillägg
532 1113 68 21 under
616 1113 125 26 budgetåret
758 1112 125 29 1928/1929
900 1114 22 20 åt

127 1144 153 29 pensionerade
304 1145 99 20 båtsmän
427 1143 39 21 och
482 1143 164 21 marinsoldater
661 1145 56 19 samt
733 1143 109 21 Vadstena
857 1144 63 26 krigs-

127 1175 177 21 manshuskassas
315 1173 206 26 understödstagare,
533 1173 58 21 vilka
602 1173 36 21 vid
646 1173 105 26 ingången
762 1180 26 14 av
794 1173 42 27 juli
842 1174 80 20 månad

129 1205 55 21 1928
201 1205 94 27 uppnått
309 1211 27 14 en
352 1203 148 21 levnadsålder
516 1210 26 13 av
553 1203 28 21 60
593 1204 23 20 år
626 1203 52 21 eller
688 1203 95 25 däröver,
794 1204 84 20 anvisas
889 1204 33 20 för

127 1235 125 26 budgetåret
269 1233 125 28 1928/1929
411 1235 31 19 ett
457 1235 60 19 extra
532 1233 164 26 förslagsanslag
711 1239 27 14 av
755 1233 63 20 1250
828 1233 42 21 000
882 1233 38 24 kr.;

127 1266 39 20 och
189 1265 105 21 förklarar
316 1264 45 24 RD,
385 1265 31 19 att
439 1263 180 27 dyrtidstillägget
641 1263 33 20 till
689 1263 59 27 varje
764 1263 60 26 dylik
840 1263 36 20 vid
891 1264 30 19 in-

127 1296 80 26 gången
232 1301 26 14 av
280 1294 41 27 juli
337 1293 80 21 månad
432 1294 23 19 år
472 1292 57 21 1928
545 1293 33 20 till
594 1293 89 26 pension
699 1293 51 20 eller
766 1292 88 21 därmed
869 1293 52 27 jäm-

126 1325 72 26 förligt
221 1323 117 22 understöd
361 1323 48 21 från
432 1323 133 24 statsverket,
589 1322 186 21 statsunderstödd
791 1323 131 26 pensionsin-

126 1355 94 26 rättning
242 1354 51 20 eller
317 1353 109 21 Vadstena
445 1352 225 27 krigsmanshuskassa
686 1352 118 26 berättigad
819 1352 15 21 f.
852 1352 19 21 d.
889 1353 32 20 be-

127 1384 183 27 fattningshavare
326 1383 55 21 skall
397 1383 51 26 utgå
463 1382 51 21 med
529 1384 31 19 ett
576 1382 77 27 belopp
669 1389 26 13 av
707 1382 42 21 150
760 1382 41 24 kr.;
814 1382 40 21 och
865 1382 56 21 med-

63 1419 1 33 |
127 1415 65 26 gives,
209 1416 31 18 att
256 1413 180 27 dyrtidstillägget
451 1413 36 19 må
502 1412 34 21 till
552 1412 157 21 vederbörande
725 1412 14 20 f.
752 1412 20 20 d.
784 1412 137 26 befattnings-

63 1456 1 10 I
126 1445 78 20 havare
227 1444 58 24 eller,
309 1450 35 14 om
363 1443 44 20 han
422 1442 69 21 under
506 1442 59 20 tiden
583 1442 10 20 1
610 1442 41 27 juli
669 1441 115 21 1928—30
800 1442 48 27 juni
866 1442 55 20 1929

128 1474 81 25 avlidit,
233 1474 33 20 till
285 1473 54 21 hans
358 1473 101 20 stärbhus
475 1473 27 26 på
518 1478 26 15 en
560 1472 55 26 gång
630 1472 106 21 utbetalas
752 1472 7 20 i
775 1471 41 21 den
832 1472 91 26 ordning

128 1511 46 14 som
191 1511 25 13 av
233 1503 61 21 KM:t
309 1503 136 21 bestämmes.

84 1581 10 16 2
112 1576 43 20 Till
170 1575 157 28 dyrtidstillägg
343 1575 22 20 åt
380 1575 57 20 vissa
453 1576 60 19 extra
529 1573 188 27 provinsialläkare
733 1573 84 21 anvisas
828 1574 32 20 för
871 1574 50 20 bud-

127 1606 81 26 getåret
224 1604 125 28 1928/1929
367 1606 31 19 ett
412 1606 61 19 extra
488 1603 165 27 förslagsanslag
668 1610 27 14 av
711 1603 12 21 2
733 1603 43 21 000
792 1603 31 21 kr.

62 1685 2 31 |
85 1690 9 15 8
112 1684 39 20 RD
174 1683 114 26 medgiver,
308 1685 32 18 att
355 1682 71 21 därest
442 1682 26 21 de
484 1681 232 23 distriktsveterinärer,
732 1681 34 20 till
782 1681 68 20 vilkas
867 1681 54 20 avlö-

127 1714 52 26 ning
194 1713 93 20 lämnats
306 1712 134 26 statsbidrag,
457 1712 33 20 för
505 1711 59 21 tiden
582 1711 10 20 1
609 1711 42 27 juli
669 1710 115 21 1928—30
800 1711 48 27 juni
865 1711 56 20 1929

63 1740 1 21 |
129 1743 86 21 beredas
239 1742 158 27 dyrtidstillägg
412 1742 12 20 å
440 1741 49 21 dem
511 1741 47 21 från
581 1741 157 21 vederbörande
757 1741 108 26 landsting
881 1741 40 20 till-

63 1765 1 27 |
127 1772 130 22 kommande
273 1772 107 26 avlöning,
397 1771 158 28 dyrtidstillägg
570 1778 26 13 av
612 1770 124 22 statsmedel
750 1771 36 20 må
796 1771 33 20 för
838 1777 84 14 samma

63 1806 1 18 |
128 1803 31 21 tid
175 1803 34 20 till
221 1802 49 21 dem
281 1803 52 25 utgå
343 1802 50 20 med
404 1801 149 21 motsvarande
564 1801 64 20 andel
639 1807 26 14 av
676 1800 157 26 statsbidraget,
844 1800 77 21 ålders-

63 1830 1 32 |
127 1833 74 26 tillägg
225 1832 46 21 däri
294 1832 133 24 inberäknat,
445 1831 54 21 dock
515 1831 50 20 med
580 1831 62 26 högst
657 1837 27 14 en
700 1830 104 27 tredjedel
820 1837 26 14 av
861 1832 61 19 stats-

128 1862 134 26 avlöningen;
279 1862 40 21 och
335 1862 85 20 anvisas
435 1861 35 20 till
480 1860 136 21 bestridande
627 1867 26 14 av
664 1860 143 20 kostnaderna
818 1860 32 20 för
861 1860 60 20 dessa

128 1891 158 28 dyrtidstillägg
301 1892 33 20 för
353 1891 125 26 budgetåret
495 1889 125 29 1928/1929
637 1892 31 19 ett
683 1892 60 18 extra
759 1890 163 26 förslagsanslag

128 1929 26 14 av
171 1922 27 20 65
210 1921 43 21 000
269 1922 31 20 kr.

62 2008 2 13 |
84 1999 9 16 4
112 1994 42 20 Till
170 1993 137 21 bestridande
326 2000 26 14 av
368 1992 142 22 kostnaderna
525 1992 34 21 för
574 1992 158 27 dyrtidstillägg
747 1992 22 20 åt
784 1992 137 26 befattnings-

62 2022 2 6 I
127 2024 78 21 havare
229 2024 37 20 vid
289 2025 79 19 statens
392 2023 93 21 centrala
500 2021 207 22 frökontrollanstalt
722 2022 84 20 anvisas
822 2021 33 21 för
870 2022 51 20 bud-

128 2054 80 26 getåret
225 2052 126 30 1928/1929
367 2054 31 21 ett
413 2055 61 19 extra
488 2052 165 27 förslagsanslag
669 2058 25 15 av
711 2052 13 21 8
737 2051 42 21 500
791 2052 30 20 kr.

1629 149 42 20 389

1035 217 16 17 A
1393 224 53 17 Riks-

1011 234 35 17 oc
1410 229 29 12 iks

1011 249 35 26 3
1111 271 3 4 Å
1218 237 102 43 Utskotts-
1371 248 83 32 dagens
1512 254 118 18 Kamrarnas

958 277 17 12 x
990 266 17 31 |
1011 273 11 9 7
1069 271 94 18 [Motioner
1202 267 125 31 utlätanden
1408 284 27 17 2
1588 284 4 3 S

958 294 11 9 a
1011 292 41 23 zz
1191 301 107 18 Blörimen
1301 301 47 18 öl
1397 289 47 12 skri-
1497 284 145 22 förhandlingar

958 307 17 27 >
1012 313 40 24 |AR
1389 314 63 18 velser

1012 336 39 22 TEE
1115 354 2 20 q
1211 355 1 31 |

958 367 17 11 I
1012 359 35 17 al
1115 376 44 8 lir!
1184 362 58 21 2»
1328 359 32 31 [2]
1440 370 17 11 zol
1485 368 54 17 Först
1566 356 2 28 |
1586 368 53 18 Andr:

1012 377 35 10 33
1116 384 1 8 |
1184 374 12 11 ?
1211 387 1 3 |
1339 379 118 9 2/2
1514 363 38 33 rsta
1603 374 48 12 ndra

1029 387 18 31 8
1072 379 45 45 FÖ
1193 387 19 36 |
1226 385 17 31 ä
1279 378 17 28 2
1392 379 17 28 7
1440 391 17 24 &|
1482 392 70 17 kamm,
1566 388 2 37 |
1583 393 70 17 kamm.

1169 432 2 21 |
1252 434 2 25 |
1424 435 2 24 |

938 463 53 20 1927
1169 472 2 16 |
1252 460 2 30 I

1252 504 2 33 |

1252 539 2 25 far
1317 547 2 28 al
1424 532 2 36 |

1211 545 1 86 |
1252 576 67 34 klura
1425 584 1 24 |

962 632 7 10 >»
1011 624 40 21 |1:9
1176 619 130 33 101-488
1380 626 46 20 324|
1449 616 27 42 |
1486 626 69 21 41:53
1554 616 17 42 |
1587 626 68 20 39:56

1008 650 46 52 p.25
1169 667 1 21 |
1210 632 2 57 |
1252 653 2 35 |
1424 656 2 18 |

1169 698 43 22 fis
1252 696 1 64 |
1668 695 1 25 |

1169 721 1 15 |

1169 740 1 22 fer
1424 747 1 9 |
1566 757 2 7 |
1668 733 1 11 |

1169 765 1 11 I
1210 773 1 3 I
1251 769 2 18 I
1566 767 2 4 I

1210 783 1 26 |
1424 776 1 40 |
1566 772 2 43 |

1251 824 1 19 a
1424 817 1 35 |
1566 816 2 33 |

1168 866 1 16 Re
1251 849 1 41 DE
1424 855 1 5 |
1566 854 2 29 |

1168 897 42 17 free
1566 890 2 22 |

1168 916 1 10 I
1317 913 1 12 |
1566 923 2 4 I

1115 939 1 11 I
1168 930 1 22 |
1209 913 1 39 |
1317 936 1 6 |
1566 931 2 19 I

1115 967 1 23 fet
1316 977 1 9 |
1567 962 1 32 |
1667 972 2 7 |

1114 1004 96 25 |apobe
1250 1007 1 20 d
1567 1017 1 6 |

1061 1034 108 30 Files
1209 1029 42 33 ond
1316 1038 1 24 |
1567 1049 1 6 |

1167 1063 2 11 I
1209 1065 1 8 I
1250 1062 1 12 I
1424 1064 2 6 I
1567 1068 1 5 I

1061 1081 54 26 EN
1209 1084 1 12 la
1316 1086 1 5 |
1425 1076 1 12 |
1567 1078 1 20 |

937 1104 82 52 192811:
1031 1112 31 40 11)
1114 1108 96 35 Jerk
1250 1113 1 28 reale
1293 1115 24 19 alt
1338 1114 82 21 TJÄRA
1446 1111 122 33 Slo
1601 1114 68 28 ALT

1013 1149 49 27 POLE
1114 1145 1 3 Sp
1167 1160 1 4 hal
1316 1156 1 14 |
1567 1152 1 16 |
1668 1144 1 28 |

1114 1160 1 44 |
1167 1166 1 10 |
1209 1174 1 9 I
1316 1171 1 7 I
1424 1188 1 6 |
1567 1169 1 5 I
1668 1176 1 40 |

1061 1198 1 22 la
1251 1207 66 6 anbee
1668 1220 1 3 |

1061 1232 1 3 I
1210 1214 29 30 SE
1668 1224 1 19 |

1061 1239 1 25 FS
1209 1241 43 28 RN

1061 1272 1 16 |
1168 1273 1 12 |
1251 1270 1 18 I
1667 1269 2 15 I

1061 1302 1 27 |
1168 1308 1 19 |
1251 1289 1 47 |
1566 1314 1 6 |
1667 1313 1 8 |

1061 1338 1 3 |
1251 1338 1 13 |

1061 1352 1 19 |
1168 1352 1 24 |
1251 1352 1 47 |
1566 1348 1 20 |

1061 1392 1 16 |
1168 1388 1 19 |
1251 1400 1 8 |
1566 1379 1 3 |

1115 1418 1 5 SA
1251 1410 1 22 I

1115 1434 1 17 |
1251 1434 1 22 I

1061 1434 55 72 Ta

1061 1507 1 16 I
1115 1512 1 13 I
1251 1507 1 7 I

1061 1533 1 35 |
1168 1528 1 33 |
1251 1538 1 10 I
1316 1538 2 10 I

960 1582 8 9 >»
1009 1570 53 24 11:5]
1168 1564 1 35 I
1188 1564 12 35 6)
1230 1568 23 26 11
1293 1565 24 29 51
1338 1560 54 45 40)5
1404 1573 50 22 Alit)
1485 1566 169 28 21:10
1554 1560 18 45 |
1574 1566 80 28 20:63

1061 1608 1 6 I
1168 1601 1 12 I
1251 1583 1 20 |
1316 1605 2 3 I

996 1605 53 35 p-50
1061 1616 1 20 |
1114 1619 2 18 I
1168 1615 1 19 I
1251 1617 1 3 |
1316 1610 2 29 |

1061 1637 1 24 I
1114 1644 2 17 I
1168 1643 1 36 |
1251 1650 1 12 I
1316 1641 2 31 |
1667 1643 1 29 |

960 1681 90 20 sl
1173 1680 27 47 9
1251 1686 1 26 |
1294 1678 24 34 Il
1337 1678 83 34 3119
1396 1674 40 42 Af
1445 1687 7 15 71
1485 1681 83 21 21:36]
1586 1680 82 21 20:19]

1013 1716 38 22 TÅ
1168 1728 1 24 fult
1251 1721 1 5 kr
1316 1728 1 25 |
1566 1726 2 3 |

1168 1755 1 26 |
1316 1759 1 22 |
1566 1768 1 11 |

1061 1790 1 36 fsfoön
1316 1799 1 16 |
1566 1799 1 17 |

1061 1832 1 15 |
1168 1835 1 19 |
1316 1824 1 32 |

1061 1849 1 16 I
1168 1864 1 7 I
1566 1850 1 6 I

1061 1875 1 32 |
1168 1880 1 26 |
1251 1880 66 24 Ra
1566 1874 1 14 |

1061 1908 256 38 CER
1566 1908 1 20 |

1061 1954 1 33 få
1082 1941 33 58 äl
1168 1944 1 64 |
1251 1950 67 42 lena
1566 1960 1 24 lan

960 2000 8 10 »
1010 1991 40 21 |1:9)]
1115 2000 1 9 |
1175 1991 77 20 10]
1294 1985 24 27 11
1338 1996 24 16 47|
1389 1992 28 20 87)
1445 1991 108 21 2121:39
1578 1991 33 20 120:
1623 1984 45 36 20d]

996 2022 54 37 p.66
1061 2051 1 4 |
1115 2029 1 15 I
1168 2011 1 49 |
1210 2040 1 19 |
1566 2025 1 3 I
1667 2022 1 14 I
