1843 2359
171 161 43 35 210
905 172 136 15 SAKREGISTER

188 449 168 28 Avsöndringar
371 457 26 14 m.
415 457 27 14 m.

233 480 71 21 därest
320 481 98 20 bemälde
434 480 122 21 Andersson
571 480 47 21 icke
634 481 105 26 begagnar
750 481 30 24 sig
791 487 26 14 av
828 480 151 27 medgivandet
996 483 31 18 att

232 510 99 21 förvärva
354 511 92 26 angivna
469 510 35 21 del
522 517 27 14 av
567 510 138 26 egendomen,
725 512 31 18 att
771 511 8 19 i
795 510 232 27 statsrådsprotokollet

232 540 95 25 berörda,
359 541 50 20 med
425 541 40 20 litt.
482 541 26 24 A,
524 541 18 19 B
558 541 40 20 och
611 540 15 20 C
642 540 110 21 utmärkta
767 540 63 21 lotter
845 547 26 14 av
887 541 138 26 egendomen,

232 577 27 14 en
278 577 38 14 var
334 570 40 21 lott
392 571 51 20 med
458 571 7 20 i
481 570 232 27 statsrådsprotokollet
732 571 90 25 angiven
841 570 56 21 areal
917 571 39 20 och
977 571 49 20 med

232 600 75 27 tillägg
322 607 26 14 av
364 601 23 20 så
403 602 53 19 stort
471 600 87 21 område
574 607 26 14 av
616 600 41 20 den
676 600 34 21 del
729 607 26 14 av
774 600 137 26 egendomen,
931 607 46 14 som
996 608 30 13 nu

232 630 127 21 sambrukas
375 630 50 21 med
441 630 68 27 Sörby
524 630 128 27 kronopark,
664 632 32 19 att
705 630 220 27 jorddelningslagens
936 631 90 20 bestäm-

232 660 79 21 melser
325 660 51 21 med
391 661 84 26 hänsyn
490 660 34 20 till
535 660 212 26 skogstilldelningen
757 660 74 20 kunna
842 667 61 14 anses
914 667 50 14 vara
974 667 51 21 upp-

232 690 76 27 fyllda,
325 691 36 19 må
376 697 38 14 var
429 691 33 20 för
477 691 32 25 sig
523 690 105 27 försäljas.

202 756 63 20 Inom
285 755 162 27 Östergötlands
462 756 44 20 län:

190 790 10 16 8
217 786 39 20 RD
275 786 115 26 medgiver,
410 788 31 19 att
459 788 31 18 ett
504 786 13 20 å
533 793 26 13 en
575 792 26 14 av
619 786 240 20 distriktslantmätaren
875 786 24 20 E.
917 786 22 20 C.
956 786 69 21 Blom-

232 816 101 26 bergsson
349 816 23 20 år
389 816 56 20 1928
460 816 116 27 upprättad
591 816 62 20 karta
668 818 97 18 närmare
784 816 85 26 angivet
888 816 86 20 område
990 823 35 13 om

232 846 78 21 0.0551
332 846 76 20 hektar
426 853 26 14 av
471 846 193 27 Hospitalsjorden,
688 846 143 20 skifteslotten
849 846 41 20 litt.
911 846 22 25 C,
952 846 8 20 i
978 846 48 20 Lin-

232 876 90 27 köpings
338 876 48 20 stad
401 877 37 19 må
452 876 98 27 försäljas
566 876 34 20 till
615 876 121 26 löjtnanten
752 876 22 20 C.
790 876 28 20 M.
830 876 119 27 Björkman
960 876 8 20 i
978 876 47 20 Lin-

232 906 80 26 köping
335 906 51 20 eller
409 906 79 21 dennes
510 906 182 21 rättsinnehavare
714 906 34 20 för
766 913 27 13 en
811 906 149 26 köpeskilling,
979 906 47 20 icke

232 936 165 26 understigande
414 936 42 21 560
473 936 38 25 kr.,
528 936 40 20 och
584 937 27 26 på
629 936 57 20 vissa
706 936 92 26 angivna
816 936 83 24 villkor,
919 938 57 18 samt
995 938 32 18 att

231 966 172 27 köpeskillingen
414 967 36 19 må
460 966 145 26 tillgodoföras
622 966 160 20 lantförsvarets
795 966 53 20 fond
860 966 34 20 för
904 966 122 26 byggnader

232 996 40 20 och
288 996 67 20 andra
369 996 200 21 försvarsändamål.

188 1066 10 15 9
216 1061 38 20 RD
270 1061 115 26 medgiver,
402 1063 31 19 att
448 1062 8 19 i
471 1061 231 26 statsrådsprotokollet
713 1061 142 20 omförmälda
868 1062 45 19 åtta
923 1061 50 20 med
984 1061 41 20 litt.

232 1097 18 18 a,
267 1091 21 25 b,
305 1097 17 18 c,
339 1091 20 24 d,
376 1098 18 18 e,
411 1091 15 25 f,
443 1098 13 19 g
471 1091 40 20 och
526 1091 15 20 h
557 1091 130 20 betecknade
703 1092 78 19 tomter
797 1091 35 20 må
842 1097 38 14 var
890 1091 33 20 för
934 1091 32 25 sig
976 1091 50 20 med

231 1127 27 14 av
272 1121 262 26 uppskattningsmännen
552 1121 113 26 föreslaget
680 1120 93 25 område,
790 1122 83 19 tomten
889 1120 41 21 litt.
946 1121 9 19 £
971 1121 55 20 dock

231 1150 51 21 med
300 1150 74 27 tillägg
393 1157 26 14 av
437 1151 8 20 i
464 1150 232 27 statsrådsprotokollet
721 1152 76 18 nämnt
819 1150 134 26 vägområde,
977 1151 49 19 från

231 1180 199 26 kronoegendomen
448 1180 11 20 1
476 1180 82 21 mantal
573 1180 110 27 Köpetorp
699 1187 25 13 nr
741 1180 11 20 1
769 1181 7 19 i
792 1180 32 21 S:t
839 1180 50 20 Lars
900 1180 126 26 församling

232 1217 26 14 av
274 1210 131 26 Linköpings
422 1210 47 21 stad
484 1210 105 27 försäljas.

175 1280 24 16 10
216 1276 38 20 RD
270 1276 115 26 medgiver,
402 1277 32 19 att
449 1276 7 20 i
472 1276 232 26 statsrådsprotokollet
720 1275 89 21 berörda
821 1276 35 26 sju
872 1275 153 27 lägenhetsom-

230 1305 66 21 råden
312 1312 35 14 om
363 1312 54 20 resp.
435 1305 71 26 0.888,
523 1306 56 25 4.45,
596 1306 72 25 0.305,
680 1306 56 25 0.11,
748 1305 72 25 0.171,
832 1305 64 21 0.176
909 1306 39 20 och
960 1305 63 21 0.785

231 1336 76 20 hektar
322 1336 36 20 må
373 1337 47 19 vart
435 1336 33 20 för
483 1336 32 26 sig
530 1336 47 20 från
594 1335 199 27 kronoegendomen
806 1336 10 19 1
829 1335 82 20 mantal
927 1335 98 27 Ryckels-

232 1366 28 26 by
276 1372 25 14 nr
317 1366 12 20 2
346 1366 7 20 i
368 1366 76 26 Ekeby
458 1366 77 20 socken
551 1366 106 27 försäljas,
674 1366 45 20 dels
735 1365 26 21 de
776 1372 38 14 sex
829 1365 149 21 förstnämnda
992 1372 33 13 en-

232 1395 39 27 ligt
286 1395 98 27 gällande
399 1396 93 26 grunder
505 1396 34 20 för
549 1396 131 26 upplåtande
691 1402 27 14 av
729 1395 238 27 egnahemslägenheter
977 1395 48 20 från

231 1426 202 26 kronoegendomar,
458 1426 45 20 dels
528 1426 39 20 ock
590 1425 97 21 området
709 1432 36 14 om
767 1425 63 21 0.785
854 1425 77 21 hektar
946 1425 34 20 till
997 1425 26 20 K.

231 1456 121 20 Johansson
366 1456 34 20 för
415 1462 27 14 en
457 1456 143 26 köpeskilling
616 1463 26 13 av
658 1455 42 21 940
720 1456 30 20 kr.
770 1456 40 20 och
829 1455 68 21 under
915 1455 56 21 vissa
991 1462 33 13 an-

232 1486 64 25 givna
311 1485 83 21 villkor.

176 1556 22 15 11
217 1551 38 20 RD
271 1551 114 26 medgiver,
405 1553 31 19 att
451 1552 8 20 i
474 1551 232 26 statsrådsprotokollet
724 1551 70 20 berört
813 1550 86 21 område
918 1557 35 14 om
975 1551 49 20 2.92

232 1581 76 20 hektar
330 1582 36 19 må
388 1581 48 20 från
459 1581 194 26 kronolägenheten
676 1580 140 21 Vallaslätten
835 1587 26 14 nr
881 1580 10 20 1
908 1581 8 19 i
932 1581 94 26 Appuna

232 1611 77 20 socken
324 1611 99 27 försäljas
439 1611 49 20 med
504 1611 150 20 hembudsrätt
668 1611 34 20 för
717 1611 7 19 i
740 1610 231 27 statsrådsprotokollet
982 1617 42 13 om-

232 1640 104 21 förmälde
352 1641 24 20 A.
394 1641 76 27 Ljung.

176 1711 24 15 12
217 1706 38 20 RD
271 1706 115 26 medgiver,
403 1708 31 19 att
449 1706 42 20 den
507 1706 33 20 till
556 1706 201 26 kronoegendomen
777 1705 47 28 3”/z
845 1705 81 21 mantal
945 1705 81 21 Skenäs

232 1736 122 26 kungsgård
369 1743 25 13 nr
411 1736 10 20 1
439 1737 7 19 i
462 1732 63 25 Östra
540 1736 78 26 Husby
634 1736 78 21 socken
731 1736 94 20 hörande
841 1737 28 19 ön
885 1735 141 21 Versholmen

232 1766 50 20 med
298 1766 95 21 därintill
408 1766 98 26 liggande
522 1766 49 20 skär
587 1768 100 19 ävensom
704 1768 30 18 ett
746 1766 88 20 holmen
845 1766 40 20 och
896 1765 76 21 skären
983 1772 42 14 om-

232 1795 91 27 givande
334 1796 159 21 vattenområde
504 1796 59 20 inom
574 1796 26 20 de
611 1798 91 24 gränser,
714 1802 46 14 som
772 1803 26 13 av
809 1795 216 27 lantbruksstyrelsen

232 1826 119 26 föreslagits
369 1826 40 20 och
427 1828 97 18 närmare
543 1826 87 26 angivas
646 1826 12 20 å
674 1833 26 13 en
716 1825 36 21 vid
768 1825 48 21 dess
831 1826 8 20 i
855 1825 171 27 statsrådsproto-

232 1856 67 20 kollet
314 1856 131 20 omnämnda
460 1856 111 20 utlåtande
587 1856 70 20 såsom
673 1856 70 25 bilaga
758 1855 64 26 fogad
837 1855 110 24 kartskiss,
958 1856 68 26 jämte

232 1885 73 21 därtill
320 1885 94 21 hörande
430 1886 96 20 fiskerätt
541 1886 36 19 må
592 1885 33 20 till
645 1885 152 21 Versholmens
816 1885 123 21 nuvarande
958 1891 67 14 arren-

232 1915 68 25 dator,
316 1915 25 21 N.
358 1915 109 25 Eriksson,
486 1915 99 27 försäljas
604 1918 45 18 mot
668 1922 26 14 en
710 1915 144 27 köpeskilling
869 1922 26 13 av
913 1914 64 21 7000
993 1915 31 21 kr.

176 1985 23 16 13
217 1981 38 20 RD
271 1981 115 26 medgiver,
403 1983 32 18 att
450 1988 26 14 av
492 1981 199 26 kronoegendomen
708 1980 11 20 1
736 1981 83 20 mantal
834 1981 121 20 Hornstäve
972 1987 25 13 nr
1013 1981 13 20 3

232 2010 139 27 Prästgården
381 2011 8 20 i
401 2011 64 20 Vreta
477 2011 96 20 Klosters
584 2011 78 20 socken
672 2011 8 20 i
690 2010 232 27 statsrådsprotokollet
937 2010 90 20 berörda

233 2040 103 26 ägolotter
354 2040 41 21 litt.
415 2041 24 24 B,
456 2041 23 25 C,
495 2041 26 24 D,
540 2041 25 23 E,
584 2041 18 20 F
620 2041 40 20 och
679 2040 19 21 G
717 2041 36 19 må
771 2047 37 13 var
826 2040 33 21 för
877 2040 32 26 sig
928 2040 99 26 försäljas

232 2070 51 21 med
301 2070 150 21 hembudsrätt
468 2071 34 20 för
520 2071 25 20 G.
562 2070 33 21 W.
612 2070 85 21 Nilsson
716 2070 33 21 till
768 2070 66 21 lotten
853 2070 41 21 litt.
911 2070 24 25 B,
951 2070 34 20 för
1001 2070 24 20 G.

1116 235 41 33 så
1499 241 54 17 Riks-

1063 264 17 26 3
1116 271 17 28 2
1136 267 21 32 &
1219 289 4 3 -
1321 255 106 41 Utskotte-
1489 266 73 31 dagens
1620 271 118 17 Kamrarnas

1116 312 12 9 la
1160 302 1 28 |
1174 289 99 17 eooner-
1321 289 113 33 Bblätinden
1460 285 25 49 Al
1504 301 46 17 Fur]
1604 301 146 22 dorhendiingar

1063 325 17 27 =
1117 322 41 33 ZR
1297 319 46 17 eller
1355 319 99 17 memorial
1497 331 59 17 vblser

1058 356 16 12 3
1116 353 40 23 lår
1482 368 82 1 RE

1062 372 18 38 >
1121 374 7 36 Zz
1177 397 34 17 FK
1226 374 36 40 ar
1289 380 112 31 gle.
1444 386 17 19 2
1498 396 17 17 a
1522 379 20 38 |
1546 387 17 19 &)
1592 385 68 17 Första
1675 374 2 34 |
1694 385 65 17 Andra

1117 406 35 30 "5
1220 410 2 28 |
1289 405 17 32 2
1330 403 18 30 ål
1385 406 16 18 2
1413 399 25 38 |
1444 407 16 24 28)
1498 415 11 9 +
1546 407 17 25 |)
1589 409 71 17 kamm.
1675 414 1 29 |
1692 409 70 17 kamm.

1275 452 1 19 I
1423 458 2 7 I

1041 468 56 48 1929
1275 488 1 24 |
1423 490 1 15 |
1675 452 2 70 |

1275 553 1 31 |
1675 559 1 29 |

1675 589 1 11 I

1275 600 1 13 |
1675 601 1 22 I

1275 633 1 4 I
1675 626 1 11 I

1275 640 1 17 |
1675 639 1 25 |

1275 677 1 3 |
1675 672 1 30 |

1275 699 1 12 I
1675 706 1 3 I

1275 712 1 5 |
1675 717 1 11 I

1274 738 2 38 |
1675 732 1 35 |

1121 787 26 20 let
1274 778 31 48 20
1400 787 12 20 6
1499 787 28 20 45)
1559 774 24 45 |
1593 787 54 21 8:47
1674 780 2 54 |
1694 786 55 22 9:42

1674 835 2 9 |

1274 878 2 15 |

1274 951 2 9 |

1064 1069 9 11 >
1083 1047 29 46 |
1121 1062 28 19 94
1280 1062 27 20 10
1386 1062 27 19 36
1414 1047 18 47 |
1487 1051 46 31 2l154]
1587 1062 185 21 |21:104|28:123

1118 1096 34 23 p.3

1064 1284 9 10 >»
1086 1271 27 35 |
1120 1276 28 20 94
1280 1275 27 21 10
1386 1276 27 20 36
1488 1276 41 20 154
1587 1276 33 20 21:
1632 1281 39 15 104/
1688 1277 33 20 28:
1734 1281 37 15 123

1117 1311 33 22 p4
1532 1315 2 22 I

1532 1339 2 20 I

1064 1558 9 11 >
1087 1546 27 34 |
1121 1550 27 21 94
1280 1550 26 20 10
1385 1550 27 20 36
1486 1546 42 34 154
1587 1550 33 20 21:
1632 1555 38 15 104/
1688 1550 34 20 28:
1733 1555 39 16 128

1117 1586 34 22 p.5

1064 1713 9 12 >
1113 1706 42 20 1225
1172 1705 41 20 [113
1226 1705 81 21 /188/10
1386 1705 28 20 64
1486 1701 42 34 283
1594 1705 54 20 29:5
1688 1705 84 21 136:111

1117 1740 33 23 p.3

1065 1988 8 11 >
1114 1980 42 20 1225
1280 1980 27 20 10
1386 1980 28 20 64
1486 1980 42 20 283
1594 1980 55 20 29:85
1689 1980 83 20 136:111

1117 2014 35 23 p4
