1806 2327
760 58 222 35 SAKREGISTER
1631 66 37 19 587

1132 153 88 29 Motioner
1275 153 81 29 Utskott
1439 169 4 4 4
1521 157 91 17 Protokoll

997 177 25 20 År
1019 173 20 32 |
1045 181 52 20 Prop.
1404 169 33 41 Pe

1128 211 29 16 FK
1157 206 27 30 |
1192 211 31 16 AK
1246 210 85 18 ISmllAvd|
1355 211 26 17 Nr
1501 212 30 16 FK
1600 212 31 16 AK

89 244 119 21 Jordbruk

133 280 29 14 en
175 275 44 20 den
234 275 11 20 7
258 275 53 24 juni
326 275 55 20 1956
397 275 40 23 (nr
449 275 53 24 406)
519 281 51 20 ang.
583 275 149 26 mjölkavgift
745 281 29 15 m.
788 281 37 18 m.,
838 275 137 25 förordning

134 310 38 14 om
186 305 100 24 ändring
300 305 6 19 i
321 305 167 25 förordningen
503 305 44 20 den
561 305 11 20 5
586 305 52 25 juni
653 305 56 20 1953
726 305 39 23 (nr
778 305 53 24 375)
848 305 52 20 med
913 305 62 20 vissa

132 334 177 20 bestämmelser
326 339 51 20 ang.
393 335 194 25 prisregleringen
603 335 36 20 för
654 335 40 25 råg
708 335 44 20 och
767 336 56 22 vete,
838 335 137 25 förordning

133 369 38 14 om
188 364 89 20 ändrad
294 364 87 25 lydelse
397 370 28 14 av
442 364 19 24 1,
478 365 12 19 2
506 365 44 19 och
566 364 34 20 4a
611 365 24 23 8$
653 364 167 26 förordningen
836 364 44 21 den
896 365 12 20 3
923 364 52 26 juni

134 393 55 20 1955
211 393 39 23 (nr
267 393 53 24 284)
341 399 52 20 ang.
410 394 206 25 slaktdjursavgift
632 400 30 14 m.
679 400 30 14 m.
725 394 43 20 och
785 394 137 25 förordning
938 400 37 14 om

133 423 90 20 ändrad
239 423 87 25 lydelse
341 429 27 14 av
383 423 12 20 2
405 430 13 14 a
432 424 44 19 och
492 424 12 20 5
505 419 13 34 a
538 424 24 23 $$
578 424 167 25 förordningen
760 424 44 20 den
819 424 26 20 10
859 424 44 24 juli
919 424 54 20 1947

137 453 40 22 (nr
190 452 53 24 378)
261 458 38 14 om
312 453 62 20 vissa
387 453 99 25 avgifter
498 453 13 20 å
524 453 82 25 mjölk,
618 454 86 24 grädde
716 454 44 19 och
772 454 43 20 ost.

90 487 23 15 12
132 482 40 20 RD
191 482 136 25 godkänner
346 483 28 20 de
392 482 88 26 förslag
498 483 45 20 rör.
561 483 44 20 den
624 483 111 21 framtida
752 483 161 26 inriktningen
932 484 43 20 och
969 478 14 35 |
999 483 29 21 591
1050 485 42 20 148
1096 478 27 35 |
1136 485 28 21 60)
1201 486 27 20 871
1256 486 26 20 10)
1305 498 25 2 —|
1360 486 245 21 301284120:111d|20:
1621 487 41 20 73d

131 512 178 25 utformningen
330 518 28 14 av
377 512 44 20 den
442 512 93 25 statliga
555 513 178 20 verksamheten
753 514 52 19 med
824 513 151 25 jordbrukets
1135 515 28 20 63
1164 511 17 33 |
1198 515 37 21 -90
1570 517 35 20 21:
1633 517 29 20 3d

132 542 62 24 yttre
206 542 195 24 rationalisering,
414 547 50 14 som
476 542 115 20 utskottet
602 542 117 25 framlagt,
731 548 30 14 m.
774 549 40 17 m.;
827 543 43 20 och
881 544 93 19 anvisar
1135 545 29 19 64
1187 545 41 20 1125

132 571 40 20 RD
191 571 35 20 till
246 571 250 25 lantbruksstyrelsen:
516 571 136 25 avlöningar
671 571 63 21 29385
745 572 41 21 700
804 572 42 24 kr.,
864 573 34 20 till
916 573 59 20 lant-
1135 574 29 20 66
1159 570 22 33 |
1187 574 40 20 127

132 600 232 21 bruksnämnderna:
378 601 136 25 avlöningar
528 601 25 20 12
563 601 41 20 509
614 601 41 20 500
668 602 42 23 kr.,
722 602 34 20 till
769 602 206 25 lantbruksstyrel-
1135 604 26 20 91
1186 604 42 21 1130

133 636 51 14 sen:
198 630 167 20 omkostnader
378 630 42 20 402
430 630 41 20 000
485 631 41 23 kr.,
538 631 35 19 till
586 631 281 21 lantbruksnämnderna:
880 632 35 21 till
927 638 48 15 om-
1135 634 93 20 921225

132 660 128 19 kostnader
278 660 62 20 2971
352 660 41 20 500
412 660 42 24 kr.,
472 660 35 20 till
525 660 136 26 utrustning
679 660 26 20 70
715 660 41 21 000
775 661 34 21 kr.
827 662 43 20 och
887 662 35 20 till
939 664 36 19 ut-
1135 664 92 20 941227

133 689 204 25 bildningskurser
351 689 36 20 för
399 690 46 20 viss
458 690 108 24 personal
579 690 27 20 20
616 690 41 21 000
669 690 45 24 kr.;
727 691 44 20 och
782 691 94 21 anvisar
888 692 39 20 RD
939 692 35 20 till
1121 693 42 21 1791
1185 694 43 20 232

133 719 117 20 särskilda
264 719 230 25 utbildningskurser
509 719 40 21 136
560 719 41 21 700
615 720 34 20 kr.
663 720 43 20 och
720 721 35 20 till
769 720 81 26 bidrag
863 722 35 20 till
911 722 63 25 jord-
1121 723 41 20 182
1163 719 18 34 |
1185 723 44 21 404

132 748 97 21 brukets
240 749 188 25 rationalisering
437 749 12 20 9
459 749 42 20 000
510 749 42 20 000
562 749 34 20 kr.
1119 753 43 20 333
1161 747 20 31 |
1185 753 44 21 405

1119 783 43 20 334
1165 778 18 35 |
1185 783 44 20 435

1119 813 43 20 3381
1186 813 43 20 600

1119 842 43 21 344
1175 843 54 21 1-602

1119 872 43 20 354
1159 868 22 34 |
1185 872 44 21 604

1119 902 43 20 499
1161 898 18 34 1
1185 902 43 21 605

1116 932 53 20 -504/
1185 932 44 20 615

1119 961 43 21 603

90 994 23 14 13
132 989 40 19 RD
187 988 103 21 besluter
306 989 34 20 att
354 990 136 19 nuvarande
505 989 211 26 producentbidrag
731 989 28 21 fr.
774 996 20 14 o.
809 996 31 14 m.
854 990 120 20 kalender-
971 984 15 35 |
998 988 29 22 591
1048 991 43 20 149
1119 991 44 20 1478
1168 984 14 35 |
1185 992 44 20 606]
1256 992 26 20 101
1304 1004 26 2 —|
1360 992 92 21 311285
1468 992 136 21 120:126d|20:
1620 992 41 20 83d

132 1018 49 20 året
200 1018 56 20 1959
275 1019 98 20 ersättes
392 1025 28 14 av
438 1020 32 19 ett
490 1018 143 26 arealtillägg
650 1019 43 20 och
711 1021 33 19 att
762 1019 63 20 detta
843 1020 59 20 skall
920 1019 54 25 utgå
1120 1021 42 20 505
1161 1017 21 33 |
1185 1021 43 21 608
1569 1023 35 20 21:
1632 1022 29 20 3d

131 1048 59 20 efter
208 1048 47 20 viss
273 1048 73 24 skala,
363 1049 136 24 godkänner
517 1049 178 25 arealtilläggets
713 1049 147 25 anknytning
876 1049 34 20 till
928 1050 46 19 viss
1117 1051 118 20 -5081-613/

131 1077 203 26 brukarkategori,
346 1078 109 24 besluter,
468 1079 40 23 att,
520 1078 30 25 på
562 1079 46 20 sätt
620 1079 107 25 angivits,
739 1079 161 25 förmögenhet
912 1080 63 19 över-

132 1107 107 25 stigande
255 1107 26 21 50
291 1107 42 21 000
349 1108 35 20 kr.
400 1108 59 20 skall
476 1109 102 19 utesluta
593 1108 53 20 från
661 1109 47 20 rätt
724 1109 35 20 till
775 1109 150 25 arealtillägg,
941 1109 34 20 att

132 1137 221 20 administrationen
367 1143 28 14 av
408 1138 167 25 arealtillägget
588 1138 59 20 skall
660 1138 202 21 omhänderhavas
876 1145 28 14 av
916 1139 59 20 lant-

131 1166 273 26 bruksorganisationen,
422 1167 43 20 och
483 1168 34 20 att
534 1168 96 20 särskilt
647 1167 81 26 bidrag
746 1168 59 20 skall
823 1168 80 21 kunna
920 1168 55 26 utgå

131 1196 36 20 till
183 1196 62 20 vissa
263 1196 153 21 småbrukare
432 1197 7 20 i
454 1197 177 20 Västerbottens
646 1197 44 20 och
705 1197 152 21 Norrbottens
875 1199 50 20 läns
941 1198 34 20 in-

132 1226 55 20 land
205 1228 61 19 samt
282 1226 134 21 Jämtlands
433 1227 51 20 läns
501 1227 140 25 fjällbygder
657 1228 53 20 med
726 1233 48 19 upp
789 1228 35 20 till
841 1228 35 23 2,0
892 1228 83 20 hektar

132 1255 63 24 åker,
214 1255 77 21 avslår
310 1256 115 20 motioner
444 1256 70 21 såvitt
532 1257 50 20 däri
600 1256 131 21 hemställts
749 1263 38 14 om
804 1258 126 25 utredning
948 1264 27 14 av

133 1285 91 25 frågan,
238 1285 117 21 huruvida
368 1286 43 20 och
427 1286 7 20 i
448 1286 78 20 vilken
540 1286 163 26 utsträckning
717 1287 27 20 de
758 1287 73 20 medel
845 1293 50 14 som
909 1293 65 15 avses

133 1315 37 20 för
185 1315 145 25 arealtillägg
344 1316 7 19 i
366 1316 77 20 stället
458 1316 46 20 kan
519 1316 91 20 lämnas
625 1322 49 14 som
689 1316 80 26 tillägg
783 1317 29 24 på
826 1317 149 25 produktpri-

133 1351 76 17 serna,
224 1345 136 24 godkänner
374 1346 44 19 vad
434 1345 25 20 K.
475 1345 44 20 M:t
534 1346 7 19 i
555 1346 75 24 övrigt
644 1346 120 25 föreslagit
777 1346 149 21 beträffande
940 1348 35 19 ut-

133 1374 150 25 formningen
298 1374 43 20 och
357 1375 220 20 administrationen
593 1381 28 14 av
636 1375 173 26 arealtillägget,
825 1376 102 21 besluter
942 1377 33 20 att

133 1404 188 25 leveranstillägg
335 1404 36 20 för
385 1404 75 25 mjölk
473 1405 60 20 skall
546 1405 56 25 utgå
615 1406 51 19 med
680 1406 12 19 5
706 1406 39 20 öre
758 1411 40 19 per
811 1406 115 25 kilogram
939 1407 36 20 för

133 1434 252 20 leveranskvantiteten
404 1434 8 20 1
425 1434 85 21 001—9
520 1435 42 20 000
579 1435 113 25 kilogram
708 1441 41 19 per
764 1435 26 20 år
805 1436 43 20 och
864 1437 52 19 med
933 1436 42 21 400

133 1463 87 20 kronor
234 1470 41 18 per
289 1464 26 20 år
329 1464 36 20 för
380 1464 278 21 leveranskvantiteterna
673 1465 12 20 9
695 1465 100 20 000—12
805 1466 42 20 000
861 1466 114 25 kilogram

131 1493 44 20 och
196 1493 36 20 för
252 1494 131 20 leveranser
402 1494 162 25 överstigande
585 1494 76 21 12000
681 1494 115 26 kilogram
815 1496 105 20 minskas
939 1496 37 20 för

133 1523 184 25 överskjutande
330 1524 115 21 kvantitet
459 1525 52 19 med
524 1524 14 20 4
550 1525 39 19 öre
602 1530 41 19 per
657 1525 122 25 kilogram,
792 1526 136 24 godkänner
939 1528 36 19 ut-

133 1553 149 25 formningen
295 1553 44 20 och
351 1554 220 20 administrationen
583 1560 28 14 av
623 1555 210 25 leveranstillägget
845 1555 36 21 för
893 1556 82 25 mjölk,

132 1584 137 24 godkänner
282 1584 44 20 vad
340 1584 114 20 utskottet
469 1583 119 26 föreslagit
601 1584 148 21 beträffande
763 1585 37 20 det
814 1586 64 20 extra
891 1586 84 24 mjölk-

132 1613 155 26 pristillägget
304 1614 7 19 i
329 1620 70 14 norra
417 1614 97 25 Sverige,
533 1614 76 20 avslår
626 1614 114 21 motioner
758 1615 69 21 såvitt
846 1616 50 20 däri
912 1616 63 20 hem-

133 1643 77 20 ställts
224 1649 38 14 om
275 1643 125 21 införande
414 1650 28 14 av
454 1644 137 25 kalvbidrag
604 1644 43 20 och
660 1644 94 21 anvisar
767 1645 34 20 till
815 1646 96 20 särskilt
924 1646 50 20 stöd

132 1673 24 20 åt
173 1673 39 21 det
229 1673 91 21 mindre
337 1673 139 26 jordbruket
494 1673 91 21 114000
596 1674 41 21 000
654 1674 34 20 kr.
706 1675 43 20 och
766 1675 34 20 till
817 1675 115 21 täckande
948 1682 27 14 av

133 1703 112 20 förluster
257 1703 29 25 på
299 1704 76 24 grund
387 1710 28 13 av
426 1703 79 26 statlig
516 1704 169 25 kreditgaranti
696 1704 42 20 300
748 1704 42 21 000
801 1705 45 23 kr.;
859 1705 43 20 och
914 1706 61 20 med-

133 1733 63 25 giver
211 1733 40 20 RD
267 1734 34 19 att
315 1733 75 20 under
403 1733 137 25 budgetåret
556 1734 90 20 1959/60
661 1734 79 25 statlig
754 1734 169 26 kreditgaranti
938 1736 37 20 må

133 1763 107 24 beviljas,
254 1763 49 20 dels
317 1763 36 20 för
368 1763 38 20 lån
420 1764 112 19 avseende
545 1764 61 24 yttre
619 1764 188 26 rationalisering
820 1765 60 20 intill
894 1767 32 19 ett
938 1765 37 21 be-

134 1793 55 24 lopp
204 1799 28 13 av
248 1792 26 20 14
283 1793 41 20 000
334 1793 42 20 000
391 1793 42 23 kr.,
448 1792 36 21 för
498 1793 39 20 lån
551 1793 35 20 till
602 1794 50 19 inre
666 1794 188 26 rationalisering
868 1795 60 20 intill
943 1796 32 19 ett

133 1822 85 25 belopp
231 1828 28 14 av
273 1822 26 20 15
308 1822 42 20 000
361 1822 41 20 000
416 1822 42 24 kr.,
472 1822 36 20 för
520 1823 295 25 jordbruksegnahemslån
829 1830 29 14 m.
872 1830 29 14 m.
914 1825 60 20 intill

134 1853 33 19 ett
180 1852 84 25 belopp
278 1858 28 14 av
320 1852 26 20 20
357 1852 41 20 000
408 1852 42 20 000
464 1852 35 20 kr.
513 1852 43 20 och
570 1852 36 20 för
620 1853 97 20 driftlån
730 1853 61 20 intill
804 1854 33 20 ett
849 1853 83 26 belopp
948 1860 27 14 av

133 1882 14 20 6
156 1882 42 20 000
208 1881 42 21 000
265 1882 42 23 kr.,
321 1882 53 20 med
389 1882 46 20 rätt
449 1881 37 21 för
500 1882 27 20 K.
541 1882 45 20 M:t
600 1883 41 23 att,
655 1889 38 14 om
707 1883 179 21 förhållandena
900 1884 75 20 skulle

133 1917 27 20 ge
174 1912 126 25 anledning
314 1912 86 23 därtill,
414 1912 105 25 medgiva
531 1912 124 25 jämkning
669 1913 8 20 i
690 1913 71 25 sagda
774 1913 139 26 fördelning,
927 1914 48 20 dels

134 1941 37 20 för
187 1941 38 20 lån
241 1941 113 20 avseende
370 1941 147 25 uppförande
532 1948 28 14 av
575 1942 107 25 lagerhus
698 1948 30 15 m.
743 1948 30 15 m.
788 1943 37 20 för
838 1943 138 25 jordbruks-

134 1971 110 20 ändamål
258 1972 61 20 intill
333 1972 32 20 ett
378 1971 83 26 belopp
475 1978 28 14 av
516 1972 12 20 5
538 1972 42 20 000
589 1972 42 20 000
644 1972 42 24 kr.,
699 1972 49 21 dels
761 1972 37 21 för
811 1973 39 20 lån
863 1974 112 20 avseende

133 2001 252 25 trädgårdsnäringens
400 2001 188 26 rationalisering
602 2002 61 20 intill
676 2003 33 19 ett
722 2002 83 26 belopp
819 2009 28 14 av
860 2003 12 20 2
882 2003 42 21 000
933 2003 42 20 000

135 2031 45 24 kr.;
194 2031 44 20 och
251 2031 116 25 medgiver
379 2031 47 23 RD,
438 2032 34 19 att
484 2032 44 19 den
541 2031 72 26 årliga
625 2032 85 20 räntan
722 2032 13 20 å
746 2032 45 20 den
802 2032 95 21 stående
909 2033 66 20 delen

133 2067 29 14 av
178 2061 39 20 lån
234 2060 54 20 från
304 2061 276 25 egnahemslånefonden,
596 2067 50 14 som
661 2061 109 26 beviljats
786 2062 59 20 efter
860 2062 115 26 ingången

135 2097 28 14 av
177 2090 26 21 år
219 2090 55 21 1920
289 2096 53 15 men
356 2090 50 21 före
420 2091 45 20 den
479 2090 12 21 1
506 2091 45 25 juli
567 2091 62 24 1940,
643 2091 38 21 må
695 2091 36 21 för
745 2091 25 21 år
786 2092 55 21 1960
856 2092 119 21 nedsättas
