1823 2356
1607 87 43 21 509

68 263 187 27 Interpellationer.

96 300 32 20 Nr
143 300 27 20 24
186 300 129 26 (Andersson
326 300 6 20 i
343 300 125 27 Göteborg):
479 301 55 26 Ang.
545 301 163 26 framläggande
718 301 33 20 för
761 301 57 20 årets
829 301 41 20 RD
881 307 28 14 av
919 301 42 20 för-

67 329 47 26 slag
134 329 33 20 till
189 330 92 26 ändring
301 336 28 14 av
351 330 41 20 den
410 330 276 27 beredskapslagstiftning,
703 337 46 14 som
766 331 150 26 genomfördes
934 332 26 26 på

68 359 170 26 tryckfrihetens
248 360 88 20 område
346 360 37 20 vid
395 360 105 20 1940—41
512 360 35 20 års
556 360 118 26 riksdagar.

96 388 32 21 Nr
143 389 27 20 25
186 389 90 26 (Onsjö):
290 390 55 25 Ang.
360 391 83 18 statens
456 389 193 21 vattenfallsverks
662 391 45 19 sätt
720 391 35 19 att
768 390 96 21 beräkna
877 391 40 20 och
930 396 32 14 er-

68 420 60 19 sätta
140 418 81 21 skador
234 419 40 20 och
287 419 94 26 intrång,
395 425 46 14 som
454 420 101 19 åsamkas
568 420 127 26 markägare
708 420 37 20 vid
758 420 203 27 framdragning.av

68 448 117 20 elektriska
196 448 119 27 ledningar.

96 478 33 20 Nr
143 478 27 20 26
186 478 43 26 (fru
242 478 60 26 Rydh
314 478 83 21 Munck
408 479 22 26 af
443 479 153 26 Rosenschöld):
609 479 55 26 Ang.
676 481 69 18 sättet
756 481 35 18 att
801 479 53 27 fylla
866 480 95 20 behovet

68 513 28 14 av
109 507 95 21 vikarier
215 508 6 20 i
234 508 118 20 folkskolor
363 514 29 14 av
403 510 40 25 typ
456 509 18 19 B
484 509 12 20 2
508 509 40 20 och
560 509 18 20 B
588 509 12 20 3
613 509 39 20 och
665 509 111 26 kvinnliga
788 509 173 21 folkskollärares

70 537 128 27 behörighet
210 537 32 21 till
254 538 82 20 sådana
348 538 101 20 vikariat.

97 567 32 19 Nr
144 567 26 20 27
186 567 114 26 (Sköldin):
313 568 55 25 Ang.
381 568 102 25 åtgärder
495 568 33 20 för
540 568 150 26 bekämpande
702 574 28 14 av
741 569 150 25 gengasfaran.

97 626 32 20 Nr
143 626 27 20 28
186 626 104 26 (Hagberg
307 627 6 19 i
330 626 97 26 Malmö):
445 627 55 26 Ang.
519 627 207 26 fastighetsägarnas
743 628 122 20 eventuella
882 628 79 20 ekono-

69 655 69 20 miska
150 661 81 15 ansvar
241 656 34 20 för
285 656 57 20 vissa
354 656 102 26 åtgärder
466 657 49 20 med
527 657 106 20 avseende
645 657 12 20 å
668 657 139 26 skyddsrum.

97 685 32 20 Nr
143 685 27 20 29
186 685 129 26 (Andersson
326 686 6 20 i
343 686 109 26 Gisselås):
465 686 8 20 I
484 686 43 20 anl.
538 693 28 14 av
576 686 304 21 livsmedelskommissionens
890 687 72 20 beslut

69 720 35 14 om
112 714 123 27 fördelning
242 721 29 14 av
279 715 210 26 konstgödselmedel
498 716 33 20 för
539 716 59 20 tiden
607 716 41 20 den
659 717 8 19 1
677 716 125 21 febr.—den
810 716 27 21 30
844 717 47 25 juni
902 717 58 20 1944.

97 744 31 20 Nr
142 744 28 20 30
185 745 110 26 (Hansson
308 745 6 20 i
327 745 108 27 Skediga):
449 745 55 27 Ang.
517 746 102 26 åtgärder
631 746 6 20 i
649 746 57 26 syfte
719 748 35 18 att
765 746 151 21 ecklesiastika
928 752 33 14 ar-

69 774 80 20 renden
160 776 58 18 samt
227 775 106 20 arrenden
344 775 69 20 under
423 775 135 24 universitet,
569 776 131 23 akademier,
712 776 115 26 högskolor
837 776 39 20 och
887 778 75 18 veten-

68 803 98 26 skapliga
179 804 102 20 samfund
294 804 88 20 komma
395 806 34 18 att
441 805 92 26 regleras
545 811 28 14 av
586 805 25 20 de
624 811 42 21 nya
680 805 190 21 bestämmelserna
883 806 5 19 i
902 807 59 25 nytt-

68 833 194 26 janderättslagen.

96 862 32 21 Nr
143 863 23 19 31
185 863 132 26 (Senander):
331 864 55 26 Ang.
399 864 41 20 den
452 864 99 26 stegrade
564 864 260 27 olycksfallsfrekvensen.

97 922 31 20 Nr
143 922 26 20 32
186 922 182 26 (Hammarlund):
382 924 54 25 Ang.
449 924 122 26 stoppande
583 930 28 14 av
623 924 153 26 försäljningen
789 930 28 14 av
829 924 131 26 importerad

69 951 42 20 lök.

97 981 32 20 Nr
143 981 27 20 33
186 981 111 27 (Werner):
308 982 55 26 Ang.
374 982 56 21 vissa
440 989 28 14 av
479 983 126 26 postverket
615 983 105 26 vidtagna
729 983 102 26 åtgärder
840 984 6 20 i
856 984 59 26 fråga
926 990 34 14 om

69 1011 353 27 postbefordringsförhållandena
439 1013 12 19 å
468 1012 66 26 linjen
551 1013 326 21 Arvika—Glava—Strömme.

97 1041 32 20 Nr
143 1041 27 20 34
186 1041 102 26 (Jonsson
303 1042 6 19 i
322 1041 81 27 Alsen):
419 1042 54 26 Ang.
488 1042 148 27 tilldelningen
650 1049 29 14 av
692 1043 144 20 ransonerade
850 1043 110 20 livsmedel

69 1070 32 20 till
117 1070 124 26 lungsjuka.

97 1100 32 20 Nr
143 1100 26 20 35
188 1100 145 27 (Spångberg):
352 1102 55 25 Ang.
425 1102 121 25 stadgande
563 1108 28 14 av
608 1102 135 21 strafflöshet
760 1102 34 21 för
810 1103 101 20 anmälan
929 1102 31 21 till

69 1129 274 22 militieombudsmannen.

97 1159 31 21 Nr
143 1160 27 19 36
186 1160 42 26 (fru
240 1160 125 27 Ekendahl):
376 1161 55 26 Ang.
443 1161 25 20 de
478 1161 111 26 kvinnliga
599 1161 182 21 medlemmarnas
791 1168 28 14 av
829 1162 132 26 operakören

68 1189 207 21 löneförhållanden.

96 1219 32 20 Nr
142 1219 26 20 37
184 1219 134 26 (Sundström
327 1220 6 20 i
343 1220 203 27 Vikmanshyttan):
559 1221 7 19 I
575 1221 43 20 anl.
628 1227 28 14 av
665 1227 26 14 en
700 1221 6 20 i
715 1221 41 20 den
765 1227 17 14 s.
792 1221 21 20 k.
822 1221 138 27 Zinkgruvan

68 1248 36 20 vid
117 1249 151 26 Garpenbergs
279 1249 188 26 järnvägsstation
479 1250 6 20 i
497 1251 87 25 augusti
598 1250 52 21 1942
662 1251 105 20 inträffad
780 1250 83 27 olycka.

96 1278 32 20 Nr
142 1278 27 20 38
184 1278 108 27 (Wiberg):
305 1280 56 25 Ang.
375 1280 40 20 den
429 1280 92 20 svenska
535 1280 139 20 humanitära
687 1280 230 27 hjälpverksamheten
930 1280 31 21 till

68 1308 52 20 våra
135 1308 102 20 nordiska
251 1309 153 25 grannländer.

96 1337 32 20 Nr
143 1337 26 20 39
185 1338 47 25 (von
246 1338 63 26 Seth):
322 1339 55 26 Ang.
390 1339 41 20 den
444 1339 111 26 pågående
567 1339 189 27 centraliseringen
768 1345 28 15 av
808 1339 154 21 skolväsendet

68 1367 27 26 på
114 1367 158 26 landsbygden.

96 1396 32 20 Nr
142 1397 28 20 40
183 1397 132 27 (Gustafsson
329 1398 7 19 i
348 1398 100 26 Lekåsa):
463 1398 49 26 Ang
524 1398 143 27 värderingen
680 1404 29 15 av
722 1399 190 20 naturaförmåner
925 1399 36 20 vid

68 1426 58 20 årets
137 1426 101 27 taxering
248 1433 29 14 av
289 1427 102 21 inkomst.

96 1455 32 21 Nr
142 1456 24 20 41
185 1456 90 26 (Onsjö):
286 1457 55 26 Ang.
353 1457 26 20 de
390 1457 101 24 direktiv,
503 1457 58 21 vilka
573 1458 94 20 lämnats
678 1458 41 20 den
730 1464 16 14 s.
756 1458 21 20 k.
788 1458 174 20 kommunindel-

69 1485 201 27 ningskommittén,
284 1492 28 15 m.
322 1493 29 14 m.

96 1515 32 20 Nr
142 1515 27 21 42
184 1515 117 27 (Lindahl):
318 1516 8 20 I
341 1516 42 21 anl.
398 1522 29 14 av
441 1517 57 20 vissa
513 1517 108 26 påstådda
636 1517 203 20 missförhållanden
853 1518 37 20 vid
904 1517 58 27 järn-

68 1546 69 25 vägen
152 1545 196 21 Kumla—Närkes
364 1546 135 27 Kvarntorp.

96 1574 32 21 Nr
141 1575 28 20 43
184 1575 132 27 (Sundberg):
329 1575 8 20 I
346 1576 43 20 anl.
398 1582 29 14 av
435 1577 35 19 att
479 1582 28 14 av
516 1576 57 21 vissa
582 1578 84 25 präster
675 1576 78 21 förbud
761 1576 110 21 utfärdats
877 1578 47 19 mot
932 1577 31 20 in-

68 1604 90 20 förande
171 1605 37 20 vid
221 1605 185 26 begravningsakt
418 1606 6 20 i
436 1606 69 26 kyrka
518 1612 28 14 av
558 1606 57 20 vissa
628 1606 133 26 föreningars
773 1606 188 27 samlingstecken,

68 1633 63 21 fanor
144 1634 40 20 och
197 1634 98 21 standar.

95 1664 32 20 Nr
142 1664 27 20 44
184 1664 125 26 (Pettersson
325 1665 7 20 i
348 1665 131 26 Degerfors):
496 1666 54 25 Ang.
567 1665 127 27 tolkningen
709 1671 29 15 av
752 1665 101 27 gällande
868 1666 94 20 bestäm-

67 1693 78 20 melser
156 1699 35 15 om
202 1693 162 28 familjebidrag
375 1695 23 20 åt
409 1695 135 26 värnpliktig
554 1695 56 20 efter
621 1695 80 20 dennes
712 1695 125 20 hemkomst
848 1695 48 21 från
907 1695 55 21 mili-

67 1723 191 27 tärtjänstgöring.

95 1752 32 21 Nr
142 1753 27 20 45
184 1753 44 26 (fru
245 1753 60 26 Rydh
318 1754 84 20 Munck
415 1754 22 26 af
452 1754 153 26 Rosenschöld):
621 1755 55 25 Ang.
685 1760 26 15 en
719 1754 123 21 förbättrad
849 1755 114 26 kortvågs-

67 1782 110 26 sändning
186 1782 48 21 från
245 1783 94 26 Sverige.

96 1811 32 20 Nr
142 1811 28 21 46
185 1812 134 26 (Sundström
330 1813 7 19 i
349 1812 102 27 Skövde):
464 1813 55 26 Ang.
531 1819 26 14 en
569 1813 109 20 eventuell
689 1819 61 21 prop.
763 1819 35 14 om
809 1813 154 27 lönereglering

68 1841 33 20 för
114 1841 276 27 skogsvårdsstyrelsernas
405 1842 224 27 befattningshavare.

96 1871 32 20 Nr
142 1871 27 20 47
186 1871 42 26 (fru
242 1871 125 27 Nordgren):
382 1872 55 26 Ang.
450 1872 113 26 skapande
576 1878 29 14 av
617 1872 57 21 ökad
688 1872 102 27 trygghet
803 1873 37 20 vid
854 1873 41 20 den
908 1873 54 20 före-

68 1900 89 20 skrivna
171 1901 160 26 profylaktiska
344 1901 160 27 behandlingen
516 1908 29 14 av
558 1902 97 26 nyfödda
668 1902 65 20 barns
746 1904 62 24 ögon.

97 1930 32 20 Nr
143 1930 27 20 48
186 1930 110 26 (Ericsson
311 1931 6 20 i
332 1931 104 26 Sörsjön):
453 1931 9 20 I
472 1931 43 21 anl.
526 1937 28 15 av
565 1932 57 20 vissa
632 1937 28 15 av
670 1932 223 26 egnahemsstyrelsen
904 1932 58 20 med-

68 1959 77 21 delade
161 1960 135 20 föreskrifter
311 1962 41 19 rör.
369 1961 41 20 den
426 1961 206 21 statsunderstödda
648 1962 314 20 arbetarsmåbruksverksam-

68 1989 73 21 heten.

96 2019 33 20 Nr
143 2019 27 21 49
186 2019 85 27 (Sefve):
283 2020 55 26 Ang.
350 2020 138 21 ekonomiskt
499 2021 49 20 stöd
560 2021 23 20 åt
594 2020 102 21 blivande
707 2021 68 20 lärare
786 2021 37 20 vid
834 2021 52 20 våra
897 2021 65 26 högre

68 2049 73 20 skolor
151 2049 70 20 under
231 2049 62 21 deras
304 2050 244 27 provårstjänstgöring.

97 2078 32 21 Nr
144 2079 27 20 50
186 2079 133 27 (Senander):
332 2080 55 26 Ang.
400 2080 163 26 framläggande
575 2080 34 20 för
620 2080 147 21 innevarande
779 2081 34 20 års
826 2081 42 20 RD
880 2087 28 14 av
921 2081 41 20 för-

68 2108 46 26 slag
127 2114 34 14 om
174 2108 138 22 förbättrade
324 2109 161 27 folkpensioner
496 2110 40 20 och
548 2110 262 21 invaliditetsunderstöd.

981 196 25 20 År

1028 200 55 21 Prop.

1115 176 91 17 Motioner

1263 177 80 17 Utskott

1387 189 57 16 Skriv.

1505 177 95 16 Protokoll

1110 230 33 16 FK
1147 226 23 30 |
1173 230 35 16 AK

1229 231 85 16 SmllAvd

1338 231 26 16 Nr

1405 217 22 12 nr

1483 231 33 16 FK
1582 231 35 16 AK

980 301 29 20 VA

1480 314 27 2 |

1576 302 13 50 av

1591 309 4 13 :
1601 304 30 18 15

1591 339 5 13 :
1606 332 26 20 3d

1554 605 26 11 -—
1564 510 7 20 -

1576 487 19 43 Ret
1576 391 19 50 PR

1607 512 9 14 2
1599 483 26 22 00
1600 429 36 7 Zz

1621 513 10 17 Do

1628 516 26 7 S&S

1564 658 7 20 -

1570 689 35 108 SPIRE
1570 570 35 108 SPENT

1607 691 8 16 -

1620 690 10 17 -

1607 658 38 20 13d

1606 749 25 18 26

1608 777 37 19 14d

1591 872 3 13 :
1606 867 24 17 26

1590 895 42 20 :4d

1608 927 22 17 17

1590 961 4 13 :
1607 954 38 20 13d

1591 1020 3 14 :
1606 1014 25 20 5d

1590 1046 26 18 ch

1590 1080 5 13 :
1608 1073 37 20 13d

1563 1133 32 20 11:
1608 1133 23 20 1d

1578 1169 16 13 ef

1565 1192 30 20 12:
1607 1192 24 20 1d

1590 1258 4 14 :
1608 1251 36 20 10d

1590 1288 4 13 :
1606 1283 24 17 438

1564 1311 31 20 10:
1607 1311 24 20 1d

1563 1370 31 20 12:
1606 1370 39 20 97d

1564 1415 31 34 15:
1607 1429 24 20 1d

1564 1488 30 21 14:
1606 1489 25 19 3d

1564 1547 31 21 16:
1606 1548 25 20 6d

1564 1607 30 20 16:
1606 1607 25 20 2d

1561 1696 34 20 20:
1606 1697 25 19 4d

1564 1785 31 20 14:
1605 1785 26 20 8d

1563 1844 31 20 15:
1607 1844 38 20 16d|

1486 1885 27 3 —
1511 1870 31 34 i)
1541 1870 14 34 ;
1563 1874 31 20 11:
1606 1875 24 18 938

1561 1904 70 19 21x1d

1563 1962 31 21 19:
1607 1963 23 20 1d
