1847 2355
819 158 135 16 SAKREGISTER

102 435 175 28 Avskrivningar
293 435 36 22 och
345 435 129 28 eftergifter.

103 650 9 15 4

102 1216 10 15 S

102 1341 9 16 -

88 1877 24 16 10

145 466 151 20 holm—Böda
311 467 39 19 och
362 466 67 20 Södra
440 463 80 24 Ölands
530 466 221 27 järnvägsaktiebolag
761 466 107 27 beviljade
879 468 59 19 stats-

146 496 35 20 lån
197 497 12 19 å
225 496 42 20 419
278 496 42 20 000
336 496 31 20 kr.
384 496 119 26 respektive
523 496 94 21 950500
634 496 30 20 kr.
681 497 37 19 må
733 496 33 20 till
782 496 26 21 de
824 496 65 24 delar,
906 497 32 19 be-

145 526 63 20 rörda
223 526 119 26 fordringar
358 526 91 26 tillhopa
464 526 105 26 överstiga
586 526 42 20 800
638 526 42 20 000
696 526 39 25 kr.,
752 526 109 21 avskrivas
872 526 67 21 under

146 556 26 19 de
183 556 7 19 i
201 556 233 25 statsrådsprotokollet
442 558 50 18 över
498 556 292 20 kommunikationsärenden
799 556 41 20 den
851 556 26 20 18
885 556 52 20 febr.

147 584 56 21 1927
220 585 111 21 förordade
348 585 83 20 villkor.

131 645 37 19 RD
185 645 108 25 medgiver
309 644 45 21 dels
370 647 31 18 att
417 652 26 13 av
459 646 80 19 statens
558 645 41 20 den
620 645 26 20 31
671 644 44 21 dec.
740 644 55 21 1926
820 645 119 20 beräknade

146 674 89 27 kapital-
247 675 39 19 och
297 674 147 21 räntefordran
455 675 38 20 hos
505 674 204 21 Skövde—Axvalls
719 675 221 26 järnvägsaktiebolag

147 704 33 20 till
196 704 41 20 den
253 704 41 24 del,
311 704 126 21 densamma
453 705 114 25 överstiger
583 704 42 21 396
636 704 42 21 000
694 705 37 24 kr.,
751 705 35 20 må
805 705 67 20 under
890 705 26 20 de
932 705 8 20 i

146 734 232 27 statsrådsprotokollet
401 736 50 18 över
473 734 293 21 kommunikationsärenden
788 734 41 21 den
849 734 26 20 21
895 736 43 25 jan.

148 763 55 21 1927
223 764 112 20 förordade
354 764 78 20 villkor
447 764 25 20 fr.
489 771 18 13 o.
525 771 28 13 m.
570 765 24 19 år
611 764 55 20 1927
683 764 81 26 årligen
783 765 108 20 avskrivas
910 767 30 18 ett

146 794 77 26 belopp
240 801 26 13 av
282 794 27 20 37
320 794 42 20 000
379 794 39 25 kr.,
435 794 46 20 dels
496 796 32 18 att
543 801 26 13 av
586 796 79 19 statens
682 794 41 20 den
739 794 24 20 31
781 794 44 21 dec.
839 794 55 21 1926
908 795 31 20 be-

145 823 94 21 räknade
262 824 149 20 räntefordran
434 824 38 20 hos
496 821 203 29 Varberg—Ätrans
717 824 223 27 järnvägsaktiebolag

145 854 36 20 må
196 853 69 21 under
283 854 37 20 det
338 854 7 20 i
364 854 66 26 sagda
451 854 209 26 statsrådsprotokoll
679 854 112 20 förordade
814 854 77 20 villkor
906 861 33 14 av-

145 883 82 21 skrivas
243 885 30 19 ett
289 884 78 26 belopp
383 890 26 14 av
425 883 43 21 400
478 883 42 21 000
536 884 39 24 kr.,
592 883 45 21 dels
653 883 39 21 ock
709 885 31 19 att
755 885 80 19 statens
854 884 41 20 den
912 884 26 20 31

145 913 44 20 dec.
216 913 56 20 1926
297 913 121 21 beräknade
437 914 88 26 kapital-
544 914 40 20 och
603 913 148 21 räntefordran
769 914 39 20 hos
827 914 112 27 Mjölby—

144 943 155 20 Hästholmens
315 950 43 20 nya
373 943 223 27 järnvägsaktiebolag
610 944 37 19 må
662 943 34 20 till
707 943 41 20 den
759 943 42 25 del,
813 943 126 21 densamma

145 973 115 26 överstiger
283 973 43 20 380
336 973 42 20 000
395 973 38 24 kr.,
457 973 109 21 avskrivas
582 973 68 20 under
665 973 26 20 de
707 974 7 19 i
730 980 82 14 samma
829 974 109 20 statsråds-

146 1002 107 27 protokoll
271 1003 112 20 förordade
399 1003 83 20 villkor.

130 1062 37 20 RD
184 1062 114 26 medgiver,
316 1064 31 19 att
362 1062 26 21 de
405 1062 78 27 belopp
499 1063 12 19 å
530 1062 91 27 tillhopa
642 1062 63 21 1552
725 1063 31 19 kr.
777 1063 26 19 27
823 1065 42 22 öre,
885 1070 53 18 som,

145 1092 28 27 på
189 1094 42 18 sätt
246 1093 8 19 i
270 1092 233 27 statsrådsprotokollet
517 1094 50 19 över
585 1092 293 21 kommunikationsärenden
898 1093 40 20 den

147 1121 27 21 18
189 1122 53 20 febr.
261 1121 55 21 1927
334 1122 144 25 omförmäles,
498 1122 98 26 felaktigt
614 1122 116 21 utbetalats
749 1129 26 14 av
794 1123 145 26 poststations-

145 1152 160 20 föreståndaren
321 1152 7 20 i
344 1152 76 26 Dalby,
437 1153 36 19 må
488 1159 26 13 ur
526 1152 133 27 postverkets
669 1152 143 27 räkenskaper
823 1153 115 20 avskrivas.

130 1211 105 21 Motioner
258 1218 35 14 om
317 1211 179 21 efterskänkande
520 1218 26 14 av
567 1212 317 26 återbetalningsskyldigheten
906 1212 33 20 be-

145 1241 105 20 träffande
267 1241 43 21 viss
326 1241 35 21 del
377 1248 27 14 av
419 1243 31 19 ett
465 1242 33 20 för
513 1241 144 27 torrläggning
673 1248 26 14 av
714 1242 62 20 mark
791 1242 58 20 inom
870 1242 69 21 Gälla-

145 1271 47 20 reds
212 1272 78 20 socken
309 1278 26 14 av
354 1271 106 21 Hallands
479 1271 36 21 län
532 1271 87 27 beviljat
635 1271 121 27 odlingslån
771 1278 29 14 m.
817 1278 29 14 m.
863 1272 75 21 avslås.

129 1337 38 20 RD
186 1336 115 27 medgiver,
321 1339 32 18 att
371 1337 168 27 styckjunkaren
554 1337 7 20 i
578 1337 56 20 Göta
652 1337 196 26 artilleriregmente
867 1338 25 20 A.
913 1338 25 20 U.

145 1366 77 21 Olsson
239 1367 36 20 må
291 1367 78 20 befrias
385 1367 48 20 från
452 1367 79 20 honom
554 1367 89 26 jämlikt
666 1367 181 26 krigshovrättens
870 1367 70 27 utslag

144 1396 42 20 den
205 1396 25 21 15
249 1397 49 26 juni
317 1396 57 21 1925
394 1396 112 27 åliggande
525 1396 122 27 skyldighet
665 1399 32 18 att
715 1397 33 20 till
767 1397 81 20 kronan
867 1398 73 25 utgiva

144 1426 119 26 ersättning
278 1426 50 20 med
345 1427 12 19 2
367 1426 42 20 916
425 1427 31 20 kr.
476 1426 25 20 15
519 1428 41 24 öre,
577 1428 56 19 samt
648 1428 32 19 att
690 1427 160 26 ifrågavarande
861 1427 78 27 belopp

144 1457 36 19 må
196 1463 25 13 ur
237 1456 146 26 vederbörliga
398 1456 143 26 räkenskaper
557 1456 114 21 avskrivas.

130 1516 38 20 RD
185 1515 114 26 medgiver,
319 1517 31 18 att
373 1516 55 20 förre
451 1516 80 20 furiren
555 1516 36 20 vid
615 1516 325 26 Positionsartilleriregementet

144 1545 27 20 K.
189 1546 25 19 E.
231 1545 24 20 V.
273 1546 119 20 Pettersson
409 1546 36 19 må
461 1546 78 20 befrias
554 1546 48 20 från
618 1546 79 20 honom
714 1547 26 25 på
756 1546 70 26 grund
842 1553 26 14 av
882 1546 57 21 dom-

145 1575 124 26 stolsutslag
284 1575 39 20 och
341 1582 25 13 av
382 1576 80 19 honom
481 1575 160 21 undertecknad
660 1576 129 20 förbindelse
808 1583 26 13 av
853 1576 41 20 den
913 1576 25 20 19

145 1611 58 14 mars
216 1604 55 20 1926
283 1605 111 26 åliggande
406 1605 244 26 betalningsskyldighet
661 1605 33 20 till
704 1606 83 20 kronan
797 1606 50 20 med
858 1606 81 20 undan-

145 1637 36 23 tag
198 1635 131 20 beträffande
345 1635 68 24 böter;
431 1637 56 18 samt
502 1637 31 18 att
549 1635 26 20 de
591 1635 84 27 belopp,
692 1636 47 19 från
755 1636 69 20 vilkas
835 1636 104 25 gäldande

145 1665 120 20 Pettersson
281 1664 91 21 sålunda
388 1665 84 24 befrias,
490 1666 35 19 må
540 1671 26 14 ur
581 1665 145 26 vederbörliga
744 1665 143 27 räkenskaper
906 1672 32 14 av-

144 1694 88 21 skrivas.

130 1754 82 20 Motion
236 1761 35 13 om
296 1754 97 20 befrielse
412 1754 33 20 för
461 1754 56 20 vissa
532 1754 108 20 officerare
655 1755 40 20 och
711 1755 176 20 underofficerare
903 1755 36 20 vid

145 1784 105 20 Gotlands
266 1784 128 20 artillerikår
409 1785 47 19 från
468 1784 122 26 skyldighet
601 1786 31 19 att
642 1785 116 20 återbetala
768 1785 56 21 vissa
840 1785 34 20 till
890 1785 48 20 dem

144 1814 100 25 felaktigt
259 1814 147 20 utanordnade
422 1814 128 26 lönebelopp
566 1814 76 20 avslås.

129 1873 38 20 RD
184 1873 115 26 medgiver,
316 1875 31 19 att
363 1873 41 20 den
420 1873 112 25 arvsskatt,
549 1880 46 14 som
606 1874 82 26 påvilar
699 1874 41 20 den
752 1874 68 20 Lilian
832 1874 107 27 Gaywood

144 1903 28 26 på
191 1903 69 25 grund
283 1910 26 13 av
333 1905 127 19 testamente
483 1903 166 21 tillkommande
672 1904 63 20 andel
751 1904 7 20 i
774 1904 165 27 kvarlåtenskap

145 1933 53 19 efter
214 1933 115 20 framlidne
345 1933 122 20 direktören
483 1933 7 20 i
506 1933 109 26 Shanghai
626 1933 25 21 G.
664 1934 22 20 L.
699 1930 74 30 Öberg,
785 1934 36 20 må
831 1934 108 20 nedsättas

145 1962 33 20 till
195 1962 36 20 det
247 1963 78 26 belopp
341 1963 6 19 i
364 1963 92 20 svenska
472 1963 83 25 kronor,
572 1969 46 14 som
629 1970 72 14 svarar
711 1965 46 19 mot
769 1963 170 26 Shanghai-taöls

146 1992 109 25 2,813.80,
272 1992 68 20 under
356 1992 78 21 villkor
449 1992 55 21 dock
515 1994 31 19 att
557 1993 36 20 det
603 1993 91 20 sålunda
706 1993 98 21 nedsatta
814 1993 125 21 arvsskatte-

146 2022 99 26 beloppet
261 2022 75 20 varder
352 2022 34 21 till
402 2022 82 20 kronan
500 2022 91 21 inbetalt
606 2023 59 20 inom
681 2023 38 25 tid,
731 2030 46 14 som
789 2030 25 13 av
825 2023 61 21 KM:t
896 2023 42 20 kan

145 2052 88 20 komma
249 2054 31 18 att
296 2052 137 21 bestämmas.

970 251 23 145 IYSTLPSNIA

1028 298 18 105 T9S[9ALIYS
1028 239 17 47 I9[[9

1048 369 16 53 ”doxd
1048 298 22 63 sy:len
1049 240 20 45 Bun

1091 212 13 2 I

1086 275 95 18 Motioner

1090 384 87 16 FKIJAK

1243 246 95 17 Utskotts-

1232 275 112 18 utlåtanden

1208 305 47 18 eller
1267 306 99 17 memorial

1243 371 17 15 >>

1243 390 28 10 «|

1243 401 17 18 Pe

1201 365 18 58 Tues

1297 383 17 27 IN

1410 228 53 17 Riks-

1401 257 71 22 dagens

1415 288 46 17 skri-

1407 318 62 17 velser

1410 384 17 26 IN

1458 373 16 45 Bpis
1451 354 29 2 |

1530 258 117 17 Kamrarnas

1514 287 146 22 förhandlingar

1504 371 66 17 Första
1585 368 1 18 |
1605 371 64 17 Andra

1500 395 71 17 kamm.
1573 391 24 31 |
1601 395 70 18 kamm.

954 467 55 21 1927

1034 646 28 21 94

1027 1064 41 20 119

1028 1338 40 20 127

1027 1875 41 20 170

1085 1212 96 21 108/124

1298 1059 40 29 36
1324 1055 15 40 |

1298 1213 26 20 27

1298 1339 27 21 38

1298 1517 27 20 54

1298 1756 26 19 57

1298 1875 26 20 65

1413 647 26 20 97

1413 1064 27 20 98

1398 1338 41 21 107

1399 1517 41 20 122

1399 1876 38 19 141

1506 646 68 21 16:39
1576 642 18 34 |
1607 647 53 20 17:3

1507 1064 32 20 16:
1550 1069 24 16 389
1577 1060 18 34 |
1608 1064 52 21 17:3

1499 1214 32 20 17:
1543 1214 41 20 21d|
1600 1213 32 21 18:
1645 1213 40 21 11d

1507 1339 67 21 17:22
1588 1339 88 26 1-18:18

1586 1367 1 12 '
