1829 2353
757 149 222 17 SAKREGISTER

87 438 320 29 ARBETSINSTÄLLELSER,
421 442 167 25 allmänfarliga,
599 448 22 14 se
631 441 116 26 Arbetsfred
756 441 77 26 (1939),
845 441 81 19 Arbets-

115 472 111 21 inställelse
240 471 70 27 (1937:
323 474 16 21 2;
357 471 59 21 1938:
430 472 24 25 1).

88 537 274 21 ARBETSKOMPANIET
373 538 9 19 I
396 537 141 25 STORSIEN;
549 544 22 14 se
586 537 178 26 Interpellationer
776 537 69 25 (1940:
858 537 26 25 8).

88 602 295 21 ARBETSKONFLIKTER.

115 631 42 21 RD
174 632 72 20 avslår
261 632 45 20 dels
322 632 136 20 motionerna
478 632 39 20 FK
536 633 35 19 131
590 633 39 19 och
646 632 41 20 AK
706 632 38 20 193
760 638 35 13 om
812 632 115 25 utredning

129 664 41 18 rör.
186 662 249 26 lagstiftningsåtgärder
449 662 34 20 för
497 664 35 18 att
546 662 78 20 bereda
639 664 45 18 rätt
699 662 33 20 till
746 661 133 20 skadestånd
893 662 34 19 för

130 692 47 23 den,
192 698 47 14 som
253 692 45 20 helt
312 692 39 20 och
366 692 66 20 hållet
446 692 45 20 står
505 692 88 20 utanför
606 691 176 23 arbetskonflikt,
797 697 48 14 men
859 691 66 20 likväl

130 721 114 26 oförskyllt
263 721 94 26 tillfogas
376 721 69 21 skada
464 727 78 21 genom
562 721 99 23 blockad,
682 721 88 26 bojkott
789 721 50 19 eller
858 721 67 20 andra

129 751 174 26 stridsåtgärder,
325 757 47 14 som
393 752 69 20 riktas
483 752 48 19 mot
552 751 87 23 honom,
662 751 45 20 dels
729 751 39 20 ock
790 751 135 20 motionerna

130 781 38 20 FK
187 781 39 20 129
242 781 40 20 och
297 781 42 20 AK
357 781 39 20 186
411 781 49 20 med
476 781 136 23 hemställan,
628 783 35 18 att
679 780 62 20 KM:t
756 780 50 20 ville
821 780 105 27 ofördröj-

129 811 55 25 ligen
201 811 129 20 föranstalta
347 811 83 23 därom,
446 812 35 19 att
497 811 41 20 den
555 810 111 27 pågående
683 810 142 26 utredningen
842 816 36 14 om
893 811 33 19 åt-

128 840 77 26 gärder
216 840 32 20 till
260 840 71 26 skydd
344 841 33 19 för
387 840 70 27 tredje
469 846 62 14 mans
543 842 46 18 rätt
599 840 33 20 till
644 840 126 20 neutralitet
782 840 5 19 i
799 840 127 20 arbetskon-

128 870 74 20 flikter
216 870 102 26 utvidgas
333 870 33 20 till
380 872 36 18 att
430 876 51 14 avse
496 870 101 26 åtgärder
611 872 52 18 över
678 870 74 20 huvud
768 869 33 20 till
816 870 110 20 värnande

128 906 28 14 av
174 900 83 20 arbets-
275 900 39 20 och
333 900 180 26 näringsfriheten
531 900 61 20 såväl
609 906 47 14 som
674 899 83 21 enskild
775 899 151 26 självbestäm-

129 930 109 26 ningsrätt
247 930 6 19 i
263 930 72 26 övrigt
344 931 47 18 mot
400 931 119 25 övergrepp
530 930 46 20 från
587 930 26 19 de
623 930 5 19 i
640 929 139 26 näringslivet
789 929 136 21 verksamma

129 959 209 26 organisationernas
354 959 52 20 sida.

116 1024 79 27 Avslag
209 1025 12 20 å
235 1025 107 20 motioner
356 1031 34 13 om
405 1025 71 26 skydd
492 1025 32 19 för
538 1025 68 25 tredje
621 1031 61 13 mans
696 1026 44 18 rätt
754 1024 32 20 till
801 1025 125 20 neutralitet

129 1054 5 20 i
150 1054 198 20 arbetskonflikter.

115 1120 54 26 Ang.
187 1120 106 26 påbörjad
309 1120 116 26 utredning
440 1122 41 18 rör.
498 1121 56 19 vissa
572 1121 48 19 med
638 1120 74 26 frågan
729 1126 34 14 om
779 1120 70 26 tredje
865 1126 61 14 mans

129 1151 45 18 rätt
192 1150 32 20 till
244 1150 126 20 neutralitet
388 1150 7 20 i
413 1150 193 20 arbetskonflikter
624 1150 214 25 sammanhängande
857 1152 70 24 spörs-

130 1180 48 22 mål;
194 1186 22 13 se
236 1180 177 26 Interpellationer
428 1179 69 26 (1933:
510 1180 40 25 24).

117 1245 40 20 RD
182 1245 102 23 anhåller,
309 1247 35 18 att
368 1245 70 24 KM:t,
463 1246 49 19 med
537 1245 122 20 beaktande
680 1251 28 14 av
729 1245 43 20 vad
794 1245 67 20 andra
883 1245 43 26 lag-

129 1275 109 20 utskottet
261 1276 80 21 anfört,
365 1275 50 20 ville
438 1276 34 19 för
491 1275 43 20 RD
556 1275 118 26 framlägga
694 1275 79 26 förslag
792 1275 32 20 till
841 1275 34 26 lag
891 1281 35 14 om

130 1304 67 26 tredje
221 1311 61 14 mans
305 1307 46 18 rätt
373 1305 32 20 till
429 1305 127 20 neutralitet
579 1305 6 20 i
608 1305 192 20 arbetskonflikter
816 1306 57 19 samt
889 1305 37 20 vid

128 1334 139 20 ekonomiska
282 1335 117 19 konflikter
414 1335 26 25 på
452 1335 198 25 hyresmarknaden
665 1335 38 19 och
716 1334 58 20 inom
787 1334 139 26 näringslivet

130 1364 4 19 i
150 1364 78 26 övrigt.

91 1426 5 15 1
114 1423 42 20 RD
170 1424 72 20 avslår
256 1430 60 20 prop.
332 1424 48 20 med
394 1424 79 26 förslag
486 1424 33 20 till
532 1424 34 26 lag
580 1430 34 14 om
628 1424 56 20 vissa
698 1424 141 20 ekonomiska
852 1424 75 20 strids-

128 1453 107 26 åtgärder;
255 1454 40 19 och
313 1453 97 20 anhåller
429 1454 50 23 RD,
498 1456 35 18 att
552 1454 63 20 KM:t
633 1454 50 20 ville
701 1454 44 20 låta
764 1454 117 20 verkställa
900 1460 26 14 en

128 1483 119 25 skyndsam
265 1483 116 26 utredning
398 1489 49 20 ang.
465 1483 165 27 möjligheterna
647 1485 35 18 att
698 1483 103 27 tillskapa
818 1489 26 14 en
861 1485 66 18 rätts-

129 1512 97 27 ordning,
242 1518 47 14 som
305 1513 88 20 bereder
408 1513 98 20 arbetare
522 1513 37 20 vid
575 1513 198 26 byggnadsföretag
788 1513 52 20 ökat
856 1513 70 26 skydd

129 1542 32 19 för
177 1542 175 26 lönefordringar.

89 1693 9 16 Do

115 1690 41 20 RD
169 1691 72 20 avslår
254 1697 59 20 prop.
327 1697 49 20 ang.
389 1691 75 26 anslag
477 1691 30 20 till
521 1691 120 20 domstolen
655 1691 33 20 för
700 1691 139 20 ekonomiska
853 1692 74 19 strids-

128 1720 107 26 åtgärder.

90 1782 6 16 1
115 1780 187 27 Skrivelseförslag
319 1781 49 19 med
386 1781 102 20 anhållan
506 1782 34 19 att
559 1781 63 20 KM:t
639 1781 68 20 måtte
725 1781 44 20 låta
787 1781 91 20 slutföra
896 1787 31 14 er-

128 1810 114 26 forderliga
253 1810 142 26 utredningar
405 1812 41 18 rör.
459 1810 73 25 frågan
546 1816 34 14 om
591 1812 33 18 att
638 1811 99 25 tillskapa
749 1817 25 13 en
787 1810 140 27 beredskaps-

128 1839 136 26 lagstiftning
279 1840 100 20 förfaller.

87 1901 9 16 2
115 1898 44 26 Lag
174 1905 35 14 om
224 1899 70 26 skydd
312 1901 46 18 mot
372 1900 107 25 vräkning
495 1900 36 19 vid
547 1900 198 20 arbetskonflikter:
762 1906 21 13 se
800 1899 125 26 Hyreslagen

128 1928 70 25 (1936:
211 1929 25 24 2).

91 2020 4 15 1!
115 2017 41 19 RD
169 2018 72 19 avslår
254 2018 106 20 motioner
372 2024 48 20 ang.
435 2018 33 26 lag
482 2024 34 14 om
529 2018 56 20 vissa
599 2019 139 19 ekonomiska
752 2018 174 25 stridsåtgärder.

1210 222 107 29 Utskotts-
1390 226 54 17 Riks-

994 248 60 34 Kungl.
1115 275 3 3 ”
1197 248 130 34 utlåtanden,
1382 248 69 34 dagens
1511 245 17 34 FA
1528 241 56 42 SUBTR
1601 250 25 28 NS

1008 282 53 18 Maj:ts]
1073 274 92 17 Motioner
1191 286 97 17 memorlal
1300 286 44 17 eller
1396 286 27 16 ler
1502 275 139 20 förhandlingar

954 307 25 19 År
1008 315 50 15 Iprop:r
1202 316 132 17 betänkanden
1377 311 68 29 velser
1527 305 86 20 (prot.nr)

1008 337 44 27 eller
1195 363 4 4 -
1624 353 38 2 vn

1008 371 55 15 SKrrg
1076 382 86 16 FKIAK
1183 368 16 51 é
1225 377 16 42 z
1265 382 90 16 Nummer
1353 378 8 28 |
1372 382 90 17 Nummer
1509 370 45 42 TR
1585 371 70 40 rn

1119 437 1 22 |
1255 439 1 28 |
1570 436 1 17 |

1119 461 1 24 |
1570 454 1 26 |

1119 505 1 12 I
1255 506 2 14 I
1570 488 1 14 |

1119 539 1 77 |
1256 598 1 29 |

944 632 50 20 1931]
1021 644 27 2 —
1078 631 91 20 [129186]
1191 631 12 19 9|
1233 633 24 20 21
1305 633 23 18 31
1474 632 32 20 34:
1520 635 6 16 1
1539 632 11 19 d
1570 632 37 29 35:
1619 635 24 16 85
1654 621 17 44 dj

1078 661 91 30 13198
1570 664 1 28 |

1119 705 1 14 |
1570 695 1 29 |

1119 902 1 15 |
1215 897 1 26 |

1119 936 1 10 |
1215 925 1 10 I

1215 962 1 32 |
1256 987 1 10 I

944 1013 53 46 1932
1079 1024 36 19 187
1123 1023 45 31 264
1191 992 22 67 9)
1233 1000 25 47 2)
1308 1025 23 19 12
1476 1024 30 20 16:
1520 1027 20 16 11
1553 1016 54 28 d/20:
1619 1024 48 20 56
1647 1012 18 46 d

1120 1142 1 18 |
1256 1141 1 17 |
1570 1140 1 11 |

1120 1164 1 8 |
1256 1164 1 19 |
1570 1162 1 5 |

1120 1178 1 37 |
1256 1184 1 39 |
1570 1217 1 4 |

944 1244 52 21 1934]
1021 1256 27 2 —
1072 1244 98 20 1150-1290]
1191 1236 25 34 9]
1233 1236 24 34 2]
1305 1245 26 19 47
1344 1230 34 44 |
1398 1244 40 20 370
1474 1245 78 19 |42:7d
1570 1234 97 30 |46:26d

1078 1274 92 20 153337]
1215 1288 1 6 |
1256 1286 1 20 |

1119 1290 50 38 I339]
1215 1299 1 29 |
1256 1308 1 20 |

1119 1329 1 15 I
1215 1330 1 9 I
1256 1329 1 16 I

1119 1356 1 4 I
1256 1362 1 12 I

1119 1363 1 39 |
1256 1386 1 11 |

944 1422 53 21 1935|
1021 1423 23 19 31
1069 1423 45 19 |276-|
1132 1423 37 20 127]
1191 1423 25 26 9)
1233 1420 24 32 21
1306 1424 25 19 29
1399 1423 39 19 287
1474 1423 33 20 37:
1519 1424 33 19 id
1570 1419 1 27 |
1589 1423 78 20 7:14
1647 1412 11 42 d

1076 1452 94 21 2831482)
1214 1456 2 7 |
1570 1450 38 22 138:
1619 1455 10 17 2
1640 1453 13 20 d

1069 1482 45 20 30
1129 1482 87 27 4831]

1076 1512 40 20 2891
1129 1512 40 20 486)
1215 1533 1 4 |

1130 1540 127 22 4871-11
1339 1553 5 6 eo

1130 1571 39 21 ÅBO

1123 1601 48 20 494:
1215 1600 1 30 |
1256 1602 1 19 |

1119 1631 97 30 1500]--1

945 1690 52 21 19351
1022 1691 26 20 54
1056 1681 26 50 |
1099 1685 21 42 —[
1150 1691 66 23 —J6
1256 1691 1 6 /—]
1295 1692 37 18 162
1344 1681 32 50 |
1398 1691 40 19 355
1473 1691 69 19 41:15
1570 1690 72 30 43:27

1119 1715 138 42 EE
1570 1728 1 40 |

1119 1758 1 4 |
1217 1731 19 49 EC

946 1780 52 20 1936]
1028 1793 8 1 —
1078 1766 42 43 |154|
1130 1780 39 20 368]
1191 1780 25 20 9|
1233 1776 24 30 2)
1306 1781 25 19 56
1474 1780 32 20 45:
1519 1782 20 17 71
1553 1769 99 35 d/49:
1613 1762 20 51 7
1632 1762 20 51 d

1076 1810 45 27 269)
1130 1810 39 20 584]
1214 1837 1 3 |
1570 1805 1 15 |

1119 1848 1 32 |
1214 1845 43 35 FR
1570 1873 1 10 |

1214 1882 1 9 |
1570 1885 1 4 |

1119 1896 1 6 |
1214 1892 1 14 |
1570 1897 1 4 |

1214 1907 1 15 |
1570 1914 1 6 |

1214 1924 1 15 I
1570 1931 1 4 I

1256 1940 1 20 ET
1570 1946 1 5 |

1214 1964 43 32 Bel
1570 1974 1 20 |

945 2018 52 20 1937|
1026 2030 7 2 —
1047 1996 29 55 |
1090 2008 80 31 70/168]
1191 2000 25 38 9)
1233 2019 12 19 2)
1308 2018 23 19 18
1477 2018 75 20 17:2d
1570 2017 37 29 |17:
1622 2019 45 19 13
1649 2004 12 47 d

1078 2040 43 27 168]
1130 2048 40 19 348]
