1815 2349
1608 72 40 20 143

64 245 183 27 Bevillningarna.

64 282 104 26 beloppet
178 282 33 20 för
220 283 168 27 skattskyldiga,
399 290 45 14 som
455 290 63 14 avses
528 284 6 20 i
546 284 24 20 18
579 285 10 25 $
599 285 13 19 2
621 290 66 15 mom.
698 285 22 26 a)
730 285 40 20 och
780 285 20 26 c)
811 285 95 20 nämnda
916 286 43 19 för-

64 312 99 26 ordning,
177 314 58 18 samt
247 313 49 20 med
309 313 40 20 200
362 315 90 24 procent
464 320 28 14 av
504 314 175 27 grundbeloppet
691 314 33 21 för
734 315 168 26 skattskyldiga,
912 321 46 14 som

63 347 64 14 avses
139 342 6 19 i
158 348 83 14 samma
254 344 99 19 moment
365 343 23 26 b)
400 345 58 18 samt
471 345 34 19 att
518 344 140 20 bottenskatt
670 344 67 27 enligt
751 345 43 25 18
780 338 15 37 $
807 345 151 20 förstnämnda

64 371 127 27 förordning
203 372 54 20 skall
269 384 27 2 —
308 373 49 20 med
370 373 143 26 iakttagande
525 380 28 13 av
565 374 43 20 vad
621 374 6 20 i
639 374 45 25 20
670 367 10 38 $
696 374 68 21 andra
776 375 88 26 stycket
875 380 83 15 samma

64 400 128 27 förordning
200 402 89 26 stadgas
298 414 27 2 —
334 403 49 26 ingå
393 403 6 19 i
409 403 125 26 preliminär
542 404 61 19 skatt
612 403 34 21 för
654 410 74 14 senare
738 404 83 21 hälften
830 410 28 15 av
867 405 92 26 budget-

55 431 57 20 "året
127 431 90 26 1946/47
231 432 49 20 med
296 432 39 20 150
349 434 91 24 procent
453 439 28 14 av
495 433 175 27 grundbeloppet
683 434 33 20 för
729 434 168 27 skattskyldiga,
912 440 46 14 som

64 466 63 14 avses
139 461 6 19 i
159 461 43 25 18$
211 461 13 20 2
236 467 66 15 mom.
315 462 21 26 a)
349 462 39 20 och
401 463 19 25 c)
433 463 96 20 nämnda
541 463 132 26 förordning,
686 465 58 19 samt
755 464 50 20 med
816 464 41 20 200
868 466 91 24 procent

64 496 28 14 av
104 491 176 26 grundbeloppet
292 492 33 19 för
336 492 169 27 skattskyldiga,
518 498 47 15 som
577 499 62 14 avses
652 493 6 20 i
670 499 83 15 samma
765 495 99 19 moment
875 494 30 26 b);
919 494 39 20 och

65 520 108 20 beräknar
189 521 42 20 RD
248 521 172 27 bevillningarna
436 522 34 20 för
486 522 130 27 budgetåret
633 523 90 26 1946/47
739 523 98 21 sålunda:
854 523 61 21 skatt
931 524 27 26 på

64 550 104 23 inkomst,
193 551 151 25 förmögenhet
368 552 40 19 och
432 552 84 20 rörelse:
541 552 106 20 inkomst-
671 553 40 19 och
735 553 224 26 förmögenhetsskatt

64 578 41 20 400
114 579 41 20 000
164 579 41 20 000
219 580 40 23 kr.,
275 581 116 20 värnskatt
405 581 27 20 30
441 581 41 20 000
491 581 41 20 000
546 582 39 22 kr.,
601 582 91 20 särskild
707 582 61 20 skatt
781 583 13 19 å
808 583 151 26 förmögenhet

64 608 27 20 20
100 608 41 21 000
150 609 41 20 000
201 609 40 23 kr.,
253 610 205 26 utskiftningsskatt
469 611 40 20 och
520 611 194 26 ersättningsskatt
726 612 8 19 1
745 611 41 21 000
795 612 41 20 000
845 612 40 23 kr.,
897 612 62 26 preli-

64 638 71 20 minär
146 638 61 20 skatt
219 639 11 20 å
242 639 97 20 inkomst
351 640 39 20 och
403 640 151 26 förmögenhet
565 647 28 14 m.
603 647 29 14 m.
644 641 41 20 500
693 641 42 20 000
743 641 41 20 000
795 642 40 23 kr.,
847 641 112 27 krigskon-

63 667 156 26 junkturskatt
235 669 39 19 100
283 669 41 20 000
333 669 41 20 000
388 670 40 23 kr.,
444 670 225 27 bevillningsavgifter
682 671 34 20 för
730 671 105 20 särskilda
850 671 109 20 förmåner

64 697 40 20 och
119 698 131 26 rättigheter
263 698 41 20 200
313 698 41 21 000
368 699 40 23 kr.,
423 699 165 27 stämpelmedel
604 700 38 20 100
644 693 48 38 000
701 700 41 20 000
756 700 32 21 kr.
803 700 51 20 eller
867 701 91 26 tillhopa

66 727 57 20 1151
136 723 40 37 200
179 723 52 37 000
248 728 40 23 kr.,
311 729 275 21 automobilskattemedel:
609 730 151 20 fordonsskatt
776 730 26 20 60
804 723 47 37 000
852 723 48 37 000
918 730 39 24 kr.,

65 756 138 21 bensinskatt
223 757 39 20 120
271 758 41 19 000
321 758 41 20 000
380 758 41 23 kr.,
440 759 51 20 eller
508 759 91 26 tillhopa
620 759 39 20 180
667 759 42 21 000
717 759 41 20 000
776 760 39 23 kr.,
835 760 66 20 tullar
919 760 39 20 och

64 786 86 20 acciser:
165 787 113 20 tullmedel
294 788 39 20 170
342 787 41 21 000
392 788 41 20 000
447 788 40 24 kr.,
502 789 81 20 allmän
597 789 208 26 omsättningsskatt
819 790 41 20 370
862 782 49 37 000
918 789 41 21 000

64 816 40 23 kr.,
122 816 117 21 varuskatt
256 817 26 20 75
284 812 49 37 000
335 812 49 37 000
400 818 40 23 kr.,
458 818 129 21 trafikskatt
604 819 26 20 28
639 819 41 20 000
682 812 49 37 000
746 819 40 23 kr.,
803 820 56 19 accis
876 820 12 19 å
906 819 52 20 silke

64 845 12 20 5
78 841 47 37 000
127 841 47 37 000
190 846 40 23 kr.,
244 847 57 20 accis
315 847 11 20 å
341 848 109 25 margarin
465 848 39 20 och
518 848 57 20 vissa
590 849 68 19 andra
672 849 108 20 fettvaror
792 849 13 20 9
806 841 48 37 000
855 841 47 37 000
918 849 39 23 kr.,

64 875 61 20 skatt
138 876 12 20 å
165 876 59 20 kaffe
238 876 27 20 32
274 876 41 20 000
324 877 41 20 000
378 877 40 23 kr.,
433 878 142 20 tobaksskatt
588 878 41 20 320
631 871 49 37 000
687 878 41 21 000
741 879 40 23 kr.,
796 879 162 20 brännvinstill-

64 905 180 27 verkningsskatt
257 906 27 20 20
293 906 41 21 000
343 906 41 21 000
397 907 40 23 kr.,
452 908 333 26 rusdrycksförsäljningsmedel:
800 908 158 27 partihandels-

64 934 64 27 bolag
139 935 27 20 22
175 935 41 20 000
225 935 41 21 000
277 936 39 23 kr.,
328 936 226 28 detaljhandelsbolag
564 937 26 21 27
600 937 41 21 000
649 937 41 21 000
701 938 39 23 kr.,
753 938 154 27 omsättnings-
918 939 39 19 och

65 964 223 27 utskänkningsskatt
304 967 12 19 å
333 966 149 27 spritdrycker
497 967 41 20 320
547 967 41 20 000
597 967 41 20 000
650 968 40 23 kr.,
705 968 155 26 omsättnings-
872 969 40 19 och
924 970 34 18 ut-

64 994 197 27 skänkningsskatt
278 996 12 19 å
307 996 37 20 vin
361 996 27 20 25
397 996 40 20 000
439 990 49 37 000
504 997 40 23 kr.,
561 997 198 26 maltdrycksskatt
774 997 28 21 42
810 997 41 20 000
853 990 47 37 000
917 998 39 23 kr.,

64 1024 62 20 skatt
136 1024 12 20 å
160 1024 153 27 läskedrycker
325 1026 24 20 15
358 1025 42 21 000
408 1026 41 20 000
460 1026 39 23 kr.,
511 1026 75 27 statlig
596 1027 123 26 nöjesskatt
730 1027 25 20 17
764 1027 41 20 000
813 1027 41 20 000
864 1028 32 20 kr:
908 1027 50 20 eller

65 1053 91 27 tillhopa
171 1054 60 21 1497
240 1055 41 19 000
290 1055 41 20 000
343 1056 39 22 kr.,
396 1056 127 26 postverket
536 1056 131 26 (överskott)
679 1057 26 20 29
714 1057 41 20 000
763 1057 41 20 000
816 1057 32 20 kr.

94 1101 41 20 RD
152 1102 102 23 besluter,
270 1104 34 18 att
320 1103 140 20 bottenskatt
475 1104 67 25 enligt
559 1104 42 25 18$
617 1104 153 27 förordningen
786 1110 34 14 om
836 1105 75 25 statlig
926 1105 31 19 in-

64 1130 83 20 komst-
162 1131 40 20 och
218 1131 224 27 förmögenhetsskatt
457 1132 54 21 skall
526 1145 27 2 —
568 1134 49 19 med
632 1134 142 26 iakttagande
789 1140 28 14 av
833 1134 43 20 vad
891 1134 6 20 i
912 1134 45 25 20$

64 1160 68 20 andra
147 1161 88 26 stycket
248 1167 84 15 samma
347 1162 126 26 förordning
487 1163 88 26 stadgas
588 1175 28 3 —
629 1163 50 26 ingå
693 1163 6 20 i
713 1163 124 27 preliminär
851 1164 60 20 skatt
925 1164 33 20 för

64 1189 131 27 budgetåret
211 1191 89 26 1947/48
314 1192 50 19 med
379 1192 39 20 150
428 1194 90 24 procent
527 1198 28 14 av
564 1193 174 26 grundbeloppet
747 1193 33 20 för
789 1193 167 26 skattskyldiga,

64 1225 46 14 som
121 1225 62 14 avses
194 1220 6 20 i
213 1220 24 20 18
247 1221 9 25 $
267 1221 12 19 2
290 1227 65 14 mom.
367 1221 22 26 a)
400 1222 40 19 och
451 1221 20 26 c)
482 1222 95 20 nämnda
588 1222 132 27 förordning,
732 1224 58 19 samt
799 1223 50 20 med
859 1223 41 20 200
910 1229 48 20 pro-

64 1251 50 18 cent
125 1255 28 14 av
164 1250 176 27 grundbeloppet
351 1251 33 20 för
395 1251 168 27 skattskyldiga,
576 1258 45 14 som
633 1258 62 14 avses
707 1253 5 19 i
724 1258 83 15 samma
818 1254 98 19 moment
927 1253 30 25 b);

64 1278 56 20 dock
135 1281 41 21 att,
192 1280 73 20 därest
280 1280 42 20 RD
338 1281 37 20 vid
390 1281 159 26 behandlingen
564 1288 28 14 av
607 1288 60 20 prop.
682 1282 69 20 skulle
765 1282 57 20 fatta
837 1282 71 20 beslut
923 1288 34 14 om

64 1308 97 20 ändrade
174 1309 95 26 grunder
282 1310 33 20 för
328 1310 41 20 den
384 1310 84 21 direkta
482 1311 233 27 statsbeskattningen,
729 1318 74 14 senare
818 1312 68 20 under
899 1312 59 20 inne-

65 1339 96 19 varande
172 1339 34 20 års
217 1339 42 20 RD
270 1339 54 21 skall
335 1340 133 21 bestämmas
478 1341 49 20 med
538 1341 68 20 vilket
616 1341 122 26 procenttal
748 1341 75 27 statlig
833 1342 60 20 skatt
903 1341 54 21 skall

65 1368 49 26 ingå
127 1368 5 20 i
145 1368 125 26 preliminär
281 1369 61 21 skatt
353 1370 34 20 för
397 1376 75 14 senare
484 1370 83 21 hälften
579 1377 28 14 av
619 1371 129 26 budgetåret
761 1371 96 27 1947/48;
870 1372 40 19 och
921 1371 36 20 be-

65 1397 68 21 sluter
143 1398 49 23 RD,
203 1400 34 18 att
247 1399 202 27 skogsvårdsavgift
459 1400 54 20 skall
523 1400 33 20 för
565 1401 24 19 år
600 1400 52 21 1947
663 1401 51 26 utgå
724 1401 50 20 med
784 1407 25 14 en
820 1401 39 20 och
870 1407 26 14 en
906 1401 51 20 halv

65 1427 98 26 promille
179 1430 58 18 samt
253 1429 109 20 beräknar
378 1429 171 27 bevillningarna
566 1430 33 20 för
615 1431 129 25 budgetåret
762 1431 89 26 1947/48
869 1432 26 25 på
912 1432 45 19 sätt

65 1459 99 18 närmare
174 1458 89 26 angives
273 1459 6 19 i
290 1459 120 20 utskottets
421 1459 136 21 hemställan.

94 1504 41 20 RD
152 1505 101 23 besluter,
269 1507 34 19 att
318 1506 75 27 statlig
408 1507 159 20 inkomstskatt
581 1508 33 19 för
629 1508 167 26 skattskyldiga,
812 1514 47 14 som
873 1514 62 14 avses
951 1509 6 19 i

66 1533 43 26 10$
122 1535 7 19 1
143 1540 65 15 mom.
220 1535 154 27 förordningen
385 1542 35 14 om
431 1536 75 27 statlig
516 1537 165 24 inkomstskatt,
692 1537 54 21 skall
757 1538 49 26 ingå
817 1538 6 19 i
834 1537 124 27 preliminär

64 1563 61 20 skatt
134 1564 34 20 för
176 1564 48 21 hela
234 1565 130 26 budgetåret
375 1566 90 26 1948/49
474 1566 50 20 med
535 1566 39 20 100
583 1568 89 25 procent
681 1573 28 14 av
717 1567 174 26 grundbeloppet
900 1569 57 18 samt

64 1594 35 19 att
110 1593 202 28 skogsvårdsavgift
323 1595 68 26 enligt
401 1596 154 26 förordningen
567 1602 35 14 om
613 1596 202 27 skogsvårdsavgift
825 1597 55 20 skall
890 1597 34 20 för
934 1598 24 19 år

66 1622 53 20 1948
131 1624 52 25 utgå
194 1624 49 20 med
255 1630 26 14 en
293 1625 40 19 och
344 1631 27 14 en
383 1625 51 20 halv
445 1625 105 26 promille;
562 1626 40 20 och
614 1626 107 20 beräknar
732 1626 42 20 RD
787 1626 170 27 bevillningarna

64 1652 34 20 för
110 1653 130 26 budgetåret
254 1654 90 26 1948/49
358 1655 26 26 på
397 1656 46 19 sätt
456 1657 99 18 närmare
567 1656 89 26 angives
668 1656 6 20 i
687 1656 121 20 utskottets
820 1652 130 39 hemställan

93 1694 42 20 RD
146 1694 101 24 besluter,
257 1697 34 18 att
300 1696 75 26 statlig
384 1696 159 21 inkomstskatt
552 1697 33 20 för
594 1697 167 27 skattskyldiga,
772 1703 46 14 som
827 1703 62 15 avses
898 1698 7 20 i
915 1698 25 20 10
949 1699 9 24 $

66 1724 9 19 1
86 1729 66 15 mom.
163 1724 153 27 förordningen
325 1732 35 13 om
370 1726 75 26 statlig
453 1726 166 24 inkomstskatt,
629 1727 54 20 skall
692 1727 49 26 ingå
750 1728 6 19 i
765 1727 125 26 preliminär
898 1728 60 20 skatt

65 1753 34 20 för
109 1753 48 21 hela
171 1754 130 27 budgetåret
314 1755 90 27 1949/50
415 1756 50 20 med
479 1756 39 20 100
530 1758 90 25 procent
631 1763 28 14 av
670 1757 174 26 grundbeloppet
855 1759 58 18 samt
924 1759 34 19 att

65 1783 203 28 skogsvårdsavgift
285 1785 67 26 enligt
369 1785 154 27 förordningen
542 1792 35 14 om
594 1786 203 27 skogsvårdsavgift
813 1786 54 21 skall
885 1787 33 20 för
934 1787 25 21 år

66 1812 54 21 1949
131 1814 52 26 utgå
195 1814 49 20 med
256 1820 26 14 en
294 1815 40 20 och
345 1821 26 14 en
383 1815 51 21 halv
446 1815 104 27 promille;
563 1816 39 20 och
614 1816 107 21 beräknar
732 1816 42 20 RD
786 1816 172 27 bevillningarna

65 1842 34 21 för
114 1843 130 26 budgetåret
261 1844 90 27 1949/50
366 1845 27 26 på
408 1847 46 18 sätt
469 1847 98 19 närmare
582 1846 89 26 angives
686 1846 6 20 i
707 1846 250 26 bevillningsutskottets

65 1872 138 21 hemställan.

95 1914 41 20 RD
147 1915 100 23 besluter,
258 1917 34 18 att
301 1916 75 26 statlig
385 1916 158 21 inkomstskatt
552 1917 33 20 för
593 1917 168 27 skattskyldiga,
771 1923 46 14 som
827 1923 61 15 avses
898 1918 6 20 i
915 1918 43 25 10
941 1910 15 38 $

67 1944 8 19 1
86 1950 65 14 mom.
164 1944 153 27 förordningen
330 1952 35 13 om
376 1946 75 26 statlig
459 1946 165 24 inkomstskatt,
632 1947 55 20 skall
694 1947 50 26 ingå
752 1947 6 20 i
766 1947 124 26 preliminär
897 1948 61 20 skatt

66 1973 33 20 för
110 1973 47 21 hela
170 1974 131 26 budgetåret
314 1975 87 26 1950/51
416 1976 49 20 med
479 1976 39 20 100
529 1978 90 24 procent
630 1982 28 15 av
669 1977 175 26 grundbeloppet
855 1979 57 18 samt
924 1979 34 18 att

66 2003 202 27 skogsvårdsavgift
276 2005 67 26 enligt
352 2005 153 26 förordningen
515 2011 35 14 om
559 2006 201 27 skogsvårdsavgift
768 2006 55 21 skall
832 2007 33 20 för
872 2007 24 20 år
906 2007 52 20 1950

66 2033 52 25 utgå
131 2034 50 19 med
194 2039 26 14 en
235 2034 38 20 och
288 2040 25 14 en
328 2034 51 20 halv
392 2035 105 25 promille;
511 2036 40 19 och
564 2035 108 21 beräknar
685 2036 42 20 RD
741 2036 172 26 bevillningarna
926 2036 33 20 för

66 2062 130 26 budgetåret
210 2063 86 26 1950/51
312 2065 27 25 på
351 2066 45 18 sätt
408 2066 99 18 närmare
520 2065 88 26 angives
620 2066 6 19 i
638 2065 250 27 bevillningsutskottets
900 2066 59 20 hem-

66 2091 86 21 ställan.

1102 157 101 30 Motioner
1250 157 89 30 Utskott
1502 161 94 17 Protokoll

978 181 25 20 År
1000 177 18 33 |
1025 184 54 21 Prop.
1384 173 50 40 sng

1107 215 32 15 FK
1139 211 26 29 |
1169 215 35 16 AK
1226 215 85 16 [SmllAvd]
1335 215 26 16 Nr
1480 216 32 15 FK
1578 216 36 16 AK

977 1104 28 20 471
1033 1105 41 20 312]
1119 1117 26 2 —|
1183 1117 27 2 —I
1245 1106 60 20 71—1
1342 1105 27 20 451
1393 1105 120 21 440130:6
1559 1106 69 20 131:22

977 1508 27 20 481
1032 1508 40 20 286
1081 1504 27 36 |
1118 1520 26 2 —!I
1183 1520 27 3 —I1
1244 1509 61 20 71—1
1342 1509 92 20 5913781
1458 1509 69 21 27:86
1533 1504 19 36 |
1559 1509 33 20 27:
1603 1512 24 17 92

979 1698 27 20 491
1037 1698 35 20 181
1084 1694 18 35 |
1106 1698 40 20 298
1170 1699 40 19 13791
1245 1699 61 20 71—1
1343 1699 26 19 471
1394 1699 40 20 3781
1459 1699 32 20 22:
1503 1699 39 20 47d]
1559 1699 33 20 22:
1604 1699 38 20 97d

978 1918 27 20 50
1033 1918 40 20 237
1105 1918 40 20 1315
1149 1914 18 35 |
1169 1918 41 20 3801
1245 1918 60 20 71—1
1343 1918 91 21 591354]
1458 1919 33 20 22:
1504 1919 37 20 14d]
1559 1919 32 20 22:
1603 1919 25 20 5d
