1871 2365
860 162 223 17 SAKREGISTER

183 453 122 20 Folkskolor
319 459 27 14 m.
362 459 27 14 m.

184 485 11 17 4
209 483 42 20 Till
263 483 119 20 folkskolor
393 489 29 14 m.
432 489 36 14 m.:
482 483 77 26 bidrag
570 483 34 20 till
616 483 57 21 vissa
686 483 119 21 kostnader
817 484 33 20 för
862 484 160 21 skolundervis-

224 512 52 27 ning
286 513 23 20 åt
320 513 51 20 lots-
382 513 40 20 och
433 513 173 26 fyrpersonalens
616 513 54 20 barn
681 513 87 21 anvisas
779 515 33 19 ett
822 514 75 27 anslag
907 520 28 14 av
945 514 27 20 33
980 514 41 20 000

222 542 33 20 kr.
271 542 33 26 (f).

184 592 10 17 5
209 590 41 20 Till
261 590 119 20 folkskolor
391 597 29 13 m.
432 596 37 14 m.:
482 591 118 20 understöd
612 591 24 20 åt
646 591 58 20 vissa
716 591 125 24 lärarinnor,
854 597 46 15 som
912 592 27 26 på
951 592 69 26 grund

223 626 28 14 av
271 620 224 20 folkskoleväsendets
516 621 183 26 omorganisation
719 621 90 20 förlorat
829 621 33 20 sin
882 622 138 26 anställning,

223 650 87 20 anvisas
322 651 33 19 ett
366 650 75 27 anslag
453 656 28 14 av
494 650 25 20 16
528 650 40 20 300
579 651 32 19 kr.
625 650 32 27 (f).

184 705 10 18 6
209 703 41 20 Till
264 704 119 20 folkskolor
397 710 28 14 m.
435 710 37 14 m.:
488 704 76 26 bidrag
577 704 33 20 till
625 704 147 26 Skytteanska
787 705 76 20 skolan
878 705 6 20 i
898 705 71 20 Tärna
984 711 37 14 an-

223 733 57 20 visas
291 735 34 18 ett
335 734 75 26 anslag
420 740 28 14 av
460 733 25 20 14
494 734 40 20 500
544 734 32 20 kr.
588 734 32 26 (f).

184 783 10 17 7
210 781 42 20 RD
267 781 127 26 godkänner
409 781 160 27 avlöningsstat
584 782 33 20 för
631 782 260 20 folkskoleseminarierna
906 783 40 20 och
961 783 60 20 med-

223 811 60 26 giver
295 811 50 23 RD,
358 812 35 19 att
405 811 33 20 till
450 811 83 20 läraren
546 811 6 20 i
565 812 196 26 trädgårdsskötsel
773 812 37 20 vid
823 812 198 21 folkskolesemina-

223 841 41 19 riet
274 841 6 20 i
291 841 105 20 Karlstad
407 841 25 20 A.
445 841 128 20 Gustafsson
583 841 43 24 må,
637 842 80 19 räknat
727 841 25 21 fr.
764 848 19 14 o.
794 848 29 14 m.
835 842 41 20 den
888 842 8 20 1
909 842 40 26 juli
961 842 59 24 1937,

224 870 125 24 tillsvidare,
367 871 22 20 så
406 871 62 26 länge
484 871 43 20 han
539 871 91 20 innehar
641 871 32 20 sin
686 872 127 20 nuvarande
825 872 130 26 befattning,
969 873 52 26 utgå

224 901 118 26 personligt
358 901 125 26 lönetillägg
498 901 50 20 med
565 901 40 20 300
622 901 31 20 kr.
671 901 33 20 för
720 902 30 23 år;
768 902 40 20 och
825 902 88 20 anvisar
929 902 42 20 RD
988 902 33 20 till

223 930 237 20 folkskoleseminarier:
482 931 127 26 avlöningar
625 932 32 19 ett
674 931 75 27 anslag
765 937 28 14 av
810 931 62 21 2337
880 931 41 21 000
937 932 33 20 kr.
987 932 33 25 (f),

222 960 34 20 till
272 960 238 21 folkskoleseminarier:
527 961 155 20 omkostnader
698 963 33 18 ett
747 961 76 27 anslag
838 968 29 13 av
883 961 40 21 238
932 961 41 21 000
988 962 32 20 kr.

223 990 33 25 (f),
270 987 40 23 till
330 990 237 20 folkskoleseminarier:
588 991 104 23 materiel,
714 991 79 20 böcker
811 997 68 14 m.m.
900 993 33 18 ett
947 992 75 26 anslag

223 1025 28 14 av
262 1020 27 19 50
298 1020 41 19 000
350 1020 32 20 kr.
395 1020 34 26 (r),
441 1020 33 20 till
485 1020 238 21 folkskoleseminarier:
735 1021 118 26 stipendier
864 1022 33 19 ett
908 1021 75 26 anslag
994 1027 28 14 av

223 1049 26 20 56
258 1049 41 20 000
311 1050 39 23 kr.;
363 1050 40 19 och
415 1050 127 25 godkänner
552 1050 43 20 RD
607 1050 160 26 avlöningsstat
778 1051 34 19 för
823 1051 200 20 småskolesemina-

223 1079 77 23 rierna;
318 1079 39 20 och
375 1079 88 20 anvisar
480 1079 42 20 RD
539 1079 33 20 till
589 1080 239 20 småskoleseminarier:
846 1080 127 26 avlöningar
989 1082 34 18 ett

222 1108 75 27 anslag
314 1114 28 14 av
360 1108 40 20 534
409 1108 41 20 400
466 1109 33 20 kr.
517 1109 33 25 (f),
568 1109 33 20 till
618 1109 238 21 småskoleseminarier:
868 1110 155 20 omkostnader

223 1139 33 19 ett
266 1138 75 26 anslag
351 1144 29 14 av
390 1138 26 20 66
425 1138 41 20 000
476 1139 32 20 kr.
519 1139 33 25 (f),
564 1139 32 20 till
607 1139 238 20 småskoleseminarier:
857 1140 104 23 materiel,
973 1140 50 20 böc-

222 1168 39 20 ker
269 1174 29 14 m.
308 1174 28 14 m.
347 1169 33 19 ett
389 1168 75 26 anslag
473 1174 28 14 av
512 1168 25 20 10
545 1168 41 20 000
595 1169 32 19 kr.
638 1168 27 26 (r)
674 1170 58 19 samt
741 1169 33 20 till
783 1169 238 21 småskoleseminarier:

223 1197 119 26 stipendier
354 1199 33 19 ett
400 1198 75 26 anslag
488 1204 29 14 av
529 1198 27 20 33
564 1198 41 20 000
618 1198 39 24 kr.;
672 1199 40 19 och
725 1199 88 20 anvisar
825 1199 43 20 RD
882 1199 33 20 till
928 1199 95 20 folksko-

223 1227 32 20 lor
266 1233 29 14 m.
305 1233 36 14 m.:
355 1227 77 27 bidrag
444 1228 33 19 till
490 1228 102 26 avlöning
605 1228 24 20 åt
640 1228 69 20 lärare
721 1228 38 20 vid
772 1228 118 21 folkskolor
903 1230 32 19 ett
948 1229 75 26 anslag

223 1263 28 14 av
265 1257 39 20 129
313 1257 40 20 000
362 1257 41 20 000
415 1257 32 20 kr.
461 1257 26 26 (f)
500 1259 57 18 samt
569 1258 117 26 medgiver,
699 1259 35 19 att
746 1264 26 14 ur
784 1259 95 19 nämnda
892 1259 75 26 anslag
978 1259 43 24 må,

223 1293 35 13 om
270 1287 39 20 och
321 1287 6 20 i
339 1287 41 20 den
391 1287 51 20 mån
454 1287 71 20 behov
536 1287 68 20 därav
614 1289 80 25 prövas
704 1288 110 26 föreligga,
826 1288 52 26 utgå
889 1288 134 27 statsbidrag

223 1316 33 20 till
270 1317 80 19 svensk
365 1317 155 26 undervisning
534 1317 34 20 för
582 1317 93 21 svenska
689 1318 54 20 barn
758 1318 7 20 i
779 1318 108 23 utlandet,
903 1319 55 19 dock
972 1319 50 19 med

223 1347 146 26 sammanlagt
379 1347 65 26 högst
453 1347 26 20 26
489 1347 40 20 500
538 1347 40 23 kr.;
589 1347 40 20 och
638 1347 88 20 anvisar
732 1347 42 20 RD
782 1348 34 19 till
823 1348 118 20 folkskolor
948 1354 28 14 m.
984 1354 37 14 m.:

223 1376 77 26 bidrag
312 1376 33 20 till
359 1377 103 26 avlöning
474 1377 24 19 åt
511 1377 68 20 lärare
592 1377 7 19 i
612 1377 56 26 slöjd
681 1377 37 20 vid
732 1377 125 24 folkskolor,
870 1378 85 20 mindre
968 1378 55 20 folk-

224 1406 72 20 skolor
310 1406 50 20 eller
374 1406 105 20 särskilda
494 1406 129 26 slöjdskolor
637 1408 33 19 ett
684 1407 75 26 anslag
772 1413 28 14 av
815 1407 12 20 3
836 1407 41 21 850
886 1407 40 20 000
940 1408 32 20 kr.
988 1408 33 25 (f),

223 1436 33 19 till
269 1435 119 21 folkskolor
400 1442 29 14 m.
443 1442 36 14 m.:
493 1436 76 26 bidrag
581 1436 34 20 till
627 1437 103 26 avlöning
743 1437 24 19 åt
779 1437 69 20 lärare
861 1437 33 20 för
906 1437 37 20 vid
957 1439 66 19 stats-

224 1465 148 20 understödda
389 1466 223 25 sjukvårdsanstalter
628 1466 39 20 och
683 1466 37 20 vid
737 1466 58 21 vissa
811 1467 104 20 barnhem
932 1467 89 26 intagna

223 1495 54 20 barn
286 1495 7 20 i
302 1495 121 20 skolåldern
433 1497 33 18 ett
475 1496 74 26 anslag
558 1502 28 14 av
595 1496 40 20 265
644 1496 40 20 000
693 1496 32 20 kr.
735 1496 33 26 (f),
777 1496 34 20 till
819 1497 119 20 folkskolor
946 1503 28 14 m.
984 1503 37 14 m.:

224 1524 76 27 bidrag
312 1525 33 20 till
357 1525 103 26 avlöning
473 1525 23 20 åt
508 1525 201 21 föreståndarinnor
721 1526 40 20 och
774 1526 130 20 biträdande
917 1527 105 20 förestån-

223 1554 103 20 darinnor
339 1555 37 19 vid
389 1555 97 20 skolhem
499 1555 40 20 och
552 1555 149 27 arbetsstugor
713 1557 33 18 ett
759 1556 75 26 anslag
846 1562 28 14 av
887 1556 40 20 330
936 1556 40 20 000
989 1557 32 20 kr.

223 1584 33 25 (f),
271 1584 33 20 till
318 1584 119 20 folkskolor
449 1591 29 13 m.
492 1591 37 14 m.:
544 1585 76 26 bidrag
633 1585 33 20 till
680 1585 164 27 inackordering
858 1592 28 14 av
900 1586 101 20 skolbarn
1015 1586 7 20 i

223 1614 105 23 skolhem,
341 1614 150 26 arbetsstugor
503 1615 50 20 eller
564 1615 98 20 enskilda
675 1615 49 20 hem
737 1616 33 19 ett
782 1616 75 26 anslag
869 1622 28 14 av
914 1616 58 20 1175
981 1616 41 20 000

223 1643 32 20 kr.
266 1643 33 26 (f),
309 1644 33 19 till
351 1644 119 20 folkskolor
478 1650 29 14 m.
516 1650 37 14 m.:
564 1644 76 27 bidrag
648 1645 33 19 till
690 1645 142 20 anordnande
841 1651 28 14 av
878 1645 145 27 skolskjutsar

224 1673 33 20 för
267 1673 139 27 skolpliktiga
418 1674 53 20 barn
482 1675 33 19 ett
525 1674 75 26 anslag
611 1680 28 14 av
651 1674 9 20 1
671 1674 41 20 300
720 1674 41 20 000
771 1675 33 20 kr.
816 1675 33 26 (f),
860 1675 33 20 till
904 1675 119 20 folkskolor

223 1709 29 13 m.
262 1709 36 14 m.:
317 1704 190 26 byggnadsbidrag
523 1704 34 20 för
573 1710 43 20 nya
634 1704 248 27 undervisningslokaler
898 1706 33 19 ett
947 1705 75 27 anslag

224 1738 28 14 av
264 1732 40 20 950
313 1732 40 21 000
365 1733 32 20 kr.
410 1733 33 26 (f),
456 1733 33 20 till
500 1733 119 21 folkskolor
629 1740 29 13 m.
668 1740 36 14 m.:
718 1734 191 27 byggnadsbidrag
920 1735 33 20 för
964 1735 58 20 vissa

224 1762 59 20 äldre
302 1763 247 26 undervisningslokaler
566 1765 33 18 ett
616 1763 75 27 anslag
709 1770 28 14 av
757 1764 59 20 1690
824 1764 41 20 000
882 1765 33 19 kr.
934 1765 33 25 (f),
989 1765 33 20 till

224 1792 118 20 folkskolor
354 1799 29 13 m.
393 1799 36 13 m.:
443 1793 141 26 hyresbidrag
596 1793 34 20 för
642 1794 248 26 undervisningslokaler
902 1796 33 18 ett
947 1795 75 26 anslag

224 1828 28 13 av
265 1822 39 20 180
313 1822 40 20 000
365 1822 32 20 kr.
410 1822 33 26 (f),
456 1822 32 20 till
500 1823 119 20 folkskolor
629 1829 29 14 m.
668 1829 36 14 m.:
718 1824 133 20 underhålls-
863 1824 40 20 och
915 1824 107 20 materiel-

224 1851 77 27 bidrag
311 1853 33 19 ett
356 1852 74 26 anslag
441 1858 28 14 av
480 1852 41 20 900
529 1852 41 20 000
581 1853 31 20 kr.
625 1853 33 26 (f),
670 1853 33 20 till
714 1853 119 20 folkskolor
843 1860 29 14 m.
882 1860 36 14 m.:
931 1854 91 26 tjänste-

225 1882 167 26 bostadsbidrag
407 1883 33 19 ett
455 1882 75 26 anslag
545 1888 28 14 av
588 1882 12 20 3
610 1882 40 20 200
658 1882 41 24 000
714 1883 32 20 kr.
763 1883 33 26 (f),
812 1883 33 20 till
861 1884 160 20 nomadskolor:

224 1911 128 26 avlöningar
368 1913 32 18 ett
416 1912 75 26 anslag
506 1918 28 14 av
552 1912 38 20 125
599 1912 41 20 300
655 1912 32 20 kr.
700 1913 32 25 (f),
744 1913 34 20 till
789 1913 232 27 fortsättningsskolor:

224 1941 76 26 bidrag
314 1941 32 20 till
360 1941 103 27 avlöning
476 1942 24 19 åt
512 1942 69 20 lärare
594 1943 33 19 ett
640 1942 75 26 anslag
728 1948 29 14 av
769 1943 13 19 4
791 1943 41 20 050
840 1943 41 20 000
894 1943 32 20 kr.
941 1944 33 25 (f),
988 1944 34 19 till

224 1970 232 27 fortsättningsskolor:
479 1971 76 27 bidrag
575 1972 33 20 till
629 1972 161 27 centralisering
811 1979 27 14 av
859 1973 163 27 fortsättnings-

224 2000 154 20 skolväsendet
390 2002 33 18 ett
435 2001 75 26 anslag
521 2007 29 14 av
562 2001 40 20 530
611 2001 41 20 000
663 2002 32 20 kr.
709 2002 25 26 (f)
747 2003 58 19 samt
816 2002 33 20 till
862 2003 161 26 dyrtidstillägg

224 2030 24 20 åt
256 2030 69 20 lärare
334 2030 37 20 vid
380 2030 58 20 vissa
447 2031 205 20 statsunderstödda
662 2032 175 26 undervisnings-
845 2038 29 14 m.
885 2032 22 20 fl.
917 2033 106 20 anstalter

224 2061 33 18 ett
269 2060 75 26 anslag
356 2066 28 14 av
398 2060 59 20 1120
465 2060 42 21 000
518 2060 32 21 kr.
564 2061 33 26 (f).

1306 237 108 30 Utskotts-
1485 241 55 16 Riks-

1091 262 66 34 Kungl.
1305 262 118 34 utlåtanden,
1478 262 69 34 dagens
1604 255 120 42 "Kamrarnas

1105 296 53 18 Maj:ts]
1170 288 92 17 Motioner
1288 301 95 16 Wökardal
1396 301 44 16 sär
1506 301 20 16 rd
1596 289 141 22 förhandlingar

1049 320 27 20 År
1104 329 51 15 [propir
1298 331 133 16 betänkanden
1481 325 60 32 velser
1622 320 88 20 Söroknp)

1112 352 36 27 eller
1291 378 4 4 7

1104 386 54 14 skriv]
1171 396 34 16 pk
1222 396 36 17 JAK
1279 391 16 44 å
1321 391 16 43 3
1338 382 21 56 |
1360 397 92 17 Nummer
1450 382 14 56 |
1468 397 91 17 Nummer
1580 386 71 40 "rea
1682 386 70 40 ann,

1039 485 53 20 19401
1110 485 40 20 1:81]
1178 497 27 3 —I|
1232 498 27 2 —I1
1286 486 63 19 61)—]
1383 486 13 20 8
1410 486 45 20 s.64]
1490 486 13 20 8
1504 486 58 20 s.351
1585 487 31 20 17:
1628 489 24 18 49
1655 481 18 34 |
1685 481 32 34 19:
1721 481 32 34 13

1100 515 56 20 pt148

1039 593 52 20 19401
1110 593 39 20 1:81
1178 605 27 2 —
1207 589 18 34 I
1231 605 28 2 —1
1286 593 62 20 61—]
1383 594 12 20 8
1410 596 45 18 s.65l
1489 593 14 21 8
1506 593 55 21 s.35)
1584 594 32 20 17:
1627 596 25 18 49
1655 589 18 34 |
1684 594 68 20 19:13

1099 623 58 21 ipt150]

1039 706 52 20 1940]
1110 706 39 20 1:8]
1177 719 28 2 —]|
1231 719 28 2 —I
1286 707 61 20 61—|
1382 707 13 21 8
1402 707 53 21 s.65l
1490 708 12 19 8
1505 708 57 19 s.35)
1584 708 32 20 17:
1621 702 31 35 49
1654 702 18 35 |
1685 708 67 20 19:13

1099 737 57 20 pt154

1039 784 52 20 19401
1110 785 38 20 155]
1184 785 80 20 961103]
1286 785 12 19 6
1299 780 23 35 |
1320 785 75 20 —I117
1462 785 40 20 216
1583 792 33 20 25:
1627 794 11 17 4
1649 780 27 36 dl
1683 791 33 20 27:
1728 793 10 17 2
1749 791 12 20 d

1184 815 80 20 971108

1172 844 38 21 1071
1226 845 38 19 113

1172 874 38 21 1831
1226 874 38 21 170

1172 904 39 21 1841
1224 904 41 21 240
