1823 2354
149 147 42 21 840

846 150 223 17 SAKREGISTER

171 831 10 16 Do

171 920 10 17 w

172 1039 8 17 -

171 1128 10 17 Do

171 1336 11 17 ”-

172 1574 10 17 e

172 1693 10 17 -

168 440 286 27 Kommunalförfattningar.

212 470 84 20 bifaller
309 476 61 20 prop.
385 477 25 13 nr
423 471 41 20 208
477 471 50 20 med
540 471 81 26 förslag
634 471 33 20 till
680 472 35 26 lag
728 477 49 21 ang.
791 472 84 21 ändrad
889 472 81 27 lydelse
984 479 27 14 av

210 500 27 20 35
252 501 9 24 $
276 500 62 27 lagen
354 500 42 20 den
411 501 26 19 26
453 506 50 14 nov.
521 501 53 20 1920
589 501 35 26 (nr
638 501 49 26 796)
703 508 35 13 om
753 502 37 20 val
804 502 33 20 till
852 502 50 24 RD,
916 503 44 20 dels
971 503 40 20 ock

210 530 34 20 för
259 530 33 20 sin
309 530 34 20 del
359 532 91 24 antager
465 530 22 26 a)
499 531 35 26 lag
550 536 49 21 ang.
616 531 84 21 ändrad
713 531 82 27 lydelse
805 538 29 14 av
845 532 27 20 44
882 533 10 25 $
903 533 13 20 3
927 539 66 14 mom.
1005 533 6 20 i

210 560 62 26 lagen
286 560 42 20 den
341 560 13 20 6
366 560 49 26 juni
430 560 53 20 1930
496 560 35 26 (nr
544 561 49 26 251)
607 567 35 14 om
655 561 220 27 kommunalstyrelse
888 563 28 26 på
929 563 82 24 landet,

210 589 23 26 b)
248 589 35 27 lag
297 595 49 21 ang.
361 590 85 20 ändrad
461 590 81 26 lydelse
556 597 28 14 av
599 591 26 20 53
640 592 10 24 $
664 591 7 20 i
686 591 61 26 lagen
763 592 41 20 den
820 592 12 20 6
846 592 48 26 juni
910 592 53 21 1930
978 593 35 25 (nr

210 619 50 26 252)
278 625 35 14 om
331 620 221 26 kommunalstyrelse
570 620 6 20 i
594 621 57 23 stad,
670 621 20 26 c)
709 621 35 26 lag
761 627 49 21 ang.
828 622 85 20 ändrad
931 622 81 27 lydelse

210 655 28 14 av
253 649 25 20 10
290 650 17 25 $,
323 650 25 20 12
360 650 10 25 $
385 650 8 20 I
408 656 67 14 mom.
489 650 40 20 och
544 650 24 20 15
581 651 10 24 $
604 651 12 20 3
629 657 66 14 mom.
709 651 7 20 i
729 651 61 27 lagen
804 652 42 20 den
860 652 25 20 14
897 652 48 26 juni
949 652 63 28 1918

210 679 35 26 (nr
253 679 50 26 422)
312 685 36 14 om
356 680 157 26 fattigvården,
523 680 23 26 d)
556 680 34 27 lag
598 686 49 21 ang.
657 681 84 20 ändrad
750 681 81 26 lydelse
840 688 28 14 av
876 682 13 20 2
898 683 9 25 $
918 682 8 20 1
937 688 74 18 mom.,

210 709 12 20 6
235 710 9 24 $
260 709 7 20 I
282 715 66 14 mom.
362 710 41 20 och
415 710 13 20 9
441 710 9 25 $
463 710 12 20 3
488 716 66 14 mom.
568 710 6 20 i
586 710 62 27 lagen
662 711 41 20 den
716 711 12 20 6
740 711 48 26 juni
802 711 53 21 1924
867 712 35 25 (nr
914 712 50 26 361)
976 718 35 15 om

210 739 127 20 samhällets
352 739 124 21 barnavård
492 741 57 19 samt
564 740 20 25 e)
600 740 35 27 lag
649 746 49 21 ang.
714 741 84 20 ändrad
813 741 82 26 lydelse
910 748 28 14 av
953 742 13 20 5
981 743 9 24 $
1006 742 6 20 i

210 768 62 27 lagen
284 769 42 20 den
337 769 13 20 6
360 769 48 26 juni
421 769 53 21 1930
486 769 35 26 (nr
531 770 50 25 262)
592 776 36 14 om
639 770 139 27 skolstyrelse
789 771 7 20 i
807 771 57 20 vissa
875 772 136 20 kommuner.

196 828 43 20 RD
253 829 92 26 antager
357 829 34 20 för
404 829 33 20 sin
451 829 35 20 del
499 829 80 27 förslag
592 829 33 20 till
638 830 35 26 lag
687 836 49 20 ang.
750 831 209 26 kyrkofullmäktige
972 832 40 20 och

209 858 155 26 kyrkonämnd
378 859 7 19 i
400 859 117 26 Göteborg.

196 918 82 26 Avslag
290 918 12 20 å
314 918 84 20 motion
411 924 35 14 om
458 918 80 21 förbud
550 919 33 20 för
595 919 111 27 landsting
717 921 35 19 att
763 921 51 25 taga
827 920 124 27 befattning
963 921 49 20 med

210 948 73 26 frågor
296 954 35 14 om
346 948 67 20 rikets
427 948 91 21 försvar.

196 1037 85 20 Motion
292 1043 49 20 ang.
353 1037 114 21 införande
478 1038 7 20 i
495 1038 217 27 kommunallagarna
723 1045 29 14 av
763 1039 163 21 bestämmelser
937 1040 75 20 därom

210 1068 35 18 att
258 1066 34 21 för
304 1067 58 20 vissa
376 1067 137 27 fullmäktige
527 1068 140 26 suppleanter
680 1068 60 21 skola
753 1070 60 19 utses
826 1069 78 20 avslås.

197 1126 43 20 RD
252 1126 98 20 anhåller
361 1133 36 13 om
410 1127 116 26 utredning
538 1127 27 26 på
577 1127 43 20 vad
633 1129 45 19 sätt
690 1128 192 21 bestämmelserna
894 1135 35 14 om
941 1129 72 20 lands-

211 1156 40 20 och
275 1156 232 20 stadskommunernas
529 1157 41 20 fria
594 1157 177 27 upplåningsrätt
794 1158 52 20 böra
870 1158 87 27 bringas
980 1159 32 20 till

211 1186 217 20 överensstämmelse
441 1187 49 19 med
504 1187 116 20 varandra.

196 1244 82 27 Avslag
292 1245 12 20 å
319 1245 85 20 motion
419 1251 35 14 om
469 1245 44 21 viss
527 1246 92 26 ändring
634 1246 6 20 i
654 1246 63 27 lagen
731 1253 36 14 om
782 1247 138 26 skolstyrelse
935 1247 6 20 i
955 1248 58 20 vissa

210 1275 131 19 kommuner
356 1275 81 26 (prästs
452 1276 116 19 valbarhet
582 1276 33 19 till
631 1276 131 20 ordförande
777 1277 6 19 i
799 1277 213 27 folkskolestyrelse).

196 1334 85 20 Motion
303 1340 35 14 om
359 1334 124 21 beredande
503 1341 28 14 av
552 1335 114 27 möjlighet
686 1337 35 18 att
742 1336 80 26 bevilja
843 1336 122 27 ersättning
985 1343 28 14 av

210 1364 143 20 kommunala
369 1364 71 20 medel
455 1364 33 20 till
504 1365 211 20 kommunalombud
731 1366 37 20 vid
784 1366 230 27 mantalsskrivnings-

211 1393 133 27 förrättning
359 1394 78 20 avslås.

197 1453 84 20 Motion
298 1459 35 14 om
350 1454 84 20 ändrad
450 1454 82 26 lydelse
547 1460 28 14 av
592 1454 26 20 27
634 1455 9 25 $
660 1455 13 20 2
688 1461 66 14 mom.
771 1455 7 20 i
793 1455 63 27 lagen
872 1461 35 15 om
923 1456 91 20 försam-

211 1483 148 26 lingsstyrelse
379 1483 125 26 (valbarhet
525 1484 33 20 till
578 1484 126 27 fullmäktig
724 1485 7 19 i
752 1485 86 26 kyrklig
858 1485 155 27 samfällighet)

211 1513 79 20 avslås.

198 1572 42 20 RD
255 1574 92 25 antager
360 1573 34 20 för
408 1573 33 20 sin
456 1573 34 20 del
504 1573 80 27 förslag
598 1573 33 21 till
645 1574 35 27 lag
694 1580 35 14 om
743 1575 85 20 ändrad
842 1575 82 26 lydelse
937 1581 29 14 av
980 1575 33 24 26,

211 1602 27 20 27
255 1602 41 20 och
312 1602 27 20 30
356 1603 20 25 $$
393 1603 7 19 i
416 1603 142 20 kommunala
574 1603 100 27 vallagen
691 1604 41 20 den
750 1604 12 20 6
778 1604 48 26 juni
844 1604 53 21 1930
914 1605 35 25 (nr
965 1605 49 25 253)

211 1632 124 26 (införande
351 1638 28 14 av
395 1633 119 26 stämpling
528 1639 28 14 av
572 1633 161 27 valkuverten).

197 1691 85 20 Motion
298 1698 35 13 om
349 1692 93 26 ändring
457 1692 7 20 i
478 1692 102 26 gällande
594 1686 136 27 föreskrifter
744 1699 36 14 om
796 1694 105 20 utseende
915 1700 29 14 av
959 1700 57 14 sam-

211 1721 50 20 fällt
274 1721 112 26 kyrkoråd
401 1722 7 19 i
422 1722 87 26 kyrklig
523 1722 147 27 samfällighet
684 1723 50 20 med
748 1723 171 26 representativt
933 1725 82 25 system

211 1751 79 20 avslås.

198 1810 43 20 RD
257 1812 93 25 antager
364 1810 35 21 för
413 1811 32 20 sin
462 1811 34 20 del
512 1811 35 27 lag
562 1817 50 21 ang.
628 1812 93 26 ändring
737 1812 7 20 i
759 1812 58 21 vissa
834 1813 60 20 delar
909 1819 28 14 av
953 1813 62 27 lagen

212 1840 41 20 den
269 1840 13 20 6
297 1840 49 26 juni
363 1840 53 20 1930
432 1840 35 26 (nr
482 1840 49 27 252)
548 1847 34 14 om
598 1841 220 27 kommunalstyrelse
834 1842 6 20 i
856 1842 57 24 stad,
929 1843 35 26 lag
979 1849 36 14 om

211 1869 115 21 införande
343 1876 28 14 av
388 1870 63 26 lagen
468 1876 49 21 ang.
535 1871 92 26 ändring
644 1871 6 20 i
667 1871 58 21 vissa
743 1872 59 20 delar
818 1878 29 14 av
864 1872 62 26 lagen
944 1872 41 21 den
1002 1873 12 20 6

210 1899 49 26 juni
275 1899 54 21 1930
344 1906 36 14 om
395 1900 220 27 kommunalstyrelse
629 1901 7 20 i
651 1901 56 24 stad,
723 1901 36 27 lag
773 1908 35 14 om
823 1902 192 27 kommunalborg-

211 1930 103 23 mästare,
340 1930 35 26 lag
399 1936 36 14 om
460 1930 163 26 överflyttande
647 1931 12 20 å
683 1931 280 27 kommunalborgmästare
986 1938 29 14 av

211 1959 117 26 magistrat
340 1959 51 20 eller
403 1960 154 26 stadsstyrelse
569 1960 114 27 åliggande
696 1961 81 26 bestyr,
791 1961 35 27 lag
838 1968 36 14 om
887 1962 128 26 behörighet

212 1989 34 20 för
269 1989 279 27 kommunalborgmästare
572 1992 34 18 att
631 1991 88 20 utfärda
742 1991 201 27 fattigdomsintyg,
968 1998 46 14 som

212 2019 139 20 omförmäles
369 2019 6 20 i
393 2019 27 20 30
437 2020 51 26 kap.
507 2020 27 20 22
551 2021 10 24 $
579 2021 213 26 rättegångsbalken,
811 2021 35 27 lag
863 2027 49 21 ang.
930 2022 84 20 ändrad

212 2048 82 27 lydelse
305 2055 28 14 av
346 2049 26 20 90
384 2049 40 21 och
437 2049 24 21 91
475 2050 21 26 $$
507 2049 7 21 i
526 2049 62 27 lagen
601 2050 41 20 den
654 2050 27 21 26
693 2056 50 15 nov.
758 2051 53 20 1920
823 2051 35 26 (nr
869 2051 50 27 796)
931 2057 35 15 om
978 2052 37 20 val

1290 224 111 31 Utskotts-
1473 228 55 17 Riks-

1079 250 66 33 Kungl.
1292 251 119 33 utlåtanden,
1466 251 69 33 dagens
1601 243 111 41 HKamrarnas

1092 284 54 18 Maj:ts]
1157 276 92 17 Motioner
1276 288 152 16 femörlel:eller
1477 289 38 15 sr
1585 277 140 20 förhandlingar

1037 307 26 20 År
1092 317 51 14 Iprop:r
1286 318 132 16 betänkanden
1469 313 60 32 velser
1611 306 87 21 (Brocne)

1100 344 36 14 eller

1091 373 55 15 SE
1160 384 33 16 FK
1210 384 36 16 IAK
1267 372 16 51 Å
1308 378 16 43 z
1349 385 90 16 Nummer|
1456 385 90 16 Nummer
1568 369 56 48 Sale
1670 373 24 40 &

1026 473 54 20 1931

1030 831 50 20 19311
1102 832 39 19 130
1140 827 18 34 |
1162 832 40 19 2231
1216 832 37 20 3811
1285 832 12 20 5
1394 832 24 20 14
1485 832 40 21 212
1561 832 33 20 134:
1605 834 23 18 94
1661 833 33 19 136:
1706 834 23 17 99

1031 921 50 20 1931]
1105 934 28 2 —
1139 917 27 34 |
1170 933 26 2 —
1244 922 54 20 915
1406 922 13 20 2
1495 934 28 2 —
1563 922 67 20 -H1:35
1664 922 76 19 H1:2d

1030 1040 54 20 1932]
1106 1053 27 2 —
1136 1036 31 34 |
1169 1053 27 2 —
1286 1041 12 20 ON
1407 1041 10 19 4
1496 1053 27 2 —
1522 1037 72 33 -H1:
1599 1037 30 33 24
1640 1041 90 20 dl13:
1700 1037 34 33 16
1741 1041 12 19 d

1031 1129 53 20 1932]
1106 1142 28 2 —
1135 1125 31 34 |
1169 1141 28 2 —]
1218 1130 38 20 148]
1286 1130 12 20 5
1406 1130 13 20 5
1499 1130 27 20 42
1563 1130 52 20 H2:1
1665 1129 50 20 14:1

1031 1248 53 20 1932]
1106 1261 28 2 —
1143 1244 23 34 |
1169 1260 28 2 —I
1230 1249 27 20 651
1286 1249 12 20 5
1407 1249 12 20 7
1496 1261 28 2 —
1563 1249 32 20 113:
1606 1251 24 17 66
1641 1248 54 21 d15:
1706 1251 11 17 3

1032 1337 52 20 1932]
1106 1350 28 3 —
1143 1333 23 35 |
1170 1350 27 2 —|
1231 1338 26 20 45l
1286 1338 13 20 5
1407 1339 12 19 6
1496 1350 27 2 —
1563 1338 67 20 13:66
1665 1337 76 20 |15:2d

1032 1456 53 20 1932]
1106 1469 29 3 —
1141 1452 23 35 |
1170 1469 27 2 —
1219 1457 39 21 1150]
1287 1458 13 19 5
1408 1458 12 19 9
1497 1469 28 2 —
1564 1457 66 20 19:71
1663 1458 33 19 122:
1708 1459 24 17 40

1033 1575 52 21 1932]
1108 1589 27 1 —
1138 1571 27 35 |
1171 1588 27 2 —
1218 1577 39 20 1324]
1287 1577 13 20 5
1396 1577 25 20 10
1489 1576 36 20 101
1563 1576 69 21 [26:22
1664 1576 68 20 131:62
1743 1576 13 20 d

1033 1694 53 21 1932]
1108 1707 28 2 —
1144 1690 23 35 |
1172 1707 27 2 —|
1234 1696 25 20 121
1288 1696 12 19 5
1396 1696 26 19 14
1497 1707 29 3 —
1564 1695 33 21 126:
1608 1697 24 18 28
1664 1695 33 20 131:
1709 1697 23 17 73

1033 1814 54 20 19321
1103 1814 40 20 207
1165 1814 40 20 13591
1219 1814 40 20 526]
1288 1814 12 20 5
1395 1815 27 19 32
1488 1814 40 20 267
1563 1814 93 20 140:103
1665 1814 32 20 d|52:
1710 1816 7 17 1
1730 1814 13 19 d

1165 1844 37 20 3611
1219 1844 40 20 537
