1849 2358
904 166 135 15 SAKREGISTER

1171 283 93 17 Motioner
1270 286 1 17 |

1330 253 92 17 Utskotts-

1316 283 111 18 utlåtanden

1292 313 47 18 eller
1352 313 98 18 memorial

1498 295 46 17 skri-

1599 295 145 22 förhandlingar

1614 261 117 31 Kamrarnas
1770 244 1 52 |

1770 315 2 7 I

1490 325 63 18 velser

1031 223 2 52 |

1032 277 1 39 |

1055 258 22 146 18S3LpsAIY

1419 369 1 18 |
1587 379 68 18 Första

1669 367 2 33 |
1688 379 66 18 Andra
1771 381 1 21 |

1584 404 70 17 kamm.
1669 401 2 26 |

1669 428 2 10 JL

1670 446 1 28 |

1670 488 1 18 |

1686 404 69 17 kamm.
1771 404 1 26 |

1380 391 17 17 AA

1381 409 11 9 4

1113 305 17 105 198[9ALLIS
1112 246 17 47 19[[9

1132 376 17 54 -doad
1132 304 22 65 st:len
1132 229 21 70 Bun

1440 379 17 45 BpIs

1493 391 17 27 IN

1540 379 18 46 vPpIS

182 442 127 23 Elektriska
324 442 170 28 anläggningar.

184 480 10 15 2
212 474 106 20 Motioner
334 480 47 20 ang.
398 473 198 27 lagbestämmelser
611 475 40 20 rör,
668 474 98 26 giltighet
777 481 25 14 av
814 474 57 21 avtal
882 481 36 14 om
929 474 96 22 leverans

227 511 26 13 av
269 504 102 20 elektrisk
393 505 66 19 ström
482 503 33 21 till
537 503 109 26 fastighet,
670 510 46 14 som
737 504 69 20 under
821 504 128 21 avtalstiden
966 505 60 26 byter

226 536 69 24 ägare,
311 533 75 21 avslås.

1334 476 74 21 11-140
1589 476 53 21 26:68]
1690 476 68 22 18:08
1771 495 1 14 |

1494 235 53 18 Riks-

1484 265 73 22 dagens

1085 476 8 5 a
1470 445 2 30 |

1034 480 1 42 |
1041 475 54 21 1925
1470 477 2 24 I

1470 503 2 15 I

1034 523 1 27 |
1470 538 2 16 |

162 603 1 3 |
184 605 9 16 3
213 600 81 20 Motion
310 606 36 14 om
362 600 43 20 viss
421 600 135 26 lagstiftning
572 601 39 19 rör.
629 600 56 20 avtal
701 606 35 14 om
754 600 119 27 upplåtelse
884 607 26 13 av
921 600 61 21 mark
993 582 42 50 för)
1064 610 7 9 >

227 630 116 20 elektriska
365 629 112 27 ledningar
499 629 52 21 eller
572 629 66 21 andra
660 630 34 20 för
716 630 137 21 distribution
876 637 26 14 av
924 631 111 20 elektrisk
1023 625 10 35 /

228 660 70 26 energi
315 660 113 26 behövliga
443 659 153 27 anläggningar
611 659 75 21 avslås.
1034 660 1 7 |

1382 602 23 21 11
1589 603 53 20 16:5
1670 590 1 46 |
1691 602 67 21 18:97

163 731 1 4 |
185 731 9 15 4
213 726 37 20 RD
266 725 115 27 medgiver,
398 728 32 18 att
446 725 68 21 under
531 725 56 21 1925
604 725 36 21 lån
656 732 25 14 ur
691 725 287 27 kraftledningslånefonden
990 728 35 19 må
1023 721 18 35 |
1053 721 14 35 »>
1127 728 9 20 1

228 755 90 27 beviljas
334 755 34 21 till
384 757 31 19 ett
427 755 78 27 belopp
518 762 25 14 av
554 756 62 26 högst
630 755 8 20 1
650 755 42 21 500
702 755 42 21 000
756 756 39 23 kr.;
807 756 39 20 och
858 757 85 20 anvisas
954 757 62 20 såsom
1018 764 16 28 |

228 785 163 27 kapitalökning
407 786 33 20 för
455 792 84 14 samma
554 785 52 21 fond
622 785 33 21 för
671 785 124 26 budgetåret
813 785 125 29 1925/1926
955 788 30 19 ett
996 793 38 18 re-'

227 816 194 25 servationsanslag
437 822 26 14 av
481 816 63 20 1500
554 815 42 21 000
613 815 31 21 kr.
1033 818 1 14 I
1164 814 1 9 I
1271 811 2 32 |

185 894 9 15 5
212 888 38 21 RD
267 888 93 20 besluter
375 887 66 21 sådan
460 887 91 26 ändring
566 894 26 14 av
607 887 121 27 grunderna
743 888 33 20 för
791 887 140 22 utlämnande
947 895 26 14 av
989 888 31 21 lån
1033 873 1 34 |
1063 897 8 10 >

226 919 48 19 från
293 917 293 27 kraftledningslånefonden,
607 919 31 19 att
658 917 226 27 återbetalningstiden
900 918 33 20 för
948 918 77 22 sådant

227 948 37 21 lån
282 949 36 19 må
333 948 54 20 efter
402 948 105 26 prövning
522 948 7 20 i
545 948 58 26 varje
619 947 87 21 särskilt
720 947 39 21 fall
775 948 73 20 kunna
856 948 119 21 utsträckas
981 944 53 46 till/
1164 963 1 13 |

227 979 62 25 högst
305 978 71 20 trettio
392 978 29 20 år.
1033 990 1 4 I
1164 979 1 5 I
1218 985 1 7 |

1588 890 33 21 27:

185 1055 9 16 6
212 1050 37 20 RD
261 1050 115 25 medgiver,
391 1051 37 23 att,
441 1049 27 21 då
479 1050 33 19 till
528 1049 126 20 landsfiskal
665 1049 95 26 anslaget
772 1049 89 21 boställe
872 1050 51 19 eller
934 1050 90 26 lönings-
1033 1044 1 36 |
1063 1060 7 9 »

226 1079 49 27 jord
290 1079 98 26 indrages
404 1079 34 20 till
453 1079 89 25 kronan,
559 1079 127 21 statsverket
702 1079 55 20 skall
773 1079 53 21 efter
841 1086 39 20 syn
896 1079 47 20 från
958 1080 76 20 indel-|

227 1109 157 26 ningshavaren
400 1109 51 20 eller
467 1109 54 20 hans
537 1109 106 24 stärbhus,
660 1108 38 21 där
709 1109 23 20 så
743 1116 26 13 av
783 1109 48 20 dem
843 1109 116 26 påfordras,
971 1110 63 26 jäm-
1021 1104 15 36 |
1217 1107 1 21 I

228 1139 34 21 väl
278 1141 99 24 övertaga
392 1139 13 20 å
420 1139 129 26 fastigheten
566 1138 97 26 befintlig
679 1138 129 27 anläggning
820 1139 33 20 för
864 1139 109 21 boställets
984 1139 39 21 för-

228 1169 77 21 seende
327 1168 50 21 med
400 1168 102 21 elektrisk
525 1168 113 27 belysning
653 1168 51 21 eller
720 1168 106 21 drivkraft
841 1169 7 20 i
864 1169 94 26 enlighet
974 1169 49 21 med

227 1199 26 21 de
269 1201 98 18 närmare
383 1198 161 21 bestämmelser
560 1199 6 20 i
583 1198 74 26 övrigt,
674 1205 46 14 som
732 1198 56 27 gälla
802 1198 130 21 beträffande
944 1201 89 19 statens
1019 1194 18 35 |

228 1228 164 21 utarrenderade
407 1228 225 27 jordbruksdomäner.
1032 1222 1 38 |

1382 1053 26 19 44
1481 1052 41 20 237
1588 1053 33 20 217:

1670 1016 1 13 I

1633 1057 23 16 Se

1670 1112 1 28 |

1670 1144 1 14 I

186 1300 8 15 7
213 1295 37 20 RD
273 1295 69 20 avslår
364 1295 82 20 motion
469 1301 34 14 om
525 1294 90 26 ändring
634 1294 7 20 i
657 1294 272 26 återbetalningsvillkoren
945 1294 33 20 för
994 1294 39 26 ett|
1062 1304 7 10 »
1588 1295 33 21 32:

228 1325 84 20 Harads
323 1324 116 21 elektriska
455 1324 221 27 belysningsförening
691 1330 20 14 u.
730 1331 19 20 p.
767 1330 17 14 a.
801 1324 47 20 från
861 1324 172 30 kraftlednings-/

228 1354 129 21 lånefonden
373 1354 90 27 beviljat
476 1354 41 20 lån.
1032 1355 1 19 |

164 1418 1 5 |
188 1426 6 16 1
215 1421 36 20 RD
268 1420 113 26 medgiver,
399 1422 31 18 att
445 1419 68 21 under
530 1419 56 21 1926
603 1420 36 20 lån
656 1426 24 14 ur
691 1419 285 26 kraftledningslånefonden
988 1421 35 19 må
1032 1420 62 34 1926
1126 1422 9 20 1

229 1450 90 27 beviljas
335 1450 33 20 till
385 1452 30 19 ett
426 1450 78 26 belopp
518 1456 26 14 av
555 1450 62 26 högst
628 1450 12 19 2
651 1449 42 21 300
703 1449 42 21 000
757 1449 38 24 kr.;
807 1449 40 21 och
859 1450 83 20 anvisas
953 1450 69 20 såsom
1032 1455 1 25 |

228 1480 164 27 kapitalökning
407 1480 34 20 för
456 1486 84 14 samma
555 1479 53 21 fond
623 1479 33 20 för
672 1479 125 26 budgetåret
814 1479 127 26 1926/1927
953 1482 31 18 ett
994 1487 28 14 re-

227 1510 192 26 servationsanslag
441 1517 26 13 av
490 1509 116 21 1500000
629 1509 30 20 kr.
683 1511 31 19 att
730 1510 51 25 utgå
797 1516 25 14 av
838 1509 128 24 lånemedel;
983 1493 36 49 och
1032 1497 1 41 |

227 1540 108 26 medgiver
354 1540 44 24 RD,
418 1542 31 18 att
469 1539 61 21 KM:t
545 1540 36 20 må
597 1539 129 27 bemyndiga
742 1539 225 26 kommerskollegium
983 1540 39 20 och

227 1570 217 27 lantbruksstyrelsen
463 1571 133 24 gemensamt
617 1571 31 19 att
663 1570 27 26 på
706 1569 119 26 ansökning
840 1570 7 19 i
864 1570 58 26 varje
938 1570 85 20 särskilt

227 1600 38 20 fall
285 1600 89 24 besluta,
397 1601 32 19 att
448 1599 99 27 gällande
563 1599 161 20 bestämmelser
740 1599 6 20 i
761 1599 59 26 fråga
836 1606 35 13 om
888 1600 145 20 annuitetens

228 1629 136 21 beräknande
380 1629 36 21 vid
427 1629 156 26 återbetalning
594 1635 25 15 av
631 1629 35 20 lån
678 1629 47 20 från
736 1629 286 26 kraftledningslånefonden

228 1660 36 19 må
279 1659 109 27 tillämpas
403 1659 82 27 jämväl
501 1660 11 19 å
528 1659 45 20 före
589 1658 41 21 den
646 1658 10 20 1
668 1659 42 26 juli
722 1658 56 21 1923
791 1659 89 26 beviljat
891 1658 76 21 sådant
977 1659 45 24 lån;

228 1690 39 20 och
284 1689 96 21 anhåller
396 1689 37 20 RD
449 1696 35 14 om
501 1688 115 27 utredning
631 1690 39 19 rör.
688 1688 192 30 åstadkommande
896 1695 75 20 genom
983 1691 39 19 sta-

228 1721 46 19 tens
290 1719 131 21 medverkan
437 1726 26 14 av
479 1725 26 14 en
521 1719 151 26 elektrifiering
688 1725 25 14 av
729 1715 76 24 Öland.

1588 1421 32 20 18:

1032 1626 1 38 |

1032 1694 1 10 |

1032 1705 1 25 |

1032 1734 1 36 |
1669 1760 1 11 |

1669 1778 46 29 119:
1726 1778 46 29 63d)

186 1785 9 15 2
214 1779 40 20 AK
270 1779 70 21 avslår
356 1779 81 21 motion
454 1785 46 20 ang.
517 1778 137 26 nedsättning
665 1785 26 14 av
702 1780 75 19 räntan
789 1779 11 19 å
812 1778 35 21 lån
858 1778 48 21 från
917 1785 26 14 av
954 1780 68 19 staten
1032 1776 1 38 |
1061 1788 8 10 »

1018 1809 3 4 i
1771 1809 1 10 I

1771 1823 1 23 |

228 1809 118 21 förvaltade
362 1809 75 21 fonder
453 1809 32 21 till
502 1809 82 25 företag
599 1809 33 20 för
642 1808 151 26 distribuering
804 1815 26 14 av
841 1808 101 21 elektrisk
953 1815 80 21 energi
1020 1804 14 36 |

228 1840 13 19 å
256 1839 154 27 landsbygden.
1032 1838 1 19 |
1163 1832 1 27 |

865 1904 3 4 4
1032 1893 1 12 I

164 1928 2 2 |
187 1910 9 16 3
215 1905 40 20 AK
271 1905 69 20 avslår
355 1905 82 20 motion
453 1911 46 20 ang.
511 1907 89 18 taxorna
610 1905 33 19 för
654 1904 95 21 leverans
760 1911 26 14 av
795 1904 101 21 elektrisk
907 1904 57 21 kraft
975 1904 47 21 från
1032 1913 1 19 |
1061 1913 8 10 >

229 1937 80 18 statens
325 1935 180 21 tertiärstationer.
1032 1934 1 23 |

626 1972 3 3 ;
1032 1968 1 9 |

165 2009 1 14 |
186 2012 9 15 4
213 2007 41 20 För
272 2007 121 26 främjande
412 2007 68 20 under
500 2007 146 20 kalenderåret
663 2006 56 21 1926
736 2013 26 14 av
778 2013 26 14 en
820 2006 131 27 planmässig
967 2013 56 20 orga-|
1057 2002 8 35 >»

229 2037 92 20 nisation
337 2037 40 20 och
393 2037 123 26 utveckling
527 2044 26 13 av
564 2036 159 27 landsbygdens
734 2036 151 26 elektrifiering
896 2037 84 20 anvisas
991 2037 32 20 för

1475 2032 1 26 |
1527 2037 1 10 I
1670 2040 1 8 I
1771 2040 2 13 I

229 2066 125 27 budgetåret
371 2066 125 28 1926/1927
514 2068 30 19 ett
560 2069 59 18 extra
636 2066 73 26 anslag
725 2073 25 14 av
768 2066 26 21 75
804 2066 42 20 000
860 2066 31 20 kr.
1475 2067 2 4 |
1670 2063 1 3 |

1353 1890 2 21 |
1771 1894 1 25 |

1353 1919 1 14 I
1771 1922 1 14 |

1419 1953 1 7 |
1475 1958 1 17 |
1670 1947 1 12 |
1771 1939 2 37 |

1278 1996 35 35 10]
1380 2007 26 20 49
1419 2007 1 4 |
1442 1993 86 38 11/215)
1549 2011 8 15 7]
1589 2006 82 31 32:27
1657 2002 15 39 |
1690 1988 33 51 31:
1734 2011 23 15 65
1771 1992 2 43 |
