1845 2357
81 254 137 27 Flygvapnet.

81 302 28 2 —
121 290 96 20 förutom
232 290 48 20 med
294 290 85 26 belopp,
393 296 47 14 som
453 290 107 20 erfordras
572 290 34 20 för
618 290 139 20 bestridande
769 296 29 14 av
810 290 164 20 merkostnader

82 320 27 26 på
118 320 71 26 grund
198 326 28 14 av
235 320 139 26 prisstegring
382 320 6 19 i
397 320 135 20 förhållande
540 320 33 19 till
582 320 110 26 prisnivån
701 320 41 20 den
753 320 8 19 1
771 320 39 25 juli
821 320 80 19 1941—
915 320 58 20 inom

82 355 75 15 ramen
172 356 28 14 av
215 351 33 18 ett
262 350 33 20 för
309 350 135 26 budgetåren
460 349 90 27 1943/47
564 349 34 20 för
612 350 198 26 byggnadsföretag
824 356 28 13 m.
863 356 28 13 m.
907 350 68 20 under

82 379 220 27 flygförvaltningens
314 379 88 20 delfond
414 379 108 20 beräknat
533 379 79 26 belopp
624 385 28 14 av
663 379 27 20 98
699 379 40 21 800
748 379 41 20 000
800 379 40 24 kr.,
852 379 7 20 i
871 380 41 19 den
923 380 51 19 mån

82 410 23 19 så
117 409 109 20 erfordras
235 409 33 20 för
277 409 169 26 tillgodoseende
459 415 29 14 av
501 409 177 21 medelsbehovet
691 409 33 20 för
738 409 25 20 de
777 409 198 26 byggnadsföretag

82 445 29 14 m.
121 445 37 18 m.,
172 445 46 14 som
232 439 67 26 enligt
312 439 61 20 RD:s
386 439 72 20 beslut
470 439 7 20 i
489 439 43 20 anl.
546 445 28 14 av
586 439 44 20 vad
646 439 7 20 i
668 439 240 26 statsrådsprotokollet
924 441 51 18 över

82 469 191 20 försvarsärenden
284 469 34 19 för
328 469 41 19 den
379 469 13 19 4
402 469 45 26 jan.
460 468 52 20 1943
524 469 68 19 under
602 469 96 20 nämnda
709 469 87 20 delfond
807 469 50 19 eller
867 469 6 19 i
883 469 91 20 särskild

83 505 60 20 prop.
157 499 86 20 anföres
256 498 61 20 skola
330 499 88 19 komma
432 498 32 20 till
478 498 115 20 utförande
606 499 49 19 med
668 498 112 20 anlitande
792 504 29 14 av
834 499 90 19 berörda
937 505 38 13 an-

82 528 52 26 slag.

110 558 34 20 29.
160 558 41 19 Till
212 558 133 25 nybyggnad
356 558 33 19 för
398 558 140 25 flygvapnets
549 558 152 25 myndigheter
710 558 87 19 anvisas
808 558 40 19 750
856 558 41 20 000
907 558 31 19 kr.
950 558 24 25 (i)

110 617 33 20 30.
160 616 41 21 Till
210 617 135 26 anläggande
355 622 28 14 av
392 618 42 24 väg
443 622 28 14 m.
481 623 29 13 m.
520 617 61 19 invid
591 616 226 26 bombfällningsbana
826 617 34 19 för
868 617 106 26 Västgöta

82 646 122 26 flygflottilj
216 646 87 20 anvisas
314 646 26 20 44
349 646 41 20 000
400 646 32 20 kr.
445 646 31 26 (i).

96 676 33 20 31.
147 676 42 20 RD
202 676 117 26 medgiver,
332 677 35 19 att
378 676 42 20 den
432 676 33 20 för
477 677 74 19 västra
564 676 86 26 Sverige
662 676 96 20 avsedda
784 676 190 26 sjöflygstationen

82 706 42 23 må,
133 706 50 20 med
191 706 199 26 ianspråktagande
397 711 28 14 av
433 706 92 26 tidigare
533 711 28 14 av
569 706 42 19 RD
620 705 33 20 för
660 705 126 21 ändamålet
793 706 104 20 anvisade
905 705 69 20 medel

82 735 107 26 förläggas
200 735 32 20 till
242 741 73 14 annan
325 735 58 27 plats
392 737 28 18 än
430 735 50 26 Nya
490 737 84 21 varvet,
586 735 116 26 Göteborg.

110 765 33 20 32.
161 765 42 20 RD
224 765 119 20 fastställer
363 765 263 26 personalförteckningar
644 765 34 20 för
697 765 45 20 ord.
763 765 134 26 tjänstemän
917 766 58 18 samt

82 795 33 20 för
126 795 143 26 pensionerad
279 795 99 26 personal
389 795 5 19 i
405 795 218 26 arvodesbefattning
633 795 37 20 vid
680 794 129 27 flygvapnet
819 796 103 19 ävensom
933 795 41 19 den

82 824 137 26 förteckning
230 825 12 19 å
252 825 96 19 arvoden
360 825 39 19 och
410 825 74 25 övriga
495 825 146 26 ersättningar
651 826 77 18 utöver
738 824 36 20 lön
784 824 33 20 till
827 824 45 20 ord.
883 824 92 26 tjänste-

82 856 51 18 män
147 854 38 20 vid
199 854 136 26 flygvapnet;
351 854 39 20 och
405 854 88 20 anvisar
508 854 41 20 RD
565 854 33 20 till
611 854 128 26 avlöningar
753 854 32 20 till
800 854 61 20 aktiv
876 854 98 26 personal

82 890 28 14 m.
120 884 23 20 fl.
155 884 25 20 18
189 884 42 20 400
239 884 42 20 000
289 884 32 20 kr.
332 884 33 26 (f);
376 884 39 20 och
425 883 97 21 anhåller
530 884 50 23 RD,
590 885 35 19 att
634 884 64 20 KM:t
706 884 70 20 måtte
789 885 51 25 taga
853 884 68 20 under
933 883 42 21 för-

82 915 55 25 nyat
148 914 153 26 övervägande
312 914 76 26 frågan
401 920 35 13 om
448 914 145 26 medgivande
604 913 34 20 för
649 913 28 20 all
689 913 100 27 personal
800 914 38 20 vid
850 913 125 20 Jämtlands

82 943 121 26 flygflottilj
217 945 35 18 att
264 943 44 20 tills
320 943 75 21 vidare
408 943 88 27 åtnjuta
509 943 42 24 lön,
564 943 112 20 beräknad
688 943 71 20 såsom
772 943 37 20 vid
821 943 136 26 förläggning
969 943 6 20 i

82 969 128 24 Östersund.

110 1003 34 20 33.
160 1002 41 21 Till
215 1002 132 20 industriens
360 1002 207 27 krigsorganisation
580 1002 88 20 anvisas
680 1002 28 21 40
716 1002 41 20 000
770 1002 32 20 kr.
816 1002 35 27 (r).

110 1061 34 21 34.
160 1061 41 21 Till
220 1062 57 20 vissa
296 1062 120 20 kostnader
434 1062 34 20 för
486 1062 136 26 förläggning
641 1068 27 14 av
687 1061 150 27 jaktflottiljer
855 1061 88 21 anvisas
963 1061 12 20 å

82 1091 133 27 tilläggsstat
225 1092 9 19 1
245 1091 41 21 400
295 1091 41 20 000
344 1092 32 19 kr.
387 1091 34 27 (r).

110 1121 33 20 35.
160 1121 41 20 Till
212 1121 111 20 ordnande
334 1127 28 14 av
373 1121 237 26 vattenförsörjningen
621 1121 38 20 vid
670 1121 57 20 vissa
738 1121 139 26 flygförband
888 1121 87 20 anvisas

83 1151 12 20 å
105 1151 133 26 tilläggsstat
247 1151 27 20 85
283 1151 41 20 000
334 1151 32 20 kr.
377 1151 35 26 (r).

110 1181 33 20 36.
159 1180 41 20 Till
212 1181 57 20 vissa
281 1181 204 26 byggnadsarbeten
497 1186 29 14 m.
536 1186 28 15 m.
576 1180 88 20 anvisas
675 1181 12 19 å
698 1180 133 27 tilläggsstat
842 1180 40 21 900
891 1180 41 20 000
943 1181 31 19 kr.

70 1206 46 42 (r).
649 1231 3 2 j

111 1240 33 20 37.
162 1240 42 20 RD
217 1240 88 20 anvisar
316 1240 34 20 till
361 1240 105 26 täckning
478 1246 28 14 av
518 1240 57 20 vissa
588 1240 186 26 engångsutgifter
786 1240 33 20 för
831 1240 144 26 flygmateriel

82 1275 29 15 m.
120 1275 29 15 m.
162 1270 12 19 å
186 1270 133 26 tilläggsstat
331 1270 25 20 10
364 1270 42 19 048
414 1270 42 20 000
466 1270 32 20 kr.
511 1270 34 26 (r).

110 1299 33 21 38.
160 1299 43 21 RD
217 1299 118 27 medgiver,
349 1301 35 18 att
397 1299 95 26 angivna
505 1299 249 27 förbättringsarbetena
768 1299 37 20 vid
818 1299 157 26 Ljungbyheds

82 1329 88 26 flygfält
179 1330 36 19 må
226 1329 89 20 komma
325 1329 33 20 till
368 1329 117 20 utförande
494 1329 50 20 med
555 1329 112 20 anlitande
677 1335 28 14 av
716 1329 37 20 det
762 1335 29 14 av
802 1329 42 20 RD
855 1329 68 20 under
933 1329 42 20 för-

82 1359 180 20 svarsväsendets
281 1359 176 26 fastighetsfond,
477 1359 219 26 flygförvaltningens
716 1359 95 23 delfond,
831 1359 34 20 för
883 1359 92 26 budget-

82 1389 48 19 året
150 1388 90 27 1943/44
258 1388 105 20 anvisade
382 1388 243 27 investeringsanslaget
643 1388 33 20 till
694 1388 58 20 vissa
770 1388 204 27 byggnadsarbeten

82 1424 68 14 m.m.

112 1466 17 19 1.
147 1465 41 21 Till
205 1465 57 20 vissa
279 1465 229 27 luftskyddsåtgärder
524 1471 29 14 m.
563 1471 29 14 m.
609 1465 38 21 vid
664 1466 68 19 andra
749 1465 168 20 eskaderstaben
935 1465 39 21 och

82 1496 75 19 västra
172 1495 266 26 flygbasområdesstaben
453 1495 7 20 i
475 1495 110 26 Göteborg
599 1495 87 20 anvisas
700 1496 13 19 å
727 1495 133 26 tilläggsstat
876 1495 8 20 I
899 1495 26 20 48
934 1495 41 20 000

82 1525 32 20 kr.
131 1524 34 27 (0;

110 1555 20 19 2.
146 1554 41 20 Till
200 1554 77 26 bidrag
289 1554 34 20 till
336 1554 92 20 Kalmar
440 1555 49 19 stad
503 1554 33 20 för
548 1554 139 26 omläggning
699 1560 28 14 av
739 1555 186 26 Törnebybäcken
938 1560 38 14 an-

82 1584 58 20 visas
149 1584 13 20 å
171 1584 133 26 tilläggsstat
315 1584 8 20 I
333 1584 27 20 32
368 1584 42 20 000
418 1584 32 20 kr.

112 1626 17 19 1.
147 1625 42 20 RD
207 1625 89 20 anvisar
313 1625 33 20 till
364 1626 231 26 skyddsanordningar
612 1626 37 20 vid
667 1625 88 27 flygfält
772 1626 12 20 å
803 1625 132 27 tilläggsstat
954 1626 21 20 II

84 1655 61 20 1072
153 1655 41 20 000
209 1655 32 20 kr.
258 1655 35 26 (r).

110 1685 19 20 2.
146 1685 42 20 RD
200 1685 88 20 anvisar
298 1685 33 20 till
341 1685 58 20 vissa
410 1685 204 26 byggnadsarbeten
625 1691 29 14 m.
664 1691 29 14 m.
704 1685 26 20 27
739 1685 41 20 000
789 1685 41 20 000
840 1685 32 20 kr.
883 1685 25 27 (i)
918 1687 58 18 samt

82 1714 118 27 medgiver,
214 1716 35 19 att
262 1715 6 20 i
281 1715 242 26 statsrådsprotokollet
536 1716 52 19 över
600 1715 191 20 försvarsärenden
804 1715 34 20 för
851 1715 41 20 den
905 1715 13 20 4
930 1715 45 26 jan.

83 1744 54 21 1944
149 1745 96 26 angivna
258 1745 205 26 byggnadsarbeten
476 1745 36 20 må
525 1745 88 20 komma
627 1745 32 20 till
672 1745 117 20 utförande
802 1745 49 20 med
864 1745 112 20 anlitande

82 1780 28 14 av
123 1774 92 20 berörda
228 1774 81 26 anslag,
323 1774 7 20 i
343 1775 41 19 den
397 1775 51 19 mån
460 1775 148 19 kostnaderna
621 1774 47 21 icke
680 1775 75 20 kunna
768 1774 107 21 bestridas
887 1775 48 20 från
948 1781 28 14 av

82 1804 43 20 RD
138 1804 93 26 tidigare
243 1804 105 20 anvisade
360 1804 75 26 anslag
448 1804 32 20 till
493 1804 59 20 inom
564 1804 202 20 försvarsbeslutets
779 1804 154 20 kostnadsram
945 1804 32 20 in-

82 1834 83 25 gående
173 1834 205 26 byggnadsarbeten
386 1840 29 13 m.
425 1840 37 17 m.;
471 1834 40 20 och
519 1834 112 26 medgiver
638 1834 50 23 RD,
697 1835 35 19 att
739 1834 98 26 anslaget
844 1834 34 20 för
885 1834 91 26 budget-

82 1864 47 19 året
144 1863 91 26 1944/45
249 1864 35 19 må
299 1863 136 20 överskridas
448 1875 29 2 —
489 1863 96 20 förutom
599 1864 50 20 med
663 1864 86 26 belopp,
763 1870 47 14 som
823 1864 107 20 erfordras
943 1864 34 20 för

82 1893 140 20 bestridande
234 1899 28 14 av
275 1893 139 26 prisstegring
425 1893 7 20 i
443 1893 135 20 förhållande
589 1893 34 20 till
633 1893 113 26 prisnivån
757 1893 42 20 den
812 1894 8 19 1
833 1893 40 26 juli
886 1893 50 20 1941
950 1905 26 2 —

82 1922 59 20 inom
157 1928 75 14 ramen
248 1928 28 14 av
291 1924 34 18 ett
339 1923 34 19 för
388 1923 135 25 budgetåren
541 1923 89 26 1943/47
645 1923 34 20 för
694 1923 199 26 byggnadsföretag
908 1929 29 14 m.
947 1929 28 14 m.

82 1952 34 20 för
126 1952 131 26 flygvapnet
268 1952 108 20 beräknat
387 1952 79 26 belopp
478 1958 28 14 av
519 1952 39 20 105
567 1952 41 20 760
616 1952 41 20 000
669 1953 32 19 kr.

110 1982 20 20 3.
146 1981 41 21 Till
198 1981 371 27 ammunitionsförrådsbyggnader
579 1982 88 20 anvisas
677 1982 28 20 42
713 1982 41 20 000
765 1982 31 20 kr.
809 1982 31 26 (i).

110 2070 20 20 4.
146 2070 41 20 Till
199 2070 128 26 avlöningar
339 2070 32 20 till
383 2071 99 26 personal
493 2071 12 20 å
518 2072 118 19 reserystat
647 2071 87 20 anvisas
745 2071 12 20 4
767 2071 41 20 500
818 2071 33 20 kr.
863 2071 33 26 (f).

91 2165 119 17 20—141701

994 185 26 20 =
1022 161 14 52 |
1041 189 54 20 Diog,
1128 166 91 16 Motioner
1267 162 89 28 Utskott
1400 178 57 17 Sktv:
1508 163 104 28 Protokoll

1123 219 33 16 FK
1158 215 23 29 |
1185 220 35 15 AK
1242 220 85 16 |SmllAvd]
1351 220 26 16 Nr
1415 203 14 42 ve
1496 220 33 16 FK
1594 221 36 16 AK

994 558 28 19 431
1050 558 40 19 2221
1133 569 29 3 —I|
1199 570 27 2 —I
1261 558 60 19 61—]
1347 559 38 19 1691
1410 559 40 19 3351
1474 559 33 19 24:
1519 561 24 17 63
1546 554 22 34 |
1575 560 33 19 24:
1620 562 10 16 9

1041 594 14 11 s.
1067 589 37 17 180]
1341 590 46 17 s.761
1412 595 14 12 8.
1439 590 9 17 7

1005 623 8 13 »
1050 617 40 19 [2221
1133 628 28 3 —I
1199 629 27 2 —I
1261 617 60 19 61—]1
1348 617 37 20 1691
1410 617 40 20 3351
1474 618 33 20 24:
1519 620 24 17 638
1549 613 22 34 |
1575 618 33 20 24:
1615 613 9 34 9

1040 654 15 11 s.
1067 648 37 18 183]
1340 649 46 17 8..0
1411 649 38 18 8-8

1005 682 8 14 »
1028 672 18 34 |
1050 676 40 20 2221
1134 688 27 2 —I
1198 688 28 2 —I
1261 676 60 19 61—]
1347 677 38 20 1691
1409 677 41 20 3351
1474 677 33 20 24:
1518 679 25 18 63
1547 672 22 34 |
1575 677 33 20 24:
1620 680 10 17 9

1040 713 8 11 s.
1067 707 37 18 184|
1341 714 14 11 s.
1363 704 42 31 781
1411 714 15 12 s.
1438 708 11 18 8

1005 771 8 13 »
1023 761 22 33 I
1049 765 40 20 235
1100 761 25 33 |
1133 765 137 20 —|374)11]
1310 765 8 20 1
1372 766 13 19 41
1409 766 39 20 3211
1474 766 33 20 24:
1519 767 39 19 93dl
1575 767 33 19 24:
1619 769 25 17 38

1040 802 15 11 8,
1067 797 36 17 128
1185 795 39 20 387
1341 797 110 18 s.591s.37

1006 1009 8 13 »
1050 1002 40 20 1235]
1134 1014 28 3 —I
1199 1003 71 19 —J11]
1310 1003 8 19 1
1373 1003 75 20 413211
1475 1003 33 21 24:
1519 1006 24 17 97
1547 999 22 34 |
1575 1004 33 20 24:
1619 1007 25 17 38

1041 1039 15 12 s.
1068 1033 36 18 137
1341 1035 111 17 s.691s.42

1006 1068 7 13 »
1029 1058 18 34 |
1050 1062 38 20 2511
1134 1074 28 2 —I
1199 1074 27 2 —I|
1261 1062 125 20 61—11721
1410 1063 40 20 338]
1475 1063 33 20 24:
1522 1065 37 18 104]
1576 1064 32 20 24:
1623 1066 37 18 100

1049 1095 22 20 pt
1080 1093 11 18 8
1347 1094 37 17 CC

1005 1128 10 13 »
1028 1117 18 34 |
1050 1121 38 20 251]
1134 1133 28 3 —!|
1199 1133 28 2 —]
1261 1122 61 19 6|—]
1348 1122 38 19 1721
1410 1122 40 20 3381
1476 1122 33 20 24:
1522 1124 37 18 104]
1576 1123 32 20 24:
1623 1126 37 17 100]

1049 1155 22 19 pt
1081 1153 10 17 9
1348 1154 79 17 8.718.
1439 1154 10 18 8

1006 1187 8 13 »
1029 1176 18 34 |
1050 1180 38 21 2511
1134 1193 28 2 —I
1199 1193 28 2 —I
1261 1181 61 19 61—1
1348 1182 38 19 1721
1410 1182 41 20 338
1452 1176 18 34 |
1475 1182 33 20 24:
1522 1184 37 17 104]
1576 1182 33 20 24:
1623 1185 37 17 100

1042 1214 21 19 pt
1076 1213 23 17 10
1348 1218 14 12 s.
1374 1213 53 18 818.
1439 1214 10 17 8

1006 1247 9 13 »
1025 1236 22 34 |
1050 1240 40 20 314]
1135 1252 27 3 —I
1199 1252 28 3 —I
1261 1240 61 20 61—]
1346 1241 40 20 2131
1410 1241 41 21 4081
1475 1241 33 20 26:
1519 1243 25 18 67
1550 1236 22 34 |
1576 1242 33 20 26:
1623 1245 37 17 120

1046 1277 15 12 s.
1074 1272 23 17 19
1348 1278 14 11 s.
1375 1273 10 17 8

1005 1306 9 13 »
1029 1296 18 33 1
1050 1300 40 20 327
1102 1296 25 33 I
1135 1312 27 2 —I
1200 1312 27 2 —J)]
1262 1300 60 19 61—
1320 1296 14 33 1
1346 1301 41 19 2321
1410 1301 98 20 453127:
1519 1303 25 17 30
1551 1296 22 33 |
1577 1301 69 20 27:18

995 1466 27 20 431
1050 1466 40 20 344
1097 1462 30 34 |
1135 1478 28 2 —|
1200 1478 28 2 —I|
1262 1466 61 20 61—]
1346 1466 40 20 242
1390 1462 18 34 |
1411 1467 41 20 5001
1476 1467 33 20 32:
1520 1469 25 18 49
1554 1462 18 34 |
1576 1468 33 19 32:
1622 1470 21 17 11

998 1496 62 20 H|s.
1073 1497 24 17 34
1348 1503 15 12 8.
1375 1498 10 17 8
1406 1498 47 18 18:15

1005 1561 9 14 »
1024 1551 22 34 |
1050 1555 41 20 344
1098 1551 27 34 |
1135 1567 28 2 —I
1200 1567 28 2 —IJ
1262 1555 60 20 61—1]1
1347 1556 40 19 2421
1411 1556 41 20 5001
1476 1556 32 20 32:
1520 1558 25 17 49
1576 1556 33 20 132:
1622 1559 22 17 11

1046 1592 15 11 s.
1073 1587 25 17 36
1348 1593 15 11 s.
1375 1587 78 18 91s.15

996 1626 28 20 441
1064 1626 13 20 2
1136 1638 28 2 —l|I
1201 1638 27 2 —I
1263 1627 60 19 61—]
1363 1627 25 20 191
1425 1627 26 20 271
1490 1627 41 20 5:6
1590 1627 55 21 5517

1046 1663 15 12 s.
1073 1657 25 18 36
1342 1659 111 17 s.11ls.17

1006 1693 8 12 »
1067 1686 8 19 1
1136 1698 27 2 —I|
1201 1698 27 2 —I
1263 1686 61 20 61—]
1360 1686 91 21 4111071
1478 1687 67 20 10:63
1548 1682 22 34 |
1579 1687 30 20 10:
1621 1689 24 18 65

1046 1716 50 20 K:2
1342 1718 108 17 8.881.8:35

1050 1749 21 19 pt
1081 1747 10 17 5

1007 1988 9 13 »
1068 1982 8 19 1
1136 1994 28 2 —I
1201 1994 28 3 —I
1263 1983 61 19 61]—]
1361 1983 149 20 411107110:
1522 1985 24 17 63
1546 1979 26 34 |
1579 1983 32 20 10:
1622 1985 24 18 65

1048 2012 28 20 K:
1079 2008 13 33 2
1344 2015 85 16 s.51ls.
1441 2014 10 18 6

1052 2045 21 20 pt
1083 2043 10 18 6

1008 2077 8 13 »
1027 2067 22 34 I
1055 2071 38 20 1:4]
1137 2083 28 2 —I
1201 2083 28 3 —I
1264 2071 61 20 61—]
1376 2072 12 19 4
1440 2072 14 19 41
1480 2072 65 20 11:51
1550 2068 22 34 |
1580 2068 31 34 11:
1623 2074 23 18 77

1038 2105 22 19 pt
1070 2103 37 17 105]
1344 2108 14 12 s.
1366 2099 57 30 7015.
1428 2099 27 30 20
