1851 2367
1621 82 42 20 625

79 261 284 20 Kommunikationsverken.

80 297 89 20 utfärda
188 297 25 20 de
231 297 293 26 övergångsbestämmelser,
542 303 46 13 som
605 297 37 19 vid
660 296 180 27 genomförandet
857 302 27 14 av
902 296 70 20 förbe-

80 327 64 20 rörda
158 327 80 26 förslag
250 327 36 20 må
299 327 115 20 erfordras.

111 375 18 19 1.
148 375 8 19 I
168 375 43 19 anl.
224 380 28 14 av
264 380 61 20 prop.
338 380 48 20 ang.
399 374 126 26 förändring
536 374 6 19 i
554 374 106 20 avseende
672 374 12 20 å
696 374 152 26 löneställning
860 374 39 19 och
911 373 60 20 antal

81 404 140 20 beträffande
240 404 57 20 vissa
316 404 45 20 ord.
381 404 149 26 befattningar
547 404 37 20 vid
602 404 282 19 kommunikationsverken
903 409 67 14 m.m.

81 436 92 24 antager
184 434 42 20 RD
238 434 263 26 personalförteckningar
511 434 33 19 för
554 434 61 19 dessa
626 434 59 23 verk;
697 434 39 19 och
747 433 111 26 medgiver
868 433 41 20 RD
921 434 34 19 att
954 429 14 36 i

82 464 265 26 personalförteckningen
361 464 33 19 för
405 465 84 18 statens
500 463 118 26 järnvägar
629 464 35 19 må
677 463 25 20 fr.
713 469 18 14 o.
741 469 29 14 m.
783 463 41 20 den
838 463 8 20 1
860 463 44 25 jan.
919 463 52 20 1945

82 494 101 25 vidtagas
200 493 97 26 följande
314 493 124 26 ändringar,
456 493 107 26 nämligen
581 493 81 26 ökning
678 499 28 14 av
722 493 85 20 antalet
823 492 149 26 befattningar

82 523 71 20 såsom
169 523 207 26 stationsinspektor
391 529 27 14 av
433 523 58 20 klass
509 523 6 19 1
528 523 18 19 B
561 523 28 25 (A
598 523 35 26 24)
648 523 48 19 från
711 522 27 20 26
752 522 33 20 till
800 522 33 24 27,
849 522 81 26 ökning
944 528 27 14 av

82 553 85 20 antalet
182 553 309 26 byråassistentbefattningar
505 553 27 25 (A
542 552 35 26 21)
591 552 47 20 från
652 552 27 21 30
692 552 33 20 till
739 552 23 21 31
779 553 58 19 samt
850 552 81 26 ökning
944 558 28 14 av

82 583 85 19 antalet
178 582 284 26 kontrollörsbefattningar
474 582 27 26 (A
511 582 35 25 21)
559 582 48 19 från
622 582 24 19 10
658 582 33 19 till
706 582 31 23 11;
751 582 39 19 och
803 581 106 20 förklarar
922 581 49 23 RD,

81 613 35 18 att
125 612 152 25 befattningen
287 612 71 19 såsom
367 611 149 20 överdirektör
525 611 36 20 vid
570 611 127 26 postverket
705 611 54 20 skall
768 611 104 20 tillsättas
880 611 92 20 medelst

82 642 146 19 förordnande
240 641 27 26 på
279 641 43 20 viss
334 641 38 23 tid;
384 642 40 19 och
434 641 111 26 medgiver
556 641 49 23 RD,
617 642 35 19 att
661 641 7 19 i
678 641 247 26 tjänsteförteckningen
936 641 35 19 må

82 671 100 26 vidtagas
193 677 28 14 av
232 671 240 26 departementschefen
483 671 115 19 förordade
608 671 123 25 ändringar;
743 671 39 19 och
792 670 126 26 godkänner
929 670 41 20 RD

82 707 27 13 av
122 701 241 25 departementschefen
376 701 115 19 förordade
502 701 94 25 grunder
607 700 34 20 för
652 700 155 26 klassificering
818 706 29 14 av
858 700 112 23 stationer,

82 730 70 20 vilkas
164 730 149 20 föreståndare
325 736 92 14 ansvara
429 730 34 20 för
473 730 60 20 såväl
544 730 113 26 järnvägs-
668 736 46 14 som
726 730 104 20 biltrafik.

109 761 20 19 2.
147 760 41 20 RD
201 760 89 20 anvisar
301 760 32 20 till
347 760 133 26 postverket:
493 760 298 25 ersättningsanskaffningar
803 760 39 19 och
855 759 117 26 förnyelse-

82 790 90 19 arbeten
183 790 13 19 3
205 790 41 19 700
255 790 41 20 000
306 790 32 19 kr.
351 790 31 25 (i),
394 790 32 19 till
437 789 174 26 telegrafverket:
624 789 297 26 ersättningsanskaffningar
932 789 39 20 och

82 819 199 26 förnyelsearbeten
300 820 25 19 19
334 819 41 20 950
384 819 40 20 000
440 820 32 19 kr.
491 819 31 26 (i),
540 819 33 20 till
590 820 83 19 statens
689 819 123 26 järnvägar:
830 819 141 26 ersättnings-

81 849 167 26 anskaffningar
264 849 39 20 och
320 849 198 26 förnyelsearbeten
534 849 26 20 29
570 849 41 20 640
619 849 42 20 000
676 849 32 19 kr.
725 848 24 27 (i)
766 850 58 18 samt
839 848 33 20 till
888 849 83 19 statens

82 879 189 19 vattenfallsverk:
292 880 136 24 gemensamt
448 879 81 25 anslag:
551 878 298 26 ersättningsanskaffningar
869 878 39 20 och
928 878 43 20 för-

82 908 164 26 nyelsearbeten
261 909 12 19 2
282 908 41 20 000
332 908 41 20 000
387 909 32 19 kr.
434 908 31 26 (i);
481 909 39 19 och
536 908 142 26 bemyndigar
692 908 41 20 RD
748 908 136 25 fullmäktige
898 908 6 19 i
918 907 53 20 riks-

81 938 166 26 gäldskontoret
267 939 35 19 att
323 938 33 20 för
376 938 123 20 beredande
520 944 27 13 av
568 938 163 26 rörelsekapital
752 938 24 19 åt
795 937 175 26 telegrafverket,

81 969 84 19 statens
188 968 118 25 järnvägar
329 968 40 19 och
392 969 84 18 statens
500 967 182 20 vattenfallsverk
704 967 166 20 tillhandahålla
893 967 77 26 rörliga

81 997 95 20 krediter
188 1004 28 13 av
230 1003 54 20 resp.
298 997 26 20 25
333 997 41 20 000
383 997 41 20 000
436 997 40 23 kr.,
490 997 27 20 50
526 997 41 20 000
575 997 41 20 000
628 997 32 20 kr.
674 997 40 19 och
728 997 26 20 10
762 997 41 19 000
811 996 42 20 000
864 997 32 19 kr.

111 1045 41 19 RD
173 1044 119 20 fastställer
311 1044 262 26 personalförteckningar
592 1044 33 20 för
643 1044 133 26 postverket,
796 1043 174 27 telegrafverket,

82 1076 84 18 statens
178 1074 120 26 järnvägar
310 1076 58 18 samt
381 1076 83 18 statens
478 1074 187 23 vattenfallsverk;
680 1074 39 20 och
732 1074 111 25 medgiver
855 1073 50 24 RD,
918 1075 35 18 att
965 1073 6 20 i

82 1104 265 26 personalförteckningen
360 1104 33 20 för
404 1105 84 19 statens
499 1104 118 25 järnvägar
628 1104 36 20 må
675 1104 26 19 fr.
712 1110 19 13 o.
741 1110 28 13 m.
783 1104 41 19 den
837 1104 8 19 1
859 1103 45 26 jan.
918 1103 53 20 1946

82 1134 101 25 vidtagas
197 1134 96 25 följande
308 1134 124 25 ändringar,
448 1133 107 26 nämligen
571 1133 80 26 ökning
665 1139 28 14 av
708 1133 84 20 antalet
806 1133 166 26 baningenjörer

82 1163 27 26 (A
119 1163 35 26 26)
168 1164 47 19 från
232 1164 24 19 12
269 1163 33 20 till
318 1164 31 22 13,
363 1163 81 26 ökning
457 1169 28 14 av
498 1163 85 20 antalet
596 1163 204 26 trafikinspektörer
813 1163 27 26 (A
849 1163 36 25 26)
898 1163 48 19 från
959 1163 12 19 7

82 1193 32 20 till
127 1193 19 23 8,
161 1193 80 26 ökning
254 1199 28 14 av
295 1193 85 20 antalet
392 1193 231 26 stationsinspektorer
635 1199 28 14 av
676 1193 57 20 klass
748 1193 8 19 1
768 1193 18 19 B
799 1192 28 26 (A
836 1192 36 26 24)
885 1192 47 20 från
945 1192 26 20 28

81 1223 33 19 till
129 1223 33 23 29,
177 1223 81 25 ökning
272 1229 28 14 av
314 1223 85 20 antalet
413 1223 230 26 stationsinspektorer
657 1228 28 14 av
698 1222 58 20 klass
770 1223 13 19 2
797 1222 27 26 (A
834 1222 35 26 22)
883 1222 48 20 från
945 1222 27 20 32

81 1252 33 20 till
127 1253 26 19 33
165 1254 58 18 samt
235 1253 81 25 ökning
328 1259 27 13 av
368 1252 85 20 antalet
464 1252 183 26 byråassistenter
658 1253 27 25 (A
695 1252 35 26 21)
742 1252 48 20 från
802 1252 27 20 32
841 1252 32 19 till
885 1252 34 23 33;
932 1252 39 19 och

81 1282 107 20 förklarar
204 1282 49 23 RD,
269 1284 35 18 att
319 1282 177 26 befattningarna
512 1282 6 20 i
533 1282 131 26 lönegraden
679 1281 15 21 C
703 1282 7 19 6
730 1282 71 20 såsom
816 1281 154 26 postdirektör,

81 1312 227 26 avdelningsdirektör
324 1312 36 20 vid
376 1312 169 25 telegrafverket
560 1312 40 20 och
616 1311 103 21 driftchef
733 1311 37 20 vid
786 1312 84 19 statens
885 1312 87 19 vatten-

82 1341 102 20 fallsverk
201 1342 61 19 skola
279 1341 104 20 tillsättas
400 1342 91 19 medelst
507 1341 146 20 förordnande
669 1341 27 26 på
712 1341 44 20 viss
772 1341 33 20 tid
821 1342 57 19 samt
894 1342 34 18 att
944 1346 27 14 av

83 1371 42 20 RD
138 1371 111 26 medgivet
261 1371 105 26 tillfälligt
378 1371 125 26 lönetillägg
515 1377 28 14 av
556 1371 12 20 2
577 1371 41 20 000
630 1371 32 20 kr.
675 1371 34 20 för
720 1371 24 20 år
756 1371 24 19 åt
793 1370 129 20 driftchefen
934 1370 37 20 vid

82 1401 103 20 Västerås
197 1401 113 20 kraftverk
323 1401 17 26 ej
355 1401 74 20 vidare
441 1401 55 19 skall
508 1401 59 25 utgå;
580 1401 40 19 och
632 1400 110 26 medgiver
754 1400 49 24 RD,
816 1402 35 18 att
862 1400 7 20 i
880 1400 91 26 tjänste-

82 1430 165 26 förteckningen
260 1431 35 19 må
307 1430 101 26 vidtagas
421 1437 27 13 av
461 1430 239 26 departementschefen
713 1430 6 20 i
731 1429 240 27 statsrådsprotokollet

82 1462 52 18 över
147 1460 298 20 kommunikationsärenden
459 1460 34 20 för
506 1460 42 20 den
562 1460 12 20 2
588 1466 57 13 mars
661 1460 52 20 1945
726 1459 115 20 förordade
855 1459 116 26 ändringar

81 1491 59 19 samt
152 1490 143 26 bemyndigar
307 1490 64 19 KM:t
383 1491 34 18 att
431 1489 87 20 utfärda
533 1489 25 20 de
571 1489 290 26 övergångsbestämmelser,
874 1495 46 14 som
933 1489 37 19 vid

81 1520 181 25 genomförandet
274 1525 28 14 av
314 1519 125 20 förberörda
452 1519 79 26 förslag
543 1520 35 19 må
591 1519 114 20 erfordras.

112 1567 42 20 RD
167 1567 84 20 bifaller
263 1573 60 20 prop.
336 1572 49 21 ang.
398 1567 126 25 förändring
535 1566 6 20 i
553 1566 106 21 avseende
671 1567 12 19 å
695 1566 152 26 löneställning
859 1566 39 20 och
910 1565 60 21 antal

82 1597 139 20 beträffande
231 1597 57 19 vissa
298 1597 106 19 ordinarie
415 1596 149 26 befattningar
572 1596 37 20 vid
618 1596 283 20 kommunikationsverken
910 1601 59 15 m.m.

111 1644 42 20 RD
164 1644 95 20 besluter
267 1644 126 26 förändring
402 1644 6 19 i
417 1644 107 20 avseende
533 1644 12 20 å
555 1644 152 25 löneställning
716 1644 39 19 och
764 1643 61 20 antal
834 1643 136 20 beträffande

82 1674 57 20 vissa
154 1674 44 20 ord.
212 1674 149 26 befattningar
373 1674 36 19 vid
422 1674 283 20 kommunikationsverken
717 1679 29 14 m.
756 1679 29 14 m.

112 1751 17 20 1.
147 1751 62 20 RD:s
223 1751 104 26 yttrande
342 1751 6 20 i
362 1751 43 20 anl.
421 1757 27 14 av
464 1751 63 20 KM:t
541 1751 89 20 lämnad
644 1751 96 19 översikt
755 1752 51 18 över
819 1750 152 20 kommunika-

82 1781 151 20 tionsverkens
244 1781 163 26 investeringar,
418 1781 108 19 avseende
536 1781 145 25 postverkets,
691 1780 186 26 telegrafverkets,
888 1781 83 19 statens

81 1810 129 27 järnvägars
231 1811 39 19 och
291 1812 84 18 statens
396 1810 193 20 vattenfallsverks
609 1810 83 23 fonder,
714 1810 179 20 luftfartsfonden
914 1811 58 18 samt

82 1842 52 24 väg-
147 1840 39 20 och
198 1840 282 26 vattenbyggnadsverkets
492 1840 145 20 förrådsfond.

110 1870 19 20 2.
147 1870 42 19 RD
204 1870 143 26 bemyndigar
361 1870 63 19 KM:t
438 1871 35 18 att
487 1870 6 19 i
508 1870 26 19 de
548 1876 28 13 av
591 1870 41 19 RD
647 1869 116 26 godkända
778 1869 194 26 personalförteck-

83 1899 105 26 ningarna
200 1899 34 20 för
245 1901 59 24 post-
316 1900 39 19 och
367 1899 179 26 telegrafverken,
559 1901 84 18 statens
654 1899 124 26 järnvägar,
790 1900 84 18 statens
886 1900 87 18 vatten-

83 1929 109 23 fallsverk,
205 1929 176 20 luftfartsverket
393 1929 39 19 och
445 1929 121 26 Södertälje
577 1928 120 21 kanalverk
709 1928 89 26 vidtaga
811 1928 26 20 de
848 1928 123 25 ändringar,

82 1964 46 14 som
148 1959 240 25 departementschefen
408 1959 5 19 i
433 1958 241 26 statsrådsprotokollet
692 1960 52 18 över
761 1957 212 21 kommunikations-

82 1988 95 20 ärenden
188 1988 33 20 för
231 1989 40 19 den
281 1988 13 20 8
304 1988 42 26 maj
360 1988 52 20 1948
423 1988 104 23 förordat,
538 1988 116 26 medgiver,
665 1989 35 19 att
709 1988 6 19 i
725 1987 247 26 tjänsteförteckningen

82 2018 35 20 må
132 2018 101 26 vidtagas
247 2018 6 19 i
268 2018 94 20 nämnda
377 2017 217 27 statsrådsprotokoll
608 2017 115 20 förordade
736 2017 117 26 ändringar
866 2018 58 19 samt
937 2017 36 19 be-

82 2048 116 25 myndigar
209 2048 64 19 KM:t
284 2049 35 18 att
330 2048 11 19 å
353 2048 167 25 övergångsstat
531 2047 93 26 uppföra
636 2047 26 20 de
673 2047 149 26 befattningar
834 2047 39 20 och
885 2046 87 21 utfärda

83 2077 26 20 de
119 2077 285 26 övergångsbestämmelser
413 2077 6 20 i
429 2077 78 26 övrigt,
518 2083 46 14 som
574 2077 37 20 vid
620 2077 181 26 genomförandet
810 2082 28 14 av
848 2076 125 20 förberörda

82 2107 81 26 förslag
176 2107 36 20 må
226 2107 114 20 erfordras.

89 2173 119 16 40—141701

1041 195 53 20 ler
1127 171 90 16 Motioner
1265 167 89 30 Utskott
1398 183 57 40 Skriv,
1505 168 104 29 Protokoll

1122 225 32 16 FK
1154 220 25 31 |
1184 225 35 16 AK
1241 225 84 16 |SmllAvd!
1349 225 26 16 Nr
1494 225 32 16 FK
1592 226 35 15 AK

992 373 27 20 441
1059 373 27 20 961
1130 374 24 19 411
1195 374 26 20 551
1257 374 60 19 6|—1]1
1343 374 38 20 1161
1406 374 120 20 260116:9
1574 374 66 20 |16:12

1117 403 40 20 273
1155 399 22 34 |
1181 403 41 20 444

1002 765 8 13 »
1021 755 22 34 |
1048 759 38 20 155
1095 755 27 34 I
1130 771 28 2 —|I
1195 771 28 2 —I|
1257 759 61 19 61—]|
1344 759 37 20 1641
1406 759 40 20 349]
1471 760 32 19 21:
1515 762 10 17 4
1571 760 32 19 21:
1615 762 23 17 51

991 1044 27 19 451
1046 1044 40 19 206
1118 1044 39 20 11321
1181 1043 41 20 200]
1257 1044 60 19 61—]
1342 1044 39 20 1951
1405 1044 40 20 355]
1470 1044 33 20 28:
1515 1047 23 17 22
1543 1039 22 34 |
1571 1044 32 20 28:
1616 1047 22 16 11

1116 1073 41 20 316
1157 1069 19 35 |
1181 1073 41 20 494

1117 1103 40 20 329
1156 1099 19 35 |
1181 1103 40 20 527

1181 1133 40 20 536

990 1565 28 20 461
1046 1565 40 20 239
1117 1565 40 20 1343
1161 1561 18 35 |
1182 1565 39 20 515]
1257 1565 12 20 6
1290 1577 28 3 |—
1318 1561 8 35 1]
1343 1566 38 20 153]
1406 1566 37 20 211]
1471 1566 32 20 21:
1515 1566 139 20 29d/22:102d

991 1642 26 20 471
1046 1642 40 20 236
1094 1638 18 35 |
1117 1642 41 21 302
1162 1638 18 35 |
1181 1642 41 21 4451
1257 1642 12 20 6
1290 1654 28 3 1|—
1315 1638 18 35 |
1341 1643 40 20 237
1382 1638 19 35 |
1406 1643 40 20 406
1444 1638 23 35 |
1470 1643 33 20 31:
1515 1643 139 20 60d/30:100d

1117 1672 40 20 303
1154 1668 23 35 |
1181 1672 41 20 446

1117 1702 41 20 304
1154 1698 23 35 |
1182 1702 40 20 447

991 1749 103 20 481|1:271]
1131 1761 28 3 —!
1196 1761 27 3 —I
1257 1749 61 20 61—1]
1369 1750 13 20 91
1420 1750 26 20 681]
1485 1750 54 20 9:14
1544 1745 23 35 |
1585 1751 54 20 9:76

1046 1783 21 20 pt
1078 1782 8 17 1
1343 1782 36 17 s.1

1002 1874 8 13 »
1022 1864 18 35 |
1047 1868 40 20 239
1118 1868 40 20 1398
1162 1864 18 35 |
1182 1868 41 20 560]
1258 1868 60 20 61—
1315 1864 18 35 |
1344 1868 38 20 140
1406 1868 40 20 1298]
1471 1869 26 19 23:
1516 1871 23 17 29
1547 1864 18 35 |
1571 1869 33 20 23:
1618 1871 37 17 106)
