1838 2355
178 69 40 20 198

193 248 93 26 Delning
302 254 25 14 av
342 248 47 26 jord
404 248 29 27 på
449 248 75 24 landet,
541 249 71 26 Lagen
628 255 40 14 om.

193 283 32 21 till
240 284 119 20 understöd
377 284 24 20 åt
418 284 256 27 jorddelningsväsendet
692 291 28 14 m.
734 291 36 14 m.:
789 285 76 27 bidrag
880 285 32 20 till
927 286 157 26 utflyttnings-,

193 313 194 27 väganläggnings-
398 314 39 20 och
448 314 203 26 odlingskostnader
661 315 6 20 i
678 315 158 26 sammanhang
845 316 50 20 med
906 315 86 21 skiften.

222 343 26 21 Se
266 343 40 20 ock
323 343 213 27 Jordförhållandena
555 344 6 20 i
580 344 147 27 Kopparbergs
744 345 42 23 län,
806 345 278 27 Kommunalförfattningar

193 373 70 26 (1947:
276 373 26 26 5),
314 374 199 23 Lantmäteriväsen,
530 374 136 27 Uppskjutna
679 375 89 20 ärenden
782 375 70 26 (1950:
865 375 25 26 7).

194 415 239 21 DELTIDSARBETE.

221 451 43 20 RD
278 451 97 20 anhåller
389 457 35 14 om
439 458 25 13 en
480 451 201 27 förutsättningslös
696 452 116 26 utredning
825 458 49 20 ang.
889 453 101 26 åtgärder
1004 453 33 19 för
1051 454 35 19 alt

193 481 67 26 skapa
272 481 71 20 ökade
354 481 98 20 tillfällen
465 481 32 20 till
509 481 155 21 deltidsarbete
674 482 7 19 i
692 482 80 20 allmän
784 482 76 26 tjänst.

221 511 26 20 Se
262 511 40 20 ock
318 510 95 21 Kvinna.

195 552 226 20 DEMOKRATISKA
439 553 266 20 STYRELSESKICKET.

221 588 42 20 RD
276 588 72 20 avslår
359 588 84 20 motion
455 594 49 21 ang.
517 589 102 26 åtgärder
630 589 33 20 till
674 589 155 20 förhindrande
841 596 28 13 av
882 590 121 19 eventuella
1016 590 70 26 kupp-

193 618 72 20 försök
279 619 48 19 mot
341 618 38 20 det
393 618 162 20 demokratiska
569 619 182 26 styrelseskicket,
766 625 29 14 m.
805 625 28 14 m.

221 648 26 20 Se
263 648 40 20 ock
319 648 161 26 Grundlagarna
495 648 79 26 (1948).

194 689 370 21 DEPARTEMENTALREFORM.

222 725 17 20 1.
252 725 57 20 Från
321 725 53 20 1940
384 725 34 20 års
429 725 89 26 lagtima
529 726 43 20 RD
584 726 86 20 vilande
680 726 79 27 förslag
771 726 31 20 till
813 726 83 20 ändrad
907 726 81 27 lydelse
998 733 28 14 av
1036 727 20 25 $$
1066 727 19 23 5,

192 755 19 23 6,
224 755 26 20 25
263 755 40 20 och
314 755 27 20 43
353 755 39 20 RF
404 757 57 18 samt
473 756 9 25 $
491 756 27 20 38
529 761 66 14 mom.
608 756 13 20 2
633 756 39 20 RO
685 756 116 26 (avseende
813 756 107 20 formerna
932 756 34 20 för
977 756 92 26 ändring
1080 756 6 20 i

193 784 339 27 departementsorganisationen
544 791 29 14 m.
583 785 39 26 m.)
634 787 97 25 antages.

221 815 19 19 2.
257 814 42 20 RD
318 816 90 25 antager
425 815 35 26 lag
478 821 35 14 om
531 815 84 20 antalet
633 815 210 26 statsdepartement
861 816 40 20 och
919 816 96 20 statsråd
1032 817 54 19 utan

193 843 158 27 departement.

221 886 43 20 RD
277 886 72 20 avslår
361 886 84 20 motion
458 892 35 14 om
507 886 117 27 utredning
637 892 48 21 ang.
700 886 126 21 inrättande
838 893 28 14 av
879 888 33 19 ett
924 887 164 26 skogsdeparte”

192 917 67 18 ment.

222 957 18 20 1.
257 957 42 20 RD
309 958 91 26 antager
409 957 79 27 förslag
499 957 31 20 till
540 958 35 26 lag
584 964 35 14 om
629 958 84 20 antalet
722 958 210 26 statsdepartement
941 958 40 20 och
991 959 95 19 statsråd

193 988 54 19 utan
263 987 152 26 departement
430 987 134 26 (inrättande
579 994 28 14 av
622 989 33 19 ett
669 988 249 26 inrikesdepartement).

221 1017 19 20 2.
257 1017 42 20 För
309 1017 139 26 redovisning
458 1023 28 14 av
496 1017 33 20 till
540 1017 37 20 det
588 1024 43 20 nya
642 1017 252 27 socialdepartementets
905 1018 39 20 och
956 1018 32 20 till
998 1018 89 20 inrikes-

194 1046 186 26 departementets
396 1047 250 25 förvaltningsområden
663 1047 120 26 hänförliga
800 1048 75 25 anslag
893 1049 106 24 upptager
1015 1048 43 19 RD
1075 1048 12 19 å

193 1075 118 20 riksstaten
327 1076 33 19 för
375 1076 132 26 budgetåret
523 1076 90 26 1947/48
630 1077 68 19 under
713 1077 171 26 driftbudgeten:
900 1077 107 26 egentliga
1022 1078 66 19 stats-

194 1105 90 26 utgifter
297 1111 26 14 en
337 1105 132 23 huvudtitel,
484 1106 110 20 benämnd
607 1106 25 20 V.
647 1106 248 26 socialdepartementet,
909 1106 40 20 och
962 1112 26 14 en
1002 1106 85 20 huvud-

193 1134 55 24 titel,
264 1134 110 21 benämnd
387 1135 20 19 V
420 1141 19 14 a.
454 1135 262 26 inrikesdepartementet;
731 1136 39 20 och
784 1136 126 26 godkänner
923 1136 42 20 RD
980 1136 108 26 personal-

193 1164 138 26 förteckning
346 1164 40 20 och
401 1164 161 27 avlöningsstat
576 1165 34 20 för
624 1165 242 26 socialdepartementet
881 1167 57 18 samt
953 1165 87 20 anvisar
1055 1165 32 20 till

193 1193 129 27 avlöningar
332 1194 41 20 470
381 1194 42 20 000
433 1194 31 20 kr.
477 1194 32 26 (f),
521 1194 33 20 till
565 1195 155 20 omkostnader
730 1195 27 20 50
766 1195 40 20 000
817 1195 31 20 kr.
860 1195 33 26 (f),
905 1195 32 20 till
948 1195 139 20 kommittéer

193 1223 40 20 och
245 1223 142 27 utredningar
396 1229 78 21 genom
485 1224 136 26 sakkunniga
632 1224 40 20 600
681 1225 41 19 000
732 1225 31 19 kr.
775 1224 28 26 (r)
813 1226 58 18 samt
881 1225 33 19 till
924 1226 62 19 extra
997 1225 91 26 utgifter

193 1253 27 20 50
229 1253 41 20 000
282 1253 33 20 kr.
329 1253 34 26 (r);
377 1254 40 19 och
430 1254 126 26 godkänner
569 1254 42 20 RD
625 1254 237 26 personalförteckning
875 1254 40 20 och
928 1254 159 27 avlöningsstat

193 1283 34 19 för
244 1282 258 27 inrikesdepartementet
519 1285 58 18 samt
595 1283 87 21 anvisar
699 1284 33 19 till
750 1284 127 26 avlöningar
895 1284 40 20 480
944 1284 41 20 000
1002 1284 32 20 kr.
1053 1284 33 26 (f),

193 1312 33 20 till
237 1313 156 20 omkostnader
403 1313 27 20 50
439 1313 41 20 000
490 1313 32 20 kr.
534 1313 33 26 (f),
578 1313 33 20 till
622 1314 121 26 ersättning
754 1314 33 20 till
797 1315 84 19 statens
891 1314 110 20 allmänna
1012 1314 75 26 fastig-

194 1342 109 20 hetsfond:
314 1342 231 27 byggnadsstyrelsens
555 1343 87 20 delfond
654 1343 39 20 100
702 1343 32 20 kr.
745 1343 32 26 (f),
787 1343 34 20 till
830 1343 122 26 ersättning
960 1343 33 20 till
1003 1345 84 18 statens

194 1372 115 20 domäners
320 1372 53 20 fond
385 1372 34 20 för
431 1373 105 25 upplåten
548 1373 62 20 mark
624 1373 39 20 100
674 1373 32 20 kr.
719 1373 33 26 (f),
765 1373 33 20 till
809 1373 141 20 kommittéer
961 1373 40 20 och
1014 1373 73 20 utred-

193 1401 77 27 ningar
276 1407 78 21 genom
362 1402 136 26 sakkunniga
505 1402 41 20 400
551 1403 41 20 000
597 1403 31 20 kr.
635 1402 27 26 (r)
669 1404 57 19 samt
735 1403 33 20 till
775 1404 62 19 extra
847 1403 90 26 utgifter
942 1403 26 20 70
973 1403 41 20 000
1019 1403 66 27 kr.(r).

223 1443 61 20 RD:s
296 1443 105 26 yttrande
413 1445 52 19 över
477 1444 102 26 framlagt
591 1444 80 26 förslag
683 1444 32 20 till
729 1444 133 27 uppdelning
874 1451 28 13 av
914 1444 172 27 finansdeparte-

194 1474 85 19 mentet
290 1475 58 18 samt
359 1479 48 20 ang.
420 1473 382 27 folkhushållningsdepartementets
815 1474 148 26 upphörande.

223 1503 26 20 Se
265 1503 41 20 ock
321 1502 201 27 Civildepartement.

195 1545 196 30 DESERTÖRER;
404 1557 22 13 se
441 1551 179 26 Interpellationer
632 1551 70 25 (1943:
716 1553 29 22 73,
761 1551 52 20 1943
823 1551 28 20 H:
864 1552 39 25 21).

195 1597 236 25 DETALJHANDEL;
448 1604 22 14 se
485 1598 182 20 Pensionsanstalt
683 1599 69 25 (1950:
766 1599 39 25 11).

196 1644 251 26 DETALJHANDELN,
463 1646 157 20 ARBETSTID
636 1641 64 29 FÖR;
715 1652 22 14 se
752 1646 104 20 Arbetstid
871 1646 70 26 (1942:
954 1648 16 21 4,
989 1646 59 21 1945:
1060 1647 26 25 4).

196 1692 244 21 DETALJHANDELN
454 1693 54 20 OCH
523 1693 244 25 RANSONERINGEN;
782 1700 21 13 se
819 1693 70 21 Enkla
902 1693 70 27 frågor
985 1694 64 26 (1944
1058 1694 28 20 H:

225 1722 39 26 18).

197 1769 258 21 DETALJHANDELNS
468 1766 187 29 OMSÄTTNING;
668 1777 21 13 se
703 1770 167 27 Socialstyrelsen
883 1770 79 26 (1950).

197 1817 343 25 DETALJHANDELSLAGEN;
555 1824 22 14 se
592 1818 105 20 Arbetstid
711 1818 70 26 (1945:
794 1818 26 25 4).

197 1864 425 21 DETALJHANDELSMARGINALEN
629 1863 36 23 PÅ
673 1861 101 29 MJÖLK;
782 1872 22 13 se
812 1865 71 21 Enkla
889 1866 69 26 frågor
966 1866 70 26 (1942:
1046 1867 39 25 18).

196 1912 341 21 DETALJHANDELSPRISET
547 1910 35 23 PÅ
594 1913 118 24 SOCKER;
723 1919 21 14 se
759 1913 179 26 Interpellationer
948 1913 70 27 (1948:
1032 1914 53 26 140).

197 1954 338 25 DEVALVERINGSVINSTER;
555 1961 22 13 se
599 1954 179 27 Interpellationer
796 1955 70 26 (1949:
880 1955 53 26 159),
954 1955 131 21 Skatteväsen

223 1983 122 26 (1950:-37)

196 2025 136 25 DEXTRIN;
348 2031 22 14 se
388 2025 112 21 Tulltaxan
516 2026 70 25 (1943:
599 2026 26 25 6).

197 2066 278 25 DIAKONANSTALTEN,
493 2067 135 25 SVENSKA;
646 2073 21 14 se
686 2067 166 27 Fallandesjuka
868 2068 70 25 (1941:
951 2070 17 21 6,
988 2068 59 20 1947:
1060 2068 25 26 4),

224 2096 122 20 Sinnesslöa
362 2096 69 26 (1945:
445 2097 25 25 7).

1241 157 91 30 Motioner
1379 157 90 30 Utskott
1549 173 3 4 ä
1630 161 95 16 Protokoll

1106 181 26 20 År
1128 177 14 33 |
1154 185 54 20 Prop.
1355 197 33 2 bjöd
1453 197 53 2 SEE
1549 173 18 40 NT
1578 197 62 2 ao
1647 179 4 28 A
1651 197 68 2 rss

1236 215 32 16 FK
1270 210 24 31 |
1299 215 35 16 AK
1355 215 85 16 [SmllAvd|
1464 215 26 16 Nr
1608 215 33 16 FK
1708 215 34 16 AK

1106 453 27 20 43]
1174 465 27 2 —
1235 453 38 20 11951
1298 454 88 20 281112)
1421 454 46 19 21:
1486 453 78 20 912971
1591 453 31 20 18:
1634 453 38 20 87d]
1692 454 31 20 18:
1735 454 38 19 22d

1362 484 24 20 13)
1421 483 13 20 3)
1475 483 24 20 12
1592 483 30 20 19:
1634 483 25 20 3d
1664 479 19 35 |
1693 484 31 19 19:
1735 486 11 17 4

1106 590 27 20 48]
1175 602 28 2 —I
1247 602 27 2 —|
1298 590 37 20 3611
1374 591 60 19 6|—1
1472 590 27 20 381
1537 602 28 2 —]|
1591 590 31 20 11:
1634 592 24 17 20
1662 586 22 35 |
1692 591 31 20 14:
1734 591 39 20 39d

1107 727 23 20 41]
1175 739 27 2 —|I
1247 740 27 1 —JI
1312 739 27 2 —I
1374 728 12 20 51
1421 728 13 19 2
1486 728 13 19 21:
1537 727 85 21 VET:
1635 729 22 17 10]
1704 728 55 20 NT

1118 823 8 13 »
1135 812 19 35 |
1176 816 26 20 341
1247 829 27 2 —I
1312 829 27 2 —I
1374 817 12 20 51
1422 817 12 19 2
1487 816 170 21 IlndsirNTS
1704 817 55 20 TTNIS

1108 888 27 20 45]
1176 900 28 2 —
1234 888 40 20 1278)
1313 900 26 2 -—1
1375 889 12 20 51
1422 889 13 19 2
1487 888 12 20 41
1537 900 28 2 —J
1591 884 31 34 11:
1634 884 49 34 14d]
1692 889 53 20 11:
1731 884 18 34 7

1107 959 27 20 471
1177 959 27 20 321
1248 972 27 2 —I
1312 972 28 1 —1I
1375 960 12 20 51
1423 960 12 20 2)
1487 960 13 19 61
1538 959 106 21 93114:4
1669 955 14 35 |
1693 960 66 20 14:27

1117 1025 8 13 »
1176 1019 27 19 331
1247 1031 27 2 —I|
1312 1031 27 2 —J]
1375 1020 60 19 61|—]
1473 1019 27 20 401
1539 1018 83 21 59114:
1635 1019 38 19 10d]
1693 1020 31 19 14:
1735 1022 23 17 31

1107 1445 26 20 50]
1176 1445 13 19 3
1247 1445 26 21 47]
1312 1445 24 20 411
1375 1446 61 20 6|—1|
1474 1445 26 20 241
1538 1446 27 19 321
1603 1445 56 20 6:8d
1665 1441 23 35 |
1705 1446 19 19 6:
1736 1446 25 19 7d
