1845 2357
181 147 41 33 582
912 157 135 16 SAKREGISTER

180 211 40 1 =
911 211 32 1 RE
1124 220 40 28 Sa
1505 226 53 17 Riks-

1071 250 17 26 3
1123 240 36 45 22
1224 274 3 4 ;
1338 240 94 43 Utskotte-
1495 256 72 22 dagens
1626 256 116 17 Kamrarnas

1071 280 16 26 1
1147 280 18 36 2
1182 271 91 43 Möotoner
1327 270 114 44 Ujlärenden:
1509 282 46 32 skri-
1609 285 145 23 förhandlingar

1071 310 17 27 2
1124 308 41 34 ZR
1303 304 47 18 eller
1363 304 98 18 memorial
1465 300 24 38 |
1502 316 62 18 velser

1296 358 28 18 Re
1428 354 47 1 Ta
1679 359 2 4 |

1124 369 35 12 RAA
1244 360 18 32 ne
1337 370 57 20 SA
1450 373 17 18 22
1470 365 20 32 I
1504 382 4 8 ms
1530 365 16 32 |
1574 365 6 32 1)
1598 370 67 17 Första
1670 365 24 32 |
1699 369 65 18 Andra

1071 386 11 9 :
1124 381 36 41 ES
1227 354 40 78 JAK
1296 378 28 50 2)
1337 388 18 31 å
1391 392 17 17 ot
1504 382 17 27 ä
1552 392 17 25 &
1568 388 13 33 |
1595 394 70 18 kamm,
1667 388 26 33 |
1696 394 70 17 kamm.

198 434 151 27 Fullmåktige,
365 434 130 27 riksdagens.
1228 436 1 30 |
1323 436 1 22 |
1430 440 1 16 |

198 471 9 15 3
226 465 39 20 Val
289 472 26 13 av
339 465 126 20 ordförande
482 465 6 20 i
505 464 204 27 riksgäldskontoret
724 467 57 18 samt
797 467 30 19 tre
845 466 134 26 fullmäktige
996 467 38 20 och
1051 466 54 21 1925
1228 467 1 7 |
1323 461 1 32 |
1434 469 47 18 288-
1599 467 69 20 Bra
1692 466 34 21 lad:
1738 472 38 15 107

241 496 31 19 tre
288 495 144 26 suppleanter.
1228 476 1 49 |
1323 495 1 33 |
1440 500 34 17 292

1228 529 1 16 |

199 560 6 15 1
226 555 40 20 Val
288 562 26 13 av
339 554 85 22 valmän
448 555 39 20 och
510 554 138 27 suppleanter
665 555 33 20 för
717 555 101 21 utseende
835 562 25 14 av
877 556 135 26 fullmäktige
1029 555 78 22 i/1926]
1228 567 1 17 |
1600 556 52 20 13:30
1674 551 15 36 |
1701 556 31 21 8

240 585 130 21 riksbanken
387 585 39 20 och
443 584 209 27 riksgäldskontoret.
1228 604 1 7 |

1228 616 1 11 I

198 651 9 15 2
226 645 39 20 Val
282 652 26 13 av
325 647 30 18 tre
372 644 136 27 fullmäktige
524 645 7 20 i
547 645 129 20 riksbanken
693 645 39 20 och
749 646 31 19 tre
796 645 142 27 suppleanter.
1074 654 7 10 »
1433 649 44 18 294-
1598 646 33 20 39:
1643 652 24 15 22
1670 642 19 35 |
1699 647 53 19 42:1

1322 682 1 20 |
1439 679 34 18 297

197 741 9 14 3
226 735 39 20 Val
290 742 26 13 av
340 735 35 20 två
394 734 136 26 fullmäktige
546 735 6 19 i
569 734 204 27 riksgäldskontoret
789 735 38 21 och
845 737 30 19 tre
891 736 143 26 suppleanter.
1034 730 15 37 |
1074 744 8 10 >
1228 726 1 26 |
1433 732 38 36 298-
1597 737 33 19 39:
1642 742 24 14 22
1671 732 19 36 |
1698 737 53 19 42:
1737 732 9 36 1

1228 762 1 21 I
1439 767 33 17 301

199 830 5 15 1
225 825 40 19 Val
290 832 26 13 av
341 824 85 20 valmän
451 824 39 20 och
514 824 137 26 suppleanter
671 824 31 20 för
718 824 101 21 utseende
835 832 26 13 av
878 825 134 26 fullmäktige
1029 824 77 22 i|/1927
1228 810 1 36 |
1598 826 51 20 12:e
1700 825 53 21 ITA

240 854 132 21 riksbanken
388 854 39 21 och
444 854 210 26 riksgäldskontoret.
1228 852 1 24 |
1323 855 1 34 |

198 920 9 14 2
226 914 39 20 Val
282 921 26 13 av
325 916 30 18 tre
371 914 136 26 fullmäktige
523 914 68 26 jämte
607 915 30 19 tre
654 914 137 26 suppleanter
807 914 6 20 i
829 914 135 21 riksbanken,
1073 923 8 9 >
1228 912 1 35 |
1323 904 1 30 |
1434 916 41 18 273
1597 915 51 20 41:1
1692 915 83 20 140:114

1228 956 1 10 I
1440 946 34 18 276

1228 968 1 15 |

197 1009 10 14 3
226 1004 40 20 Val
283 1011 25 13 av
325 1004 36 20 två
376 1003 136 26 fullmäktige
528 1003 67 27 jämte
612 1005 31 19 tre
659 1003 137 27 suppleanter
808 1004 5 20 i
825 1004 208 26 riksgäldskontoret.
1035 999 14 35 |
1074 1013 7 9 >
1228 995 1 13 |
1323 1011 1 38 |
1434 1007 44 17 277-
1598 1004 52 21 41:1
1691 1005 84 20 |40:115

1440 1037 34 17 279

200 1098 4 15 1
226 1093 38 20 Val
290 1100 26 12 av
342 1092 86 21 valmän
452 1092 39 21 och
515 1092 138 26 suppleanter
669 1092 32 20 för
717 1093 102 20 utseende
835 1100 26 13 av
877 1093 135 27 fullmäktige
1028 1095 6 19 i
1050 1092 56 23 1928
1228 1107 1 8 |
1600 1093 31 20 18:
1645 1099 22 15 Tö
1701 1093 31 20 |A

176 1122 1 10 |
241 1122 130 21 riksbanken
388 1122 38 21 och
443 1122 209 26 riksgäldskontoret.

198 1188 8 14 2
226 1182 40 20 Val
282 1189 25 13 av
325 1183 34 19 två
375 1182 136 26 fullmäktige
527 1182 67 26 jämte
611 1183 30 19 tre
658 1182 137 26 suppleanter
811 1183 5 19 i
833 1182 135 21 riksbanken.
1073 1191 8 9 »
1434 1185 45 18 244-
1599 1183 32 20 34:
1643 1188 24 15 65
1671 1179 19 35 |
1692 1183 32 20 37:
1737 1188 39 16 140

1440 1215 34 17 246

197 1277 9 14 3
226 1272 39 20 Val
283 1279 25 12 av
325 1271 133 25 ordförande,
476 1272 35 20 två
527 1271 136 26 fullmäktige
678 1272 68 26 jämte
762 1273 30 18 tre
809 1272 137 26 suppleanter
961 1273 6 19 i
984 1273 50 20 riks-
1035 1267 14 35 |
1073 1281 8 9 >
1434 1269 46 34 247-]
1600 1273 32 19 34:
1643 1278 25 16 66
1672 1268 18 34 |
1692 1273 33 19 37:
1738 1277 38 16 140

240 1297 165 35 gäldskontoret.
1440 1305 35 17 249

200 1366 7 15 i
227 1361 38 20 Val
290 1367 25 14 av
339 1361 86 20 valmän
449 1360 40 21 och
513 1360 137 27 suppleanter
669 1361 32 20 för
717 1361 101 20 utseende
834 1368 26 13 av
876 1361 135 26 fullmäktige
1028 1363 5 20 i
1050 1360 56 23 1929
1365 1350 1 7 |
1613 1360 67 22 9:81
1700 1361 53 21 10::5

240 1391 129 20 riksbanken
386 1391 39 20 och
441 1390 210 26 riksgäldskontoret.
1537 1399 1 22 |

1536 1422 2 18 I

199 1455 8 15 2
227 1450 38 20 Val
282 1457 26 13 av
325 1452 30 18 tre
372 1450 136 26 fullmäktige
524 1452 56 18 samt
596 1452 31 18 tre
643 1450 137 26 suppleanter
796 1451 5 19 i
818 1450 136 21 riksbanken.
1073 1459 8 9 >
1440 1454 34 17 62-
1536 1445 2 48 |
1600 1451 66 20 15:45
1668 1447 18 35 |
1701 1451 52 20 19:3

1446 1484 23 18 65

198 1545 9 14 3
227 1540 39 19 Val
285 1547 26 12 av
328 1540 35 20 två
379 1539 136 26 fullmäktige
531 1542 55 18 samt
603 1541 30 19 tre
649 1540 137 27 suppleanter
802 1540 5 20 i
824 1540 208 26 riksgäldskontoret.
1037 1535 15 36 |
1073 1549 8 9 >»
1440 1541 34 17 66-
1599 1540 68 20 15:46
1669 1536 23 35 |
1701 1540 53 21 19:4

1446 1571 23 17 68

1175 1598 1 13 |
1537 1592 1 31 |

200 1635 7 15 1
227 1629 39 21 Val
290 1636 26 14 av
340 1629 85 20 valmän
449 1629 40 21 och
513 1629 137 26 suppleanter
669 1630 32 20 för
717 1629 100 21 utseende
834 1637 26 13 av
876 1630 136 26 fullmäktige
1027 1631 7 20 i
1050 1629 57 22 /1930|
1174 1633 2 31 |
1537 1625 2 36 |
1601 1629 52 21 lg
1702 1630 32 20 oda

242 1659 130 21 riksbanken
388 1660 40 20 och
445 1659 210 26 riksgäldskontoret.
1174 1673 2 18 I

1174 1692 2 20 |
1538 1697 1 9 |

199 1725 9 14 2
227 1719 41 20 Val
284 1726 26 13 av
326 1720 36 19 två
377 1719 136 26 fullmäktige
529 1720 56 19 samt
601 1721 30 18 tre
648 1719 137 27 suppleanter
800 1720 6 19 i
823 1720 135 20 riksbanken.
1073 1728 8 9 >
1174 1713 2 35 |
1435 1721 45 17 310-
1538 1709 1 40 |
1600 1720 54 20 39:2
1663 1716 28 35 |
1700 1720 54 20 40:3

1174 1753 2 17 |
1440 1750 35 18 312
1538 1751 1 20 I

1174 1777 2 8 |
1538 1772 1 14 |

803 1805 3 8 )
1174 1791 2 5 |
1538 1788 1 20 |

199 1813 9 16 3
227 1808 40 20 Val
284 1815 27 13 av
328 1809 34 20 två
378 1808 136 26 fullmäktige
530 1810 55 19 samt
601 1810 31 19 tre
649 1809 137 26 suppleanter
801 1816 7 13 i
824 1809 209 26 riksgäldskontoret.
1037 1804 14 35 |
1073 1817 8 9 >
1174 1799 2 37 |
1435 1810 53 19 318-1
1538 1821 1 7 |
1600 1808 153 21 39:2-1-40:4

1174 1837 2 7 I
1440 1840 35 17 315

196 1867 289 37 Fullmäktigesystemet.
1174 1846 2 57 |

226 1904 38 20 RD
283 1904 102 24 anhåller,
406 1906 31 18 att
456 1904 60 20 KM:t
535 1905 66 20 måtte
620 1904 114 20 verkställa
750 1911 26 14 en
792 1904 196 26 förutsättningslös
1004 1902 102 23 ut-|1926]
1174 1905 1 3 I
1248 1904 27 20 531
1301 1904 54 20 6121
1407 1904 12 20 6
1494 1899 45 35 154/
1601 1904 67 21 19:85
1688 1905 32 20 |19:
1731 1904 47 21 105d

242 1933 96 26 redning,
362 1934 106 20 huruvida
491 1934 40 20 och
554 1934 6 20 i
584 1934 41 20 vad
649 1934 50 20 mån
722 1934 239 26 fullmäktigesystemet
976 1935 58 19 inom
1174 1935 2 12 I

242 1963 210 27 statsförvaltningen
476 1964 39 20 och
539 1963 26 21 de
584 1963 167 21 affärsdrivande
767 1964 78 20 verken
862 1964 37 20 bör
915 1964 119 25 avvecklas,
1174 1953 2 46 |

242 1993 112 26 begränsas
370 1993 52 21 eller
439 1994 117 20 bibehållas
572 1995 100 19 ävensom
689 1994 7 20 i
712 1994 68 26 övrigt
795 1994 144 26 förenklingar
950 1994 40 20 och
1002 1994 31 20 be-
1174 2000 1 13 I

241 2023 109 26 sparingar
368 2024 28 26 på
414 2023 59 21 detta
491 2024 40 20 och
550 2024 163 20 närbesläktade
732 2024 102 20 områden
850 2025 36 19 må
901 2023 75 21 kunna
991 2024 42 20 vid-
1174 2021 2 59 |
1365 2049 1 31 |

240 2055 67 23 tagas.
