1846 2359
165 156 42 21 158
899 163 136 15 SAKREGISTER

184 441 168 28 Avsöndringar
367 449 26 14 m.
410 449 27 14 m.

171 477 25 16 38
214 472 37 21 RD
276 473 113 26 medgiver,
413 475 32 18 att
467 480 26 13 en
510 474 7 19 i
533 470 231 31 statsrådsprotokollet
779 474 129 20 omförmäld
923 474 100 26 lägenhet

229 509 35 14 om
288 503 64 21 0.277
377 503 76 20 hektar
476 504 35 19 må
534 504 48 20 från
601 504 198 26 kronoegendomen
820 504 10 20 1
848 504 82 20 mantal
946 503 77 21 Gesala

229 540 25 13 nr
270 532 12 21 2
299 533 7 20 i
322 533 141 21 Romfartuna
479 533 77 21 socken
572 534 105 26 försäljas.

199 618 61 19 Inom
279 617 150 27 Kopparbergs
444 617 45 20 län:

171 652 24 16 39
213 647 38 20 RD
274 647 115 26 medgiver,
413 649 32 19 att
463 648 47 19 från
526 647 199 26 kronoegendomen
742 648 61 20 Stora
818 648 39 20 och
874 648 54 20 Lilla
943 643 79 25 Åvesta

228 678 36 19 må
285 677 34 20 till
342 677 82 27 Krylbo
447 678 80 26 köping
541 678 99 26 försäljas
656 678 45 21 dels
717 678 36 20 det
769 679 12 19 å
797 678 225 27 byggnadsstyrelsens

228 707 203 27 stadsplaneritning
454 707 49 21 med
520 709 18 19 A
554 708 130 20 betecknade
703 708 87 20 område
808 709 67 26 jämte
891 715 26 13 av
933 708 89 20 domän-

228 738 103 26 styrelsen
350 738 92 26 angivna
460 738 119 27 jordremsa
595 738 32 20 för
643 745 26 13 en
685 738 144 26 köpeskilling
844 745 26 14 av
886 738 27 21 20
924 738 41 20 600
982 738 39 25 kr.,

228 768 45 20 dels
297 768 26 20 de
346 769 13 19 å
382 774 83 14 samma
485 768 80 26 ritning
584 768 49 20 med
653 768 17 20 B
686 768 39 20 och
742 768 16 20 C
774 768 130 20 betecknade
920 768 102 20 områden

227 799 67 25 jämte
311 798 50 20 därå
377 798 90 26 belägna
482 798 122 27 byggnader
619 798 33 20 för
663 805 25 13 en
700 798 143 26 köpeskilling
854 805 26 14 av
892 798 26 20 37
929 798 41 21 300
982 799 39 24 kr.,

228 828 45 20 dels
297 828 26 20 de
346 829 12 19 å
380 828 107 26 ritningen
506 828 50 20 med
575 828 28 20 D!
623 828 39 20 och
678 828 28 20 D?
723 829 92 25 angivna
830 828 102 21 områden
947 829 33 19 för
996 835 25 14 en

228 858 143 27 köpeskilling
394 865 26 14 av
443 858 64 21 4300
524 858 31 20 kr.
572 858 40 20 och
629 858 45 21 dels
691 858 35 20 det
742 859 12 19 å
769 859 106 25 ritningen
892 858 50 21 med
957 859 18 19 E
991 860 30 19 ut-

228 888 84 20 märkta
328 888 86 20 område
430 888 33 20 för
478 895 26 13 en
520 888 144 27 köpeskilling
679 895 27 14 av
724 888 25 20 12
759 888 42 20 800
818 889 30 20 kr.

187 984 6 14 1
213 979 37 19 RD
269 978 123 26 godkänner
410 979 7 20 i
436 978 232 27 statsrådsprotokollet
683 978 124 21 omförmält
822 978 57 21 avtal
895 978 41 20 den
954 978 10 20 1
983 978 39 20 och

228 1008 41 21 den
293 1008 26 20 13
343 1009 52 20 febr.
421 1008 56 20 1917
502 1008 79 21 mellan
605 1008 204 27 järnvägsstyrelsen
833 1008 39 20 och
896 1008 126 20 Sundsvalls

228 1038 53 25 stad,
299 1038 40 20 den
356 1039 27 19 22
400 1039 43 20 okt.
460 1039 40 20 och
516 1038 41 20 den
574 1038 26 20 21
618 1038 44 21 dec.
681 1038 56 20 1923
754 1038 79 20 mellan
849 1038 173 26 järnvägsstyrel-

228 1074 37 14 sen
289 1068 39 20 och
344 1068 125 25 Hallsbergs
485 1068 86 26 köping,
589 1068 41 20 den
647 1068 26 20 26
691 1070 52 24 sept.
760 1068 40 20 och
816 1067 42 21 den
874 1068 13 19 4
904 1068 42 19 okt.
966 1067 55 20 1923

228 1098 79 20 mellan
330 1097 254 26 distriktsförvaltningen
608 1098 35 20 vid
667 1100 80 18 statens
762 1098 123 26 järnvägars
901 1097 19 20 V
937 1097 85 21 distrikt

228 1129 56 19 samt
299 1128 36 20 Mo
351 1128 39 20 och
406 1128 89 26 Domsjö
512 1128 127 25 aktiebolag,
656 1128 41 20 den
714 1128 12 20 6
743 1128 39 20 och
799 1127 41 20 den
856 1127 28 20 28
901 1134 46 14 nov.
966 1127 55 20 1923

227 1158 80 20 mellan
324 1157 94 21 nämnda
434 1157 228 26 distriktsförvaltning
677 1158 40 20 och
728 1154 166 24 Örnsköldsviks
911 1157 48 20 stad
967 1159 56 18 samt

228 1187 41 21 den
294 1187 25 21 10
344 1187 44 21 dec.
414 1187 56 21 1923
495 1187 79 21 mellan
593 1187 203 27 järnvägsstyrelsen
816 1187 39 21 och
871 1187 19 20 J.
907 1187 39 20 Th.
963 1187 59 20 Plån-

227 1218 58 26 borg,
309 1219 101 19 ävensom
434 1217 79 21 avtalet
536 1217 50 21 med
610 1217 125 21 Sundsvalls
759 1217 53 24 stad,
832 1218 8 19 i
855 1217 42 20 vad
912 1217 36 20 det
964 1223 60 14 avser

228 1248 120 26 upplåtelse
371 1254 26 14 av
421 1249 79 19 statens
523 1248 113 26 järnvägar
658 1247 96 26 tillhörig
772 1247 61 20 mark
849 1247 117 24 därstädes;
984 1247 38 20 och

227 1277 109 26 medgiver
359 1277 44 25 RD,
428 1280 31 18 att
482 1277 41 21 den
546 1277 163 26 telegrafverket
733 1277 107 26 tillhöriga
855 1277 128 26 fastigheten
999 1283 25 13 nr

230 1307 26 20 13
280 1308 6 20 i
306 1308 106 20 kvarteret
428 1307 143 21 Pelarbacken
587 1309 65 19 större
668 1308 8 19 i
692 1307 124 21 Stockholm
836 1307 39 20 och
891 1309 31 18 ett
937 1306 86 21 område

228 1344 35 13 om
269 1332 80 38 högst
359 1337 91 29 0.0750
475 1337 76 21 hektar
574 1344 26 14 av
624 1339 79 19 statens
722 1338 113 26 järnvägar
851 1337 96 26 tillhörig
962 1336 61 21 mark

228 1367 36 21 vid
287 1367 170 21 Förslövsholms
480 1368 168 26 järnvägstation
672 1368 36 19 må
731 1367 98 26 försäljas
852 1366 68 21 under
940 1366 84 25 villkor,

229 1404 44 13 som
298 1404 26 13 av
348 1398 60 19 KM:t
426 1397 126 24 fastställas;
569 1397 39 20 och
625 1397 94 20 besluter
734 1397 44 25 RD,
795 1399 32 18 att
842 1397 26 20 de
884 1397 77 24 medel,
978 1403 45 13 som

229 1428 7 19 i
252 1427 115 26 anledning
382 1434 26 13 av
424 1427 140 20 förenämnda
580 1427 193 26 markupplåtelser
788 1427 76 26 inflyta
880 1427 33 20 till
929 1426 95 26 telegraf-

229 1457 73 21 verket
317 1457 38 20 och
380 1459 81 19 statens
483 1458 119 25 järnvägar,
626 1457 61 20 skola
703 1457 123 26 disponeras
842 1457 7 19 i
865 1456 94 26 enlighet
975 1456 49 20 med

229 1487 26 20 de
271 1487 7 20 i
295 1487 231 26 statsrådsprotokollet
542 1487 91 26 angivna
648 1486 99 27 grunder.

187 1563 9 15 2
215 1558 86 30 Förslag
324 1565 46 19 ang.
394 1559 75 26 utbyte
493 1565 26 14 av
542 1558 61 21 mark
626 1558 80 21 mellan
730 1558 80 20 kronan
827 1558 40 20 och
883 1558 142 25 aktiebolaget

230 1588 114 21 Öfverums
360 1588 54 21 bruk
430 1588 76 21 avslås.

200 1666 62 20 Inom
280 1665 129 22 Stockholms
424 1666 45 21 län:

187 1701 9 15 3
214 1696 37 20 RD
277 1696 109 26 medgiver
411 1696 127 27 försäljning
561 1703 26 13 av
610 1697 31 19 ett
663 1696 8 20 i
694 1695 231 27 statsrådsprotokollet
948 1695 75 21 omför-

229 1726 54 20 mält
298 1726 106 26 obebyggt
419 1726 93 25 område,
530 1727 103 19 benämnt
649 1726 155 25 Sörhagskiftet
820 1726 51 20 eller
887 1725 136 26 Grindängen

229 1756 48 20 från
300 1756 199 27 kronoegendomen
519 1755 27 29 !/,
566 1756 82 20 mantal
664 1756 70 26 Bärby
750 1763 25 13 nr
792 1756 12 20 5
821 1755 40 21 litt.
878 1756 18 19 E
912 1756 7 19 i
935 1755 89 26 Faringe

229 1786 84 20 socken.

200 1858 60 20 Inom
284 1857 96 28 Uppsala
396 1858 46 20 län:

187 1893 10 15 4
214 1888 38 20 RD
268 1888 115 26 medgiver,
399 1890 32 18 att
446 1890 31 18 ett
492 1888 7 19 i
516 1887 232 26 statsrådsprotokollet
756 1887 124 20 omförmält
890 1886 87 21 område
988 1893 35 14 om

231 1918 77 20 1.0435
326 1918 76 20 hektar
417 1925 26 13 av
459 1918 217 20 landssekreterarens
692 1918 7 19 i
715 1917 95 26 Uppsala
821 1917 34 20 län
871 1917 14 19 f.
900 1917 20 20 d.
932 1917 91 25 lönings-

229 1947 48 27 jord
293 1946 39 22 må
344 1947 99 27 försäljas
458 1947 34 20 till
508 1947 95 27 Uppsala
618 1947 48 20 stad
679 1947 33 20 för
720 1953 26 14 en
755 1947 143 26 köpeskilling
908 1953 26 14 av
944 1946 26 20 15
981 1946 42 20 652

230 1977 30 20 kr.
286 1977 27 20 50
336 1979 34 19 öre
386 1979 57 19 samt
458 1977 68 21 under
546 1977 79 21 villkor
640 1977 5 19 i
663 1977 74 26 övrigt,
754 1978 31 19 att
800 1976 170 27 köpeskillingen
987 1976 35 20 vid

229 2007 104 20 tillträdet
348 2007 91 21 kontant
454 2007 105 21 inbetalas
575 2006 33 21 till
624 2006 151 27 länsstyrelsen
789 2007 8 19 i
814 2006 93 26 Uppsala
916 2006 42 25 län,
967 2008 57 18 samt

230 2039 32 18 att
276 2037 96 27 Uppsala
387 2037 48 20 stad
451 2037 134 20 vidkännnes
601 2036 42 20 alla
658 2036 50 21 med
724 2036 106 21 områdets
841 2036 135 27 avskiljande
983 2036 39 20 och

230 2067 77 26 lagfart
322 2068 13 19 å
350 2067 73 26 fånget
437 2067 101 20 förenade
554 2066 120 21 kostnader.

1031 213 48 53 ES
1111 227 41 34 SA
1182 217 11 2 S
1493 233 54 17 Riks-

1058 256 89 28 Ake
1211 280 3 4 :
1327 251 94 18 Utskotts-
1484 263 73 22 dagens
1614 264 119 17 Kamrarnas

1058 287 17 12 x
1086 276 21 31 |
1112 282 11 9 ">
1135 285 17 12 >
1169 280 94 18 [Motioner
1315 276 111 32 utlåtanden
1509 293 29 17 ki
1600 293 96 18 förbandli

1058 303 11 10 a
1111 302 41 19 55
1302 311 35 17 ller
1350 311 98 17 memorial
1508 298 24 12 RE
1608 296 61 15 ÖSTRAN
1691 298 54 18 EES

1058 317 17 27 &
1111 315 40 31 22
1291 316 10 12 5
1490 323 63 18 velser

1053 348 16 25 2
1111 345 39 23 låg

1058 377 17 11 >
1112 370 35 27 lag
1284 371 58 25 elr
1440 379 16 19 LM
1493 389 10 8 mv
1515 373 20 31 |
1541 379 17 19 el
1587 377 68 18 Första
1662 373 21 31 |
1688 377 66 18 Andra

1058 392 11 10 3
1111 388 36 40 "3
1173 389 87 17 FSS
1284 397 17 32 2
1326 395 17 30 å
1378 385 17 43 Zz
1440 400 17 24 &
1493 389 17 27 é
1541 400 17 24 &]
1584 402 70 17 kamm.
1685 380 70 47 kärna.

1038 473 54 20 19231
1109 473 42 21 216
1276 474 25 20 10
1380 474 27 21 461
1455 474 67 21 8302)
1548 479 9 16 71
1587 474 69 22 38:63
1658 470 14 35 |
1688 474 70 22 40:88

1113 509 34 22 p-9

1060 655 9 11 »
1109 648 42 20 1216
1221 648 80 20 264110
1379 648 27 21 46
1408 644 19 36 |
1454 648 67 21 11302)
1547 653 8 16 11
1587 648 69 21 38:63
1660 644 15 36 |
1674 644 40 36 40:
1725 648 41 21 88d

1113 683 33 23 gt

1037 976 57 23 1924]
1117 979 26 20 51
1276 977 26 21 10
1381 978 26 20 52
1480 974 40 34 281
1580 976 33 21 38:
1625 981 38 16 107|
1689 978 33 20 38:
1733 983 25 15 69

1062 1564 9 11 >
1111 1556 42 20 [220
1222 1555 81 22 456110
1381 1555 27 21 65
1481 1554 42 21 286
1580 1555 34 21 41:
1626 1555 40 21 85dl
1682 1554 34 21 41:
1727 1554 41 21 53d

1062 1693 83 21 32
1277 1693 26 20 10
1381 1693 27 20 221
1456 1692 100 22 sll41l11]
1589 1693 70 20 26:52]
1691 1692 68 21 26:14

1115 1729 34 22 p.6

1062 1893 8 10 >
1094 1880 18 36 1
1119 1885 26 20 72
1277 1884 26 21 10
1382 1885 27 19 221
1456 1884 101 21 sjl4lli1l
1589 1885 68 20 26:52]
1690 1884 69 21 26:14

1115 1920 34 22 p.å
