1837 2357
178 74 40 23 196

1106 187 25 19 Är
1131 162 14 52 |
1153 190 54 20 Brops
1231 162 100 30 Motioner
1379 161 89 30 Utskott
1513 162 57 59 Skriv.
1632 161 94 30 Protokoll

1236 220 32 15 FK
1270 210 23 36 |
1299 220 34 15 AK
1356 219 84 16 |SmilAvd|
1464 219 27 16 Nr
1610 220 32 15 FK
1708 220 35 15 AK

195 291 180 25 DANIELSSON,
389 292 28 24 J.,
431 292 144 20 underofficer
587 297 28 14 av
628 292 33 19 2:a
674 292 81 25 graden
768 291 37 20 vid
819 291 86 20 flottan.

222 321 42 21 RD
276 322 72 20 avslår
358 322 84 19 motion
454 327 34 14 om
501 321 119 20 understöd
631 322 24 19 åt
666 321 54 20 hans
731 321 64 21 änka.
1107 321 27 19 45]
1175 332 27 2 —|
1247 320 26 20 581
1311 332 27 2 —I
1373 320 60 20 81|—1]
1472 320 25 20 271
1536 320 85 20 —I119:
1633 321 88 20 49.119;
1733 323 24 17 68

1460 358 14 10 s.
1486 352 11 17 3

195 381 153 25 DANMARK;
360 387 22 14 se
394 381 163 26 Kreditgivning
569 381 63 26 (1945
642 381 38 27 H),
694 381 132 20 Skatteväsen
840 380 70 27 (1944:
924 380 39 27 12),
979 380 108 21 Traktater

222 411 63 27 (1945
295 411 28 24 H,
336 411 59 24 1946,
409 411 59 20 1947:
481 413 17 21 6,
511 411 60 20 1948:
584 413 31 21 10,
630 413 29 21 11,
672 410 60 21 1949:
745 410 26 27 4),
785 410 211 21 Väderleksstationer
1006 410 79 27 (1950).

194 459 159 20 DANMARKS
368 459 246 24 BEFRIELSEKAMP;
629 465 22 13 se
669 458 180 27 Interpellationer
864 458 70 27 (1945:
948 458 40 26 97).

194 507 159 20 DANMARKS
365 506 135 21 RIKSDAG.

223 543 17 20 1.
256 543 125 20 Kamrarna
391 543 112 26 uppdraga
513 543 24 20 åt
545 542 47 20 sina
601 542 84 20 talmän
695 544 34 18 att
738 542 33 20 till
782 542 124 20 Danmarks
915 542 88 26 riksdag
1011 542 74 20 avlåta
1093 536 14 37 |
1106 541 27 19 45]
1176 553 26 2 —I
1247 552 26 2 —
1312 552 121 2 —I—!I—]|
1471 552 28 3 —I
1536 540 121 20 —]20:1d
1662 536 19 37 |
1689 541 33 20 20:
1735 541 23 20 1d

193 572 275 27 lyckönskningstelegram
480 572 50 20 med
543 572 42 20 anl.
599 578 28 14 av
639 573 34 19 att
686 572 70 20 denna
769 572 42 20 den
823 572 12 20 8
848 572 43 26 maj
907 572 52 20 1945
972 572 47 20 åter
1030 577 56 14 sam-

192 602 133 21 manträder.

221 633 19 20 2.
259 632 124 20 Danmarks
395 632 98 26 riksdags
506 632 173 26 svarstelegram.
1117 637 8 12 »|l
1175 642 27 2 —Il
1246 642 27 2 —I
1311 642 122 1 —Il——I|
1471 641 27 2 —I
1536 630 106 19 —121:9
1688 631 67 19 121:21

194 679 81 26 DANS,
290 679 162 25 OFFENTLIG;
465 686 22 13 se
502 679 202 26 Danstillställning,
721 679 180 27 Interpellationer
914 679 70 26 (1942:
997 679 39 26 46).

194 727 96 21 DANSK
300 725 145 27 BOKGÅVA;
457 733 22 14 se
492 727 98 26 Bokgåva
601 727 80 26 (1949).

194 769 115 21 DANSKA
323 769 162 24 ARBETARE;
500 775 21 13 se
538 769 180 26 Interpellationer
731 768 70 27 (1946:
814 769 40 26 63).

194 810 116 21 DANSKA
322 810 86 25 BARN;
421 816 21 14 se
455 810 76 20 Hälso-
543 810 36 20 och
591 810 101 26 sjukvård
703 810 63 26 (1943
776 810 28 20 H:
816 810 27 26 3).

194 851 116 22 DANSKA
321 852 125 24 KURSER;
459 858 21 13 se
494 852 122 20 Folkskolor
627 852 70 26 (1945:
711 852 25 25 2).

195 893 114 22 DANSKA
323 893 184 25 SKILJEMYNT;
520 899 25 14 se
557 893 127 26 Myntväsen
698 893 79 27 (1947).

194 931 297 29 DANSTILLSTÄLLNING,
503 934 159 21 OFFENTLIG.

221 971 42 21 AK
275 971 72 20 avslår
357 971 84 20 motion
453 976 49 21 ang.
515 971 79 20 förbud
605 971 34 20 för
650 971 95 26 ungdom
757 971 69 19 under
837 970 91 20 aderton
940 971 24 20 år
974 972 35 18 att
1020 970 66 20 vinna
1107 969 27 20 |48]
1175 981 28 2 —
1205 964 24 38 |
1246 981 27 2 —]|
1298 968 87 20 220113
1385 964 20 38 |
1423 969 7 19 1
1488 969 6 19 1
1536 980 27 2 —]
1616 980 26 2 —
1702 969 19 20 8:
1732 969 39 20 47d

193 1001 97 21 tillträde
303 1001 33 20 till
350 1001 99 26 offentlig
463 1000 198 26 danstillställning.

222 1031 26 20 Se
263 1031 40 20 ock
319 1030 181 27 Interpellationer
510 1030 62 26 (1941
584 1031 27 20 H:
625 1031 40 26 19),
678 1030 69 26 (1942:
760 1030 40 26 46),
812 1029 131 27 Rusdrycker
951 1030 70 26 (1946:
1034 1030 26 26 3).

195 1072 201 24 DATUMBLOCK;
409 1078 22 13 se
446 1071 112 21 Tulltaxan
571 1072 70 25 (1943:
654 1072 26 25 3).
1055 1067 2 2 ;

195 1113 38 21 DE
246 1113 55 25 NIO,
316 1112 180 25 SAMFUNDET;
509 1119 22 14 se
545 1113 124 26 Samfundet
684 1113 31 19 De
728 1113 51 23 Nio,
794 1113 132 20 Skatteväsen
940 1112 70 27 (1947:
1023 1112 26 26 7).

195 1154 285 21 DECENTRALISERING.

222 1191 43 19 RD
280 1192 92 24 antager
386 1190 35 26 lag
436 1196 35 14 om
486 1190 93 26 ändring
593 1190 7 19 i
614 1190 208 26 giftermålsbalken,
838 1190 34 26 lag
887 1195 49 21 ang.
952 1190 92 25 ändring
1058 1195 28 14 av
1107 1188 27 20 |481|
1164 1188 38 19 178
1210 1183 28 37 |
1247 1200 26 2 —I
1312 1200 27 1 —IJI
1373 1188 12 19 9/1
1423 1188 7 19 11
1472 1188 26 19 361
1523 1187 40 20 2181
1588 1187 68 20 20:57
1658 1183 24 37 |
1689 1188 32 20 20:
1736 1190 37 17 105]

194 1220 62 26 lagen
268 1220 42 20 den
321 1220 27 20 30
359 1220 43 25 maj
418 1220 53 19 1916
482 1220 35 25 (nr
529 1219 48 26 156)
589 1225 35 14 om
636 1220 57 19 vissa
704 1219 183 26 inskränkningar
897 1220 7 19 i
915 1221 72 18 rätten
999 1221 35 18 att
1045 1219 42 20 för-

194 1252 69 18 värva
275 1250 45 19 fast
332 1250 105 25 egendom
450 1249 50 20 eller
512 1255 68 20 gruva
593 1249 50 20 eller
655 1249 70 20 aktier
737 1249 6 20 i
756 1249 57 20 vissa
826 1249 70 26 bolag,
909 1249 35 25 lag
956 1255 35 14 om
1003 1249 83 20 ändrad

194 1279 81 26 lydelse
287 1285 29 14 av
327 1279 13 20 4
352 1279 41 20 och
404 1279 12 19 6
428 1279 21 25 $$
461 1279 62 26 lagen
536 1279 41 19 den
591 1279 24 19 18
626 1279 48 25 juni
688 1278 52 20 1925
752 1279 35 25 (nr
798 1278 49 26 219)
859 1284 49 20 ang.
921 1279 79 19 förbud
1012 1278 6 20 i
1030 1279 56 19 vissa

194 1309 38 20 fall
245 1309 33 20 för
291 1308 70 27 bolag,
375 1308 99 26 förening
487 1309 40 19 och
540 1308 92 20 stiftelse
645 1310 35 18 att
692 1308 102 20 förvärva
808 1308 44 20 fast
864 1308 106 26 egendom
983 1310 58 18 samt
1053 1308 34 25 lag

194 1344 49 20 ang.
252 1338 84 20 ändrad
344 1338 81 26 lydelse
433 1344 28 14 av
469 1338 13 20 4
490 1339 10 24 $
507 1338 63 26 lagen
578 1338 42 19 den
628 1338 24 20 21
663 1338 45 20 dec.
719 1338 52 20 1945
780 1338 35 26 (nr
821 1337 50 26 872)
880 1344 35 13 om
923 1337 164 26 verkställighet

194 1375 29 13 av
232 1368 142 20 frihetsstraff
382 1374 29 14 m.
421 1374 29 14 m.
460 1367 116 26 (avseende
586 1367 162 26 överflyttande
757 1373 29 14 av
794 1367 58 20 vissa
861 1367 33 20 till
902 1367 185 26 justitiedeparte-

194 1399 85 19 mentet
292 1398 97 20 hörande
401 1397 95 21 ärenden
510 1397 48 20 från
571 1397 64 20 KM:t
648 1397 32 20 till
694 1397 153 20 underordnad
860 1397 129 26 myndighet
1002 1403 28 14 m.
1041 1397 45 26 m.).

223 1428 26 20 Se
261 1428 40 19 ock
316 1427 180 27 Interpellationer
507 1427 70 26 (1944:
591 1427 25 26 1),
630 1427 207 26 Statsförvaltningen
850 1427 79 26 (1947).

196 1464 374 28 DECHARGEBETÄNKANDET;
582 1474 21 14 se
616 1468 180 26 Anmärkningar.

196 1510 313 25 DECHARGEDEBATTEN;
533 1516 22 13 se
579 1510 174 26 Anmärkningar
776 1511 65 25 (spec.
869 1510 58 23 1941,
953 1510 59 20 1942:
1025 1512 17 21 3,
1069 1512 16 21 4,

224 1540 106 27 1948/50).

196 1588 177 24 DEGERFORS;
387 1594 21 14 se
422 1587 159 26 Avsöndringar
594 1587 70 26 (1945:
678 1587 38 26 11).

197 1623 251 25 DEKLARATIONER;
462 1629 21 14 se
499 1623 179 26 Interpellationer
691 1623 70 26 (1945:
774 1625 30 21 20;
821 1623 58 20 1946:
892 1623 40 25 39).

197 1671 408 24 DEKLARATIONSGRANSKNING;
622 1677 21 13 se
660 1670 131 21 Skatteväsen
808 1670 70 26 (1947:
892 1671 39 25 14).

196 1718 432 25 DEKLARATIONSHEMLIGHETEN;
642 1724 22 14 se
679 1718 131 20 Skatteväsen
824 1718 70 26 (1946:
907 1718 40 25 22).

197 1766 326 24 DEKLARATIONSMORAL;
537 1772 22 13 se
574 1765 131 20 Skatteväsen
720 1765 63 26 (1945
793 1765 28 24 H;
838 1765 67 26 1948).

197 1813 197 25 DELCREDERE;
408 1819 22 14 se
442 1813 145 20 Kommission
601 1813 79 26 (1946).

197 1851 120 30 DELNING
340 1861 35 20 AV
398 1861 83 24 JORD;
503 1867 22 13 se
548 1860 186 26 Fiskerinäringen
757 1860 69 26 (1950:
839 1860 26 26 2);
886 1860 200 22 Lantmäteriväsen;

226 1890 133 26 Vattenlagen
375 1892 58 18 samt
448 1890 78 20 nedan.

196 1932 121 20 DELNING
328 1932 36 20 AV
376 1932 73 20 JORD
461 1929 18 22 Å
490 1932 119 24 LANDET,
620 1931 91 20 LAGEN
723 1931 39 20 OM
777 1931 30 21 M.
824 1931 29 20 M.

222 1968 55 25 Ang.
292 1968 84 19 ändrad
389 1967 80 26 lydelse
483 1973 28 14 av
526 1967 25 20 10
564 1967 50 26 kap.
631 1967 43 25 11$
687 1967 40 20 och
743 1967 24 20 19
780 1967 50 26 kap.
847 1967 36 25 1$;
897 1973 22 13 se
934 1967 151 20 Fornminnen.

222 1998 55 25 Ang.
291 1997 83 20 ändrad
388 1997 80 26 lydelse
481 2003 28 14 av
521 1997 24 20 21
560 1997 50 26 kap.
624 1997 26 20 36
660 1998 16 24 $;
690 2003 21 13 se
726 1997 196 26 Rättegångsbalken
936 1997 37 25 (1).

223 2033 42 20 RD
280 2033 72 20 avslår
367 2033 83 20 motion
465 2039 35 14 om
515 2033 44 19 viss
574 2033 91 26 ändring
680 2032 6 20 i
703 2033 24 19 19
742 2033 50 25 kap.
810 2032 43 25 10$
867 2032 217 26 jorddelningslagen.
1089 2027 15 36 |
1106 2031 27 20 438]
1174 2043 27 2 —
1204 2027 19 36 |
1245 2043 28 2 —J|
1299 2031 38 20 138
1373 2031 9 19 9
1395 2025 2 2 |
1601 2030 55 20 8:36
1660 2026 27 34 |
1702 2031 54 20 8:42

1311 2072 74 20 4319
1421 2073 12 19 1321
1472 2073 25 19 34)
1590 2072 30 20 17
1632 2072 37 19 710)
1690 2072 80 20 178950

1246 2073 12 20 I

1260 2073 12 20 [I

1421 2031 12 19 Nn

1486 2031 11 19 -

1536 2043 28 2 I

224 2075 17 19 1.
251 2074 43 20 RD
304 2074 71 20 avslår
384 2074 107 20 motioner
499 2080 35 14 om
544 2074 103 26 tillfälligt
656 2074 78 20 förbud
744 2075 46 19 mot
798 2074 152 26 avstyckning,
960 2074 124 25 varigenom
1079 2069 23 35 |
1105 2073 27 20 44]
1175 2085 26 2 —

194 2104 52 20 åker
258 2104 40 20 och
311 2106 42 24 äng
365 2104 74 26 skiljas
451 2104 47 20 från
511 2104 232 26 jordbruksfastighets
756 2104 132 25 skogsmark.
