<?xml version="1.0" encoding="UTF-8"?>
<alto xmlns="http://www.loc.gov/standards/alto/ns-v3#" xmlns:xlink="http://www.w3.org/1999/xlink" xmlns:xsi="http://www.w3.org/2001/XMLSchema-instance" xsi:schemaLocation="http://www.loc.gov/standards/alto/ns-v3# http://www.loc.gov/alto/v3/alto-3-0.xsd">
	<Description>
		<MeasurementUnit>pixel</MeasurementUnit>
		<sourceImageInformation>
			<fileName></fileName>
		</sourceImageInformation>
		<OCRProcessing ID="OCR_0">
			<ocrProcessingStep>
				<processingSoftware>
					<softwareName>tesseract 4.1.1</softwareName>
				</processingSoftware>
			</ocrProcessingStep>
		</OCRProcessing>
	</Description>
	<Layout>
		<Page WIDTH="1834" HEIGHT="2357" PHYSICAL_IMG_NR="0" ID="page_0">
			<PrintSpace HPOS="0" VPOS="0" WIDTH="1834" HEIGHT="2357">
				<ComposedBlock ID="cblock_0" HPOS="1623" VPOS="78" WIDTH="42" HEIGHT="21">
					<TextBlock ID="block_0" HPOS="1623" VPOS="78" WIDTH="42" HEIGHT="21">
						<TextLine ID="line_0" HPOS="1623" VPOS="78" WIDTH="42" HEIGHT="21">
							<String ID="string_0" HPOS="1623" VPOS="78" WIDTH="42" HEIGHT="21" WC="0.96" CONTENT="407"/>
						</TextLine>
					</TextBlock>
				</ComposedBlock>
				<ComposedBlock ID="cblock_1" HPOS="65" VPOS="140" WIDTH="1599" HEIGHT="7">
					<TextBlock ID="block_1" HPOS="65" VPOS="140" WIDTH="1599" HEIGHT="7">
						<TextLine ID="line_1" HPOS="65" VPOS="140" WIDTH="1599" HEIGHT="7">
							<String ID="string_1" HPOS="65" VPOS="140" WIDTH="1599" HEIGHT="7" WC="0.95" CONTENT=" "/>
						</TextLine>
					</TextBlock>
				</ComposedBlock>
				<ComposedBlock ID="cblock_2" HPOS="7" VPOS="936" WIDTH="11" HEIGHT="1037">
					<TextBlock ID="block_2" HPOS="7" VPOS="936" WIDTH="11" HEIGHT="1037">
						<TextLine ID="line_2" HPOS="7" VPOS="936" WIDTH="11" HEIGHT="1037">
							<String ID="string_2" HPOS="7" VPOS="936" WIDTH="11" HEIGHT="1037" WC="0.95" CONTENT=" "/>
						</TextLine>
					</TextBlock>
				</ComposedBlock>
				<ComposedBlock ID="cblock_3" HPOS="62" VPOS="147" WIDTH="7" HEIGHT="1978">
					<TextBlock ID="block_3" HPOS="62" VPOS="147" WIDTH="7" HEIGHT="1978">
						<TextLine ID="line_3" HPOS="62" VPOS="147" WIDTH="7" HEIGHT="1978">
							<String ID="string_3" HPOS="62" VPOS="147" WIDTH="7" HEIGHT="1978" WC="0.95" CONTENT=" "/>
						</TextLine>
					</TextBlock>
				</ComposedBlock>
				<ComposedBlock ID="cblock_4" HPOS="1169" VPOS="203" WIDTH="54" HEIGHT="3">
					<TextBlock ID="block_4" HPOS="1169" VPOS="203" WIDTH="54" HEIGHT="3">
						<TextLine ID="line_4" HPOS="1169" VPOS="203" WIDTH="54" HEIGHT="3">
							<String ID="string_4" HPOS="1169" VPOS="203" WIDTH="54" HEIGHT="3" WC="0.95" CONTENT=" "/>
						</TextLine>
					</TextBlock>
				</ComposedBlock>
				<ComposedBlock ID="cblock_5" HPOS="980" VPOS="255" WIDTH="685" HEIGHT="6">
					<TextBlock ID="block_5" HPOS="980" VPOS="255" WIDTH="685" HEIGHT="6">
						<TextLine ID="line_5" HPOS="980" VPOS="255" WIDTH="685" HEIGHT="6">
							<String ID="string_5" HPOS="980" VPOS="255" WIDTH="685" HEIGHT="6" WC="0.95" CONTENT=" "/>
						</TextLine>
					</TextBlock>
				</ComposedBlock>
				<ComposedBlock ID="cblock_6" HPOS="81" VPOS="164" WIDTH="1575" HEIGHT="154">
					<TextBlock ID="block_6" HPOS="81" VPOS="164" WIDTH="1575" HEIGHT="154">
						<TextLine ID="line_6" HPOS="1128" VPOS="164" WIDTH="484" HEIGHT="28">
							<String ID="string_6" HPOS="1128" VPOS="168" WIDTH="90" HEIGHT="16" WC="0.96" CONTENT="Motioner"/><SP WIDTH="58" VPOS="168" HPOS="1218"/>
							<String ID="string_7" HPOS="1276" VPOS="164" WIDTH="78" HEIGHT="28" WC="0.96" CONTENT="Utskott"/><SP WIDTH="80" VPOS="164" HPOS="1354"/>
							<String ID="string_8" HPOS="1434" VPOS="180" WIDTH="3" HEIGHT="3" WC="0.0" CONTENT="dd"/><SP WIDTH="82" VPOS="180" HPOS="1437"/>
							<String ID="string_9" HPOS="1519" VPOS="168" WIDTH="93" HEIGHT="17" WC="0.96" CONTENT="Protokoll"/>
						</TextLine>
						<TextLine ID="line_7" HPOS="993" VPOS="180" WIDTH="663" HEIGHT="40">
							<String ID="string_10" HPOS="993" VPOS="187" WIDTH="25" HEIGHT="20" WC="0.76" CONTENT="År"/><SP WIDTH="-1" VPOS="187" HPOS="1018"/>
							<String ID="string_11" HPOS="1017" VPOS="183" WIDTH="16" HEIGHT="32" WC="0.76" CONTENT="|"/><SP WIDTH="8" VPOS="183" HPOS="1033"/>
							<String ID="string_12" HPOS="1041" VPOS="191" WIDTH="53" HEIGHT="20" WC="0.92" CONTENT="Prop."/><SP WIDTH="3" VPOS="191" HPOS="1094"/>
							<String ID="string_13" HPOS="1097" VPOS="183" WIDTH="24" HEIGHT="32" WC="0.75" CONTENT="|"/><SP WIDTH="103" VPOS="183" HPOS="1121"/>
							<String ID="string_14" HPOS="1224" VPOS="203" WIDTH="96" HEIGHT="3" WC="0.12" CONTENT="ör"/><SP WIDTH="87" VPOS="203" HPOS="1320"/>
							<String ID="string_15" HPOS="1407" VPOS="180" WIDTH="50" HEIGHT="40" WC="0.3" CONTENT="RN"/><SP WIDTH="4" VPOS="180" HPOS="1457"/>
							<String ID="string_16" HPOS="1461" VPOS="187" WIDTH="18" HEIGHT="28" WC="0.2" CONTENT="Sör"/><SP WIDTH="33" VPOS="187" HPOS="1479"/>
							<String ID="string_17" HPOS="1512" VPOS="205" WIDTH="30" HEIGHT="1" WC="0.5" CONTENT="SM"/><SP WIDTH="-1" VPOS="205" HPOS="1542"/>
							<String ID="string_18" HPOS="1541" VPOS="187" WIDTH="55" HEIGHT="28" WC="0.5" CONTENT="ban"/><SP WIDTH="36" VPOS="187" HPOS="1596"/>
							<String ID="string_19" HPOS="1632" VPOS="205" WIDTH="24" HEIGHT="1" WC="0.3" CONTENT="ed"/>
						</TextLine>
						<TextLine ID="line_8" HPOS="1123" VPOS="221" WIDTH="507" HEIGHT="17">
							<String ID="string_20" HPOS="1123" VPOS="221" WIDTH="31" HEIGHT="16" WC="0.95" CONTENT="FK"/><SP WIDTH="4" VPOS="221" HPOS="1154"/>
							<String ID="string_21" HPOS="1158" VPOS="217" WIDTH="23" HEIGHT="30" WC="0.92" CONTENT="|"/><SP WIDTH="4" VPOS="217" HPOS="1181"/>
							<String ID="string_22" HPOS="1185" VPOS="222" WIDTH="35" HEIGHT="15" WC="0.91" CONTENT="AK"/><SP WIDTH="21" VPOS="222" HPOS="1220"/>
							<String ID="string_23" HPOS="1241" VPOS="222" WIDTH="85" HEIGHT="16" WC="0.0" CONTENT="ISmllAvd]"/><SP WIDTH="25" VPOS="222" HPOS="1326"/>
							<String ID="string_24" HPOS="1351" VPOS="222" WIDTH="25" HEIGHT="16" WC="0.96" CONTENT="Nr"/><SP WIDTH="120" VPOS="222" HPOS="1376"/>
							<String ID="string_25" HPOS="1496" VPOS="222" WIDTH="32" HEIGHT="16" WC="0.96" CONTENT="FK"/><SP WIDTH="67" VPOS="222" HPOS="1528"/>
							<String ID="string_26" HPOS="1595" VPOS="222" WIDTH="35" HEIGHT="16" WC="0.94" CONTENT="AK"/>
						</TextLine>
						<TextLine ID="line_9" HPOS="81" VPOS="256" WIDTH="221" HEIGHT="26">
							<String ID="string_27" HPOS="81" VPOS="256" WIDTH="221" HEIGHT="26" WC="0.91" CONTENT="Försäkringsrörelse."/>
						</TextLine>
						<TextLine ID="line_10" HPOS="111" VPOS="291" WIDTH="1531" HEIGHT="27">
							<String ID="string_28" HPOS="111" VPOS="292" WIDTH="17" HEIGHT="20" WC="0.87" CONTENT="1."/><SP WIDTH="18" VPOS="292" HPOS="128"/>
							<String ID="string_29" HPOS="146" VPOS="292" WIDTH="42" HEIGHT="20" WC="0.91" CONTENT="RD"/><SP WIDTH="11" VPOS="292" HPOS="188"/>
							<String ID="string_30" HPOS="199" VPOS="292" WIDTH="72" HEIGHT="20" WC="0.96" CONTENT="avslår"/><SP WIDTH="10" VPOS="292" HPOS="271"/>
							<String ID="string_31" HPOS="281" VPOS="291" WIDTH="82" HEIGHT="20" WC="0.96" CONTENT="motion"/><SP WIDTH="12" VPOS="291" HPOS="363"/>
							<String ID="string_32" HPOS="375" VPOS="297" WIDTH="48" HEIGHT="21" WC="0.96" CONTENT="ang."/><SP WIDTH="12" VPOS="297" HPOS="423"/>
							<String ID="string_33" HPOS="435" VPOS="291" WIDTH="116" HEIGHT="27" WC="0.96" CONTENT="utredning"/><SP WIDTH="11" VPOS="291" HPOS="551"/>
							<String ID="string_34" HPOS="562" VPOS="298" WIDTH="34" HEIGHT="13" WC="0.96" CONTENT="om"/><SP WIDTH="12" VPOS="298" HPOS="596"/>
							<String ID="string_35" HPOS="608" VPOS="291" WIDTH="120" HEIGHT="20" WC="0.96" CONTENT="eventuellt"/><SP WIDTH="10" VPOS="291" HPOS="728"/>
							<String ID="string_36" HPOS="738" VPOS="291" WIDTH="112" HEIGHT="20" WC="0.96" CONTENT="införande"/><SP WIDTH="10" VPOS="291" HPOS="850"/>
							<String ID="string_37" HPOS="860" VPOS="298" WIDTH="28" HEIGHT="13" WC="0.93" CONTENT="av"/><SP WIDTH="11" VPOS="298" HPOS="888"/>
							<String ID="string_38" HPOS="899" VPOS="291" WIDTH="122" HEIGHT="21" WC="0.32" CONTENT="index-148]"/><SP WIDTH="41" VPOS="291" HPOS="1021"/>
							<String ID="string_39" HPOS="1062" VPOS="304" WIDTH="27" HEIGHT="2" WC="0.87" CONTENT="—"/><SP WIDTH="3" VPOS="304" HPOS="1089"/>
							<String ID="string_40" HPOS="1092" VPOS="287" WIDTH="23" HEIGHT="36" WC="0.62" CONTENT="I"/><SP WIDTH="18" VPOS="287" HPOS="1115"/>
							<String ID="string_41" HPOS="1133" VPOS="304" WIDTH="27" HEIGHT="2" WC="0.13" CONTENT="—"/><SP WIDTH="27" VPOS="304" HPOS="1160"/>
							<String ID="string_42" HPOS="1187" VPOS="292" WIDTH="37" HEIGHT="20" WC="0.13" CONTENT="1155]"/><SP WIDTH="37" VPOS="292" HPOS="1224"/>
							<String ID="string_43" HPOS="1261" VPOS="293" WIDTH="12" HEIGHT="19" WC="0.62" CONTENT="91"/><SP WIDTH="38" VPOS="293" HPOS="1273"/>
							<String ID="string_44" HPOS="1311" VPOS="293" WIDTH="7" HEIGHT="19" WC="0.88" CONTENT="11"/><SP WIDTH="41" VPOS="293" HPOS="1318"/>
							<String ID="string_45" HPOS="1359" VPOS="293" WIDTH="26" HEIGHT="20" WC="0.90" CONTENT="251"/><SP WIDTH="39" VPOS="293" HPOS="1385"/>
							<String ID="string_46" HPOS="1424" VPOS="293" WIDTH="119" HEIGHT="20" WC="0.5" CONTENT="—J]14:23"/><SP WIDTH="8" VPOS="293" HPOS="1543"/>
							<String ID="string_47" HPOS="1551" VPOS="287" WIDTH="19" HEIGHT="36" WC="0.47" CONTENT="|"/><SP WIDTH="8" VPOS="287" HPOS="1570"/>
							<String ID="string_48" HPOS="1578" VPOS="293" WIDTH="30" HEIGHT="20" WC="0.47" CONTENT="14:"/><SP WIDTH="12" VPOS="293" HPOS="1608"/>
							<String ID="string_49" HPOS="1620" VPOS="296" WIDTH="22" HEIGHT="17" WC="0.94" CONTENT="91"/>
						</TextLine>
					</TextBlock>
				</ComposedBlock>
				<ComposedBlock ID="cblock_7" HPOS="80" VPOS="321" WIDTH="1579" HEIGHT="56">
					<TextBlock ID="block_7" HPOS="80" VPOS="321" WIDTH="1579" HEIGHT="56">
						<TextLine ID="line_11" HPOS="80" VPOS="321" WIDTH="706" HEIGHT="27">
							<String ID="string_50" HPOS="80" VPOS="322" WIDTH="90" HEIGHT="20" WC="0.93" CONTENT="bundna"/><SP WIDTH="14" VPOS="322" HPOS="170"/>
							<String ID="string_51" HPOS="184" VPOS="321" WIDTH="93" HEIGHT="27" WC="0.92" CONTENT="kapital-"/><SP WIDTH="14" VPOS="321" HPOS="277"/>
							<String ID="string_52" HPOS="291" VPOS="321" WIDTH="39" HEIGHT="20" WC="0.93" CONTENT="och"/><SP WIDTH="14" VPOS="321" HPOS="330"/>
							<String ID="string_53" HPOS="344" VPOS="321" WIDTH="178" HEIGHT="26" WC="0.90" CONTENT="livförsäkringar"/><SP WIDTH="12" VPOS="321" HPOS="522"/>
							<String ID="string_54" HPOS="534" VPOS="327" WIDTH="28" HEIGHT="14" WC="0.96" CONTENT="av"/><SP WIDTH="13" VPOS="327" HPOS="562"/>
							<String ID="string_55" HPOS="575" VPOS="321" WIDTH="127" HEIGHT="20" WC="0.96" CONTENT="individuell"/><SP WIDTH="13" VPOS="321" HPOS="702"/>
							<String ID="string_56" HPOS="715" VPOS="322" WIDTH="71" HEIGHT="19" WC="0.96" CONTENT="natur."/>
						</TextLine>
						<TextLine ID="line_12" HPOS="108" VPOS="351" WIDTH="1551" HEIGHT="26">
							<String ID="string_57" HPOS="108" VPOS="352" WIDTH="19" HEIGHT="19" WC="0.93" CONTENT="2."/><SP WIDTH="19" VPOS="352" HPOS="127"/>
							<String ID="string_58" HPOS="146" VPOS="351" WIDTH="41" HEIGHT="20" WC="0.90" CONTENT="RD"/><SP WIDTH="14" VPOS="351" HPOS="187"/>
							<String ID="string_59" HPOS="201" VPOS="352" WIDTH="90" HEIGHT="25" WC="0.96" CONTENT="antager"/><SP WIDTH="13" VPOS="352" HPOS="291"/>
							<String ID="string_60" HPOS="304" VPOS="351" WIDTH="33" HEIGHT="20" WC="0.96" CONTENT="för"/><SP WIDTH="12" VPOS="351" HPOS="337"/>
							<String ID="string_61" HPOS="349" VPOS="351" WIDTH="32" HEIGHT="20" WC="0.96" CONTENT="sin"/><SP WIDTH="14" VPOS="351" HPOS="381"/>
							<String ID="string_62" HPOS="395" VPOS="351" WIDTH="33" HEIGHT="20" WC="0.96" CONTENT="del"/><SP WIDTH="14" VPOS="351" HPOS="428"/>
							<String ID="string_63" HPOS="442" VPOS="351" WIDTH="34" HEIGHT="26" WC="0.96" CONTENT="lag"/><SP WIDTH="13" VPOS="351" HPOS="476"/>
							<String ID="string_64" HPOS="489" VPOS="357" WIDTH="35" HEIGHT="14" WC="0.93" CONTENT="om"/><SP WIDTH="13" VPOS="357" HPOS="524"/>
							<String ID="string_65" HPOS="537" VPOS="351" WIDTH="211" HEIGHT="26" WC="0.91" CONTENT="försäkringsrörelse"/><SP WIDTH="13" VPOS="351" HPOS="748"/>
							<String ID="string_66" HPOS="761" VPOS="352" WIDTH="58" HEIGHT="19" WC="0.93" CONTENT="samt"/><SP WIDTH="13" VPOS="352" HPOS="819"/>
							<String ID="string_67" HPOS="832" VPOS="351" WIDTH="142" HEIGHT="26" WC="0.58" CONTENT="bemyndigar]"/><SP WIDTH="30" VPOS="351" HPOS="974"/>
							<String ID="string_68" HPOS="1004" VPOS="358" WIDTH="8" HEIGHT="12" WC="0.92" CONTENT="»"/><SP WIDTH="10" VPOS="358" HPOS="1012"/>
							<String ID="string_69" HPOS="1022" VPOS="347" WIDTH="22" HEIGHT="34" WC="0.77" CONTENT="|"/><SP WIDTH="18" VPOS="347" HPOS="1044"/>
							<String ID="string_70" HPOS="1062" VPOS="352" WIDTH="27" HEIGHT="20" WC="0.90" CONTENT="50"/><SP WIDTH="9" VPOS="352" HPOS="1089"/>
							<String ID="string_71" HPOS="1098" VPOS="347" WIDTH="18" HEIGHT="34" WC="0.80" CONTENT="|"/><SP WIDTH="11" VPOS="347" HPOS="1116"/>
							<String ID="string_72" HPOS="1127" VPOS="352" WIDTH="36" HEIGHT="20" WC="0.45" CONTENT="271)"/><SP WIDTH="34" VPOS="352" HPOS="1163"/>
							<String ID="string_73" HPOS="1197" VPOS="352" WIDTH="36" HEIGHT="19" WC="0.62" CONTENT="4201"/><SP WIDTH="28" VPOS="352" HPOS="1233"/>
							<String ID="string_74" HPOS="1261" VPOS="352" WIDTH="12" HEIGHT="19" WC="0.89" CONTENT="91"/><SP WIDTH="37" VPOS="352" HPOS="1273"/>
							<String ID="string_75" HPOS="1310" VPOS="352" WIDTH="7" HEIGHT="20" WC="0.75" CONTENT="11"/><SP WIDTH="42" VPOS="352" HPOS="1317"/>
							<String ID="string_76" HPOS="1359" VPOS="352" WIDTH="26" HEIGHT="20" WC="0.68" CONTENT="341"/><SP WIDTH="25" VPOS="352" HPOS="1385"/>
							<String ID="string_77" HPOS="1410" VPOS="353" WIDTH="98" HEIGHT="20" WC="0.68" CONTENT="221120:"/><SP WIDTH="11" VPOS="353" HPOS="1508"/>
							<String ID="string_78" HPOS="1519" VPOS="353" WIDTH="140" HEIGHT="20" WC="0.59" CONTENT="50d/20:101d"/>
						</TextLine>
					</TextBlock>
				</ComposedBlock>
				<ComposedBlock ID="cblock_8" HPOS="79" VPOS="380" WIDTH="1154" HEIGHT="87">
					<TextBlock ID="block_8" HPOS="79" VPOS="380" WIDTH="1154" HEIGHT="87">
						<TextLine ID="line_13" HPOS="81" VPOS="380" WIDTH="1149" HEIGHT="27">
							<String ID="string_79" HPOS="81" VPOS="381" WIDTH="63" HEIGHT="20" WC="0.92" CONTENT="KM:t"/><SP WIDTH="12" VPOS="381" HPOS="144"/>
							<String ID="string_80" HPOS="156" VPOS="382" WIDTH="42" HEIGHT="22" WC="0.96" CONTENT="att,"/><SP WIDTH="14" VPOS="382" HPOS="198"/>
							<String ID="string_81" HPOS="212" VPOS="381" WIDTH="5" HEIGHT="19" WC="0.96" CONTENT="i"/><SP WIDTH="15" VPOS="381" HPOS="217"/>
							<String ID="string_82" HPOS="232" VPOS="381" WIDTH="37" HEIGHT="20" WC="0.96" CONTENT="fall"/><SP WIDTH="13" VPOS="381" HPOS="269"/>
							<String ID="string_83" HPOS="282" VPOS="381" WIDTH="27" HEIGHT="20" WC="0.93" CONTENT="då"/><SP WIDTH="14" VPOS="381" HPOS="309"/>
							<String ID="string_84" HPOS="323" VPOS="380" WIDTH="258" HEIGHT="27" WC="0.91" CONTENT="försäkringsaktiebolag"/><SP WIDTH="13" VPOS="380" HPOS="581"/>
							<String ID="string_85" HPOS="594" VPOS="381" WIDTH="100" HEIGHT="26" WC="0.96" CONTENT="upplöses"/><SP WIDTH="14" VPOS="381" HPOS="694"/>
							<String ID="string_86" HPOS="708" VPOS="380" WIDTH="5" HEIGHT="20" WC="0.93" CONTENT="i"/><SP WIDTH="13" VPOS="380" HPOS="713"/>
							<String ID="string_87" HPOS="726" VPOS="381" WIDTH="42" HEIGHT="20" WC="0.90" CONTENT="anl."/><SP WIDTH="15" VPOS="381" HPOS="768"/>
							<String ID="string_88" HPOS="783" VPOS="387" WIDTH="27" HEIGHT="13" WC="0.96" CONTENT="av"/><SP WIDTH="13" VPOS="387" HPOS="810"/>
							<String ID="string_89" HPOS="823" VPOS="382" WIDTH="35" HEIGHT="19" WC="0.96" CONTENT="att"/><SP WIDTH="13" VPOS="382" HPOS="858"/>
							<String ID="string_90" HPOS="871" VPOS="381" WIDTH="47" HEIGHT="20" WC="0.93" CONTENT="dess"/><SP WIDTH="13" VPOS="381" HPOS="918"/>
							<String ID="string_91" HPOS="931" VPOS="381" WIDTH="42" HEIGHT="20" WC="0.92" CONTENT="för-"/><SP WIDTH="137" VPOS="381" HPOS="973"/>
							<String ID="string_92" HPOS="1110" VPOS="381" WIDTH="58" HEIGHT="20" WC="0.66" CONTENT="—276|"/><SP WIDTH="24" VPOS="381" HPOS="1168"/>
							<String ID="string_93" HPOS="1192" VPOS="382" WIDTH="38" HEIGHT="19" WC="0.95" CONTENT="421"/>
						</TextLine>
						<TextLine ID="line_14" HPOS="79" VPOS="410" WIDTH="1154" HEIGHT="27">
							<String ID="string_94" HPOS="79" VPOS="411" WIDTH="193" HEIGHT="26" WC="0.91" CONTENT="säkringsbestånd"/><SP WIDTH="15" VPOS="411" HPOS="272"/>
							<String ID="string_95" HPOS="287" VPOS="410" WIDTH="113" HEIGHT="20" WC="0.96" CONTENT="överlåtits"/><SP WIDTH="14" VPOS="410" HPOS="400"/>
							<String ID="string_96" HPOS="414" VPOS="410" WIDTH="32" HEIGHT="20" WC="0.96" CONTENT="till"/><SP WIDTH="15" VPOS="410" HPOS="446"/>
							<String ID="string_97" HPOS="461" VPOS="412" WIDTH="68" HEIGHT="18" WC="0.96" CONTENT="annat"/><SP WIDTH="14" VPOS="412" HPOS="529"/>
							<String ID="string_98" HPOS="543" VPOS="410" WIDTH="203" HEIGHT="27" WC="0.96" CONTENT="försäkringsbolag,"/><SP WIDTH="15" VPOS="410" HPOS="746"/>
							<String ID="string_99" HPOS="761" VPOS="410" WIDTH="69" HEIGHT="20" WC="0.96" CONTENT="vilket"/><SP WIDTH="13" VPOS="410" HPOS="830"/>
							<String ID="string_100" HPOS="843" VPOS="412" WIDTH="50" HEIGHT="24" WC="0.93" CONTENT="äger"/><SP WIDTH="13" VPOS="412" HPOS="893"/>
							<String ID="string_101" HPOS="906" VPOS="412" WIDTH="67" HEIGHT="19" WC="0.92" CONTENT="samt-"/><SP WIDTH="220" VPOS="412" HPOS="973"/>
							<String ID="string_102" HPOS="1193" VPOS="411" WIDTH="40" HEIGHT="20" WC="0.10" CONTENT="427"/>
						</TextLine>
						<TextLine ID="line_15" HPOS="79" VPOS="440" WIDTH="1154" HEIGHT="27">
							<String ID="string_103" HPOS="79" VPOS="440" WIDTH="42" HEIGHT="27" WC="0.96" CONTENT="liga"/><SP WIDTH="14" VPOS="440" HPOS="121"/>
							<String ID="string_104" HPOS="135" VPOS="440" WIDTH="72" HEIGHT="21" WC="0.96" CONTENT="aktier"/><SP WIDTH="13" VPOS="440" HPOS="207"/>
							<String ID="string_105" HPOS="220" VPOS="440" WIDTH="6" HEIGHT="20" WC="0.96" CONTENT="i"/><SP WIDTH="14" VPOS="440" HPOS="226"/>
							<String ID="string_106" HPOS="240" VPOS="440" WIDTH="151" HEIGHT="20" WC="0.96" CONTENT="förstnämnda"/><SP WIDTH="15" VPOS="440" HPOS="391"/>
							<String ID="string_107" HPOS="406" VPOS="440" WIDTH="70" HEIGHT="26" WC="0.96" CONTENT="bolag,"/><SP WIDTH="14" VPOS="440" HPOS="476"/>
							<String ID="string_108" HPOS="490" VPOS="440" WIDTH="56" HEIGHT="20" WC="0.96" CONTENT="efter"/><SP WIDTH="12" VPOS="440" HPOS="546"/>
							<String ID="string_109" HPOS="558" VPOS="440" WIDTH="91" HEIGHT="20" WC="0.96" CONTENT="särskild"/><SP WIDTH="15" VPOS="440" HPOS="649"/>
							<String ID="string_110" HPOS="664" VPOS="440" WIDTH="160" HEIGHT="26" WC="0.95" CONTENT="framställning"/><SP WIDTH="13" VPOS="440" HPOS="824"/>
							<String ID="string_111" HPOS="837" VPOS="440" WIDTH="48" HEIGHT="20" WC="0.93" CONTENT="från"/><SP WIDTH="14" VPOS="440" HPOS="885"/>
							<String ID="string_112" HPOS="899" VPOS="440" WIDTH="74" HEIGHT="20" WC="0.92" CONTENT="veder-"/><SP WIDTH="203" VPOS="440" HPOS="973"/>
							<String ID="string_113" HPOS="1176" VPOS="441" WIDTH="57" HEIGHT="20" WC="0.86" CONTENT="—429"/>
						</TextLine>
					</TextBlock>
				</ComposedBlock>
				<ComposedBlock ID="cblock_9" HPOS="80" VPOS="469" WIDTH="893" HEIGHT="57">
					<TextBlock ID="block_9" HPOS="80" VPOS="469" WIDTH="893" HEIGHT="57">
						<TextLine ID="line_16" HPOS="80" VPOS="469" WIDTH="893" HEIGHT="27">
							<String ID="string_114" HPOS="80" VPOS="470" WIDTH="97" HEIGHT="20" WC="0.92" CONTENT="börande"/><SP WIDTH="14" VPOS="470" HPOS="177"/>
							<String ID="string_115" HPOS="191" VPOS="469" WIDTH="101" HEIGHT="27" WC="0.92" CONTENT="medgiva"/><SP WIDTH="15" VPOS="469" HPOS="292"/>
							<String ID="string_116" HPOS="307" VPOS="470" WIDTH="97" HEIGHT="20" WC="0.96" CONTENT="befrielse"/><SP WIDTH="15" VPOS="470" HPOS="404"/>
							<String ID="string_117" HPOS="419" VPOS="470" WIDTH="48" HEIGHT="20" WC="0.96" CONTENT="från"/><SP WIDTH="15" VPOS="470" HPOS="467"/>
							<String ID="string_118" HPOS="482" VPOS="470" WIDTH="186" HEIGHT="26" WC="0.96" CONTENT="skattskyldighet"/><SP WIDTH="14" VPOS="470" HPOS="668"/>
							<String ID="string_119" HPOS="682" VPOS="470" WIDTH="67" HEIGHT="26" WC="0.96" CONTENT="enligt"/><SP WIDTH="14" VPOS="470" HPOS="749"/>
							<String ID="string_120" HPOS="763" VPOS="470" WIDTH="153" HEIGHT="26" WC="0.96" CONTENT="förordningen"/><SP WIDTH="16" VPOS="470" HPOS="916"/>
							<String ID="string_121" HPOS="932" VPOS="470" WIDTH="41" HEIGHT="20" WC="0.96" CONTENT="den"/>
						</TextLine>
						<TextLine ID="line_17" HPOS="80" VPOS="499" WIDTH="776" HEIGHT="27">
							<String ID="string_122" HPOS="80" VPOS="500" WIDTH="26" HEIGHT="20" WC="0.96" CONTENT="27"/><SP WIDTH="11" VPOS="500" HPOS="106"/>
							<String ID="string_123" HPOS="117" VPOS="499" WIDTH="47" HEIGHT="26" WC="0.96" CONTENT="juni"/><SP WIDTH="14" VPOS="499" HPOS="164"/>
							<String ID="string_124" HPOS="178" VPOS="500" WIDTH="52" HEIGHT="20" WC="0.96" CONTENT="1927"/><SP WIDTH="12" VPOS="500" HPOS="230"/>
							<String ID="string_125" HPOS="242" VPOS="506" WIDTH="34" HEIGHT="13" WC="0.96" CONTENT="om"/><SP WIDTH="12" VPOS="506" HPOS="276"/>
							<String ID="string_126" HPOS="288" VPOS="500" WIDTH="61" HEIGHT="19" WC="0.96" CONTENT="skatt"/><SP WIDTH="11" VPOS="500" HPOS="349"/>
							<String ID="string_127" HPOS="360" VPOS="500" WIDTH="36" HEIGHT="20" WC="0.93" CONTENT="vid"/><SP WIDTH="12" VPOS="500" HPOS="396"/>
							<String ID="string_128" HPOS="408" VPOS="499" WIDTH="132" HEIGHT="26" WC="0.92" CONTENT="utskiftning"/><SP WIDTH="10" VPOS="499" HPOS="540"/>
							<String ID="string_129" HPOS="550" VPOS="506" WIDTH="28" HEIGHT="14" WC="0.93" CONTENT="av"/><SP WIDTH="11" VPOS="506" HPOS="578"/>
							<String ID="string_130" HPOS="589" VPOS="499" WIDTH="135" HEIGHT="27" WC="0.91" CONTENT="aktiebolags"/><SP WIDTH="11" VPOS="499" HPOS="724"/>
							<String ID="string_131" HPOS="735" VPOS="499" WIDTH="121" HEIGHT="27" WC="0.96" CONTENT="tillgångar."/>
						</TextLine>
					</TextBlock>
				</ComposedBlock>
				<ComposedBlock ID="cblock_10" HPOS="80" VPOS="529" WIDTH="1579" HEIGHT="157">
					<TextBlock ID="block_10" HPOS="80" VPOS="529" WIDTH="1579" HEIGHT="55">
						<TextLine ID="line_18" HPOS="108" VPOS="529" WIDTH="1551" HEIGHT="27">
							<String ID="string_132" HPOS="108" VPOS="530" WIDTH="19" HEIGHT="19" WC="0.90" CONTENT="3."/><SP WIDTH="19" VPOS="530" HPOS="127"/>
							<String ID="string_133" HPOS="146" VPOS="530" WIDTH="41" HEIGHT="19" WC="0.90" CONTENT="RD"/><SP WIDTH="20" VPOS="530" HPOS="187"/>
							<String ID="string_134" HPOS="207" VPOS="531" WIDTH="91" HEIGHT="25" WC="0.96" CONTENT="antager"/><SP WIDTH="18" VPOS="531" HPOS="298"/>
							<String ID="string_135" HPOS="316" VPOS="529" WIDTH="34" HEIGHT="26" WC="0.96" CONTENT="lag"/><SP WIDTH="19" VPOS="529" HPOS="350"/>
							<String ID="string_136" HPOS="369" VPOS="536" WIDTH="35" HEIGHT="13" WC="0.95" CONTENT="om"/><SP WIDTH="19" VPOS="536" HPOS="404"/>
							<String ID="string_137" HPOS="423" VPOS="529" WIDTH="57" HEIGHT="20" WC="0.95" CONTENT="vissa"/><SP WIDTH="20" VPOS="529" HPOS="480"/>
							<String ID="string_138" HPOS="500" VPOS="529" WIDTH="181" HEIGHT="27" WC="0.96" CONTENT="inskränkningar"/><SP WIDTH="15" VPOS="529" HPOS="681"/>
							<String ID="string_139" HPOS="696" VPOS="529" WIDTH="6" HEIGHT="20" WC="0.96" CONTENT="i"/><SP WIDTH="16" VPOS="529" HPOS="702"/>
							<String ID="string_140" HPOS="718" VPOS="529" WIDTH="103" HEIGHT="20" WC="0.93" CONTENT="utländsk"/><SP WIDTH="12" VPOS="529" HPOS="821"/>
							<String ID="string_141" HPOS="833" VPOS="529" WIDTH="140" HEIGHT="26" WC="0.12" CONTENT="försäkrings-|"/><SP WIDTH="31" VPOS="529" HPOS="973"/>
							<String ID="string_142" HPOS="1004" VPOS="536" WIDTH="8" HEIGHT="12" WC="0.93" CONTENT="»"/><SP WIDTH="10" VPOS="536" HPOS="1012"/>
							<String ID="string_143" HPOS="1022" VPOS="525" WIDTH="23" HEIGHT="36" WC="0.95" CONTENT="|"/><SP WIDTH="6" VPOS="525" HPOS="1045"/>
							<String ID="string_144" HPOS="1051" VPOS="530" WIDTH="38" HEIGHT="20" WC="0.69" CONTENT="106"/><SP WIDTH="9" VPOS="530" HPOS="1089"/>
							<String ID="string_145" HPOS="1098" VPOS="525" WIDTH="23" HEIGHT="36" WC="0.69" CONTENT="|"/><SP WIDTH="14" VPOS="525" HPOS="1121"/>
							<String ID="string_146" HPOS="1135" VPOS="542" WIDTH="26" HEIGHT="2" WC="0.16" CONTENT="—|"/><SP WIDTH="39" VPOS="542" HPOS="1161"/>
							<String ID="string_147" HPOS="1200" VPOS="543" WIDTH="26" HEIGHT="1" WC="0.4" CONTENT="—IJ"/><SP WIDTH="35" VPOS="543" HPOS="1226"/>
							<String ID="string_148" HPOS="1261" VPOS="531" WIDTH="12" HEIGHT="19" WC="0.63" CONTENT="91"/><SP WIDTH="39" VPOS="531" HPOS="1273"/>
							<String ID="string_149" HPOS="1312" VPOS="530" WIDTH="6" HEIGHT="20" WC="0.59" CONTENT="11"/><SP WIDTH="42" VPOS="530" HPOS="1318"/>
							<String ID="string_150" HPOS="1360" VPOS="531" WIDTH="26" HEIGHT="20" WC="0.0" CONTENT="351"/><SP WIDTH="25" VPOS="531" HPOS="1386"/>
							<String ID="string_151" HPOS="1411" VPOS="531" WIDTH="132" HEIGHT="20" WC="0.0" CONTENT="222120:57"/><SP WIDTH="5" VPOS="531" HPOS="1543"/>
							<String ID="string_152" HPOS="1548" VPOS="525" WIDTH="23" HEIGHT="36" WC="0.41" CONTENT="|"/><SP WIDTH="5" VPOS="525" HPOS="1571"/>
							<String ID="string_153" HPOS="1576" VPOS="532" WIDTH="32" HEIGHT="19" WC="0.41" CONTENT="20:"/><SP WIDTH="15" VPOS="532" HPOS="1608"/>
							<String ID="string_154" HPOS="1623" VPOS="534" WIDTH="36" HEIGHT="16" WC="0.30" CONTENT="105)"/>
						</TextLine>
						<TextLine ID="line_19" HPOS="80" VPOS="559" WIDTH="635" HEIGHT="25">
							<String ID="string_155" HPOS="80" VPOS="560" WIDTH="94" HEIGHT="19" WC="0.92" CONTENT="anstalts"/><SP WIDTH="11" VPOS="560" HPOS="174"/>
							<String ID="string_156" HPOS="185" VPOS="561" WIDTH="46" HEIGHT="18" WC="0.96" CONTENT="rätt"/><SP WIDTH="12" VPOS="561" HPOS="231"/>
							<String ID="string_157" HPOS="243" VPOS="560" WIDTH="34" HEIGHT="19" WC="0.96" CONTENT="att"/><SP WIDTH="12" VPOS="560" HPOS="277"/>
							<String ID="string_158" HPOS="289" VPOS="559" WIDTH="60" HEIGHT="20" WC="0.93" CONTENT="driva"/><SP WIDTH="14" VPOS="559" HPOS="349"/>
							<String ID="string_159" HPOS="363" VPOS="559" WIDTH="210" HEIGHT="25" WC="0.92" CONTENT="försäkringsrörelse"/><SP WIDTH="12" VPOS="559" HPOS="573"/>
							<String ID="string_160" HPOS="585" VPOS="559" WIDTH="39" HEIGHT="20" WC="0.96" CONTENT="här"/><SP WIDTH="11" VPOS="559" HPOS="624"/>
							<String ID="string_161" HPOS="635" VPOS="559" WIDTH="6" HEIGHT="19" WC="0.96" CONTENT="i"/><SP WIDTH="12" VPOS="559" HPOS="641"/>
							<String ID="string_162" HPOS="653" VPOS="559" WIDTH="62" HEIGHT="19" WC="0.96" CONTENT="riket."/>
						</TextLine>
					</TextBlock>
					<TextBlock ID="block_11" HPOS="80" VPOS="600" WIDTH="1564" HEIGHT="56">
						<TextLine ID="line_20" HPOS="111" VPOS="600" WIDTH="1533" HEIGHT="26">
							<String ID="string_163" HPOS="111" VPOS="600" WIDTH="16" HEIGHT="20" WC="0.92" CONTENT="1."/><SP WIDTH="19" VPOS="600" HPOS="127"/>
							<String ID="string_164" HPOS="146" VPOS="600" WIDTH="41" HEIGHT="20" WC="0.88" CONTENT="RD"/><SP WIDTH="14" VPOS="600" HPOS="187"/>
							<String ID="string_165" HPOS="201" VPOS="601" WIDTH="91" HEIGHT="25" WC="0.96" CONTENT="antager"/><SP WIDTH="12" VPOS="601" HPOS="292"/>
							<String ID="string_166" HPOS="304" VPOS="600" WIDTH="33" HEIGHT="20" WC="0.96" CONTENT="för"/><SP WIDTH="12" VPOS="600" HPOS="337"/>
							<String ID="string_167" HPOS="349" VPOS="600" WIDTH="32" HEIGHT="20" WC="0.96" CONTENT="sin"/><SP WIDTH="14" VPOS="600" HPOS="381"/>
							<String ID="string_168" HPOS="395" VPOS="600" WIDTH="33" HEIGHT="20" WC="0.96" CONTENT="del"/><SP WIDTH="14" VPOS="600" HPOS="428"/>
							<String ID="string_169" HPOS="442" VPOS="600" WIDTH="34" HEIGHT="26" WC="0.96" CONTENT="lag"/><SP WIDTH="13" VPOS="600" HPOS="476"/>
							<String ID="string_170" HPOS="489" VPOS="606" WIDTH="35" HEIGHT="14" WC="0.96" CONTENT="om"/><SP WIDTH="14" VPOS="606" HPOS="524"/>
							<String ID="string_171" HPOS="538" VPOS="601" WIDTH="45" HEIGHT="19" WC="0.96" CONTENT="rätt"/><SP WIDTH="13" VPOS="601" HPOS="583"/>
							<String ID="string_172" HPOS="596" VPOS="600" WIDTH="33" HEIGHT="20" WC="0.96" CONTENT="för"/><SP WIDTH="12" VPOS="600" HPOS="629"/>
							<String ID="string_173" HPOS="641" VPOS="600" WIDTH="103" HEIGHT="20" WC="0.93" CONTENT="utländsk"/><SP WIDTH="14" VPOS="600" HPOS="744"/>
							<String ID="string_174" HPOS="758" VPOS="600" WIDTH="216" HEIGHT="26" WC="0.91" CONTENT="försäkringsanstalt"/><SP WIDTH="4" VPOS="600" HPOS="974"/>
							<String ID="string_175" HPOS="978" VPOS="596" WIDTH="13" HEIGHT="34" WC="0.12" CONTENT="|"/><SP WIDTH="3" VPOS="596" HPOS="991"/>
							<String ID="string_176" HPOS="994" VPOS="600" WIDTH="27" HEIGHT="20" WC="0.12" CONTENT="50]"/><SP WIDTH="42" VPOS="600" HPOS="1021"/>
							<String ID="string_177" HPOS="1063" VPOS="601" WIDTH="27" HEIGHT="19" WC="0.87" CONTENT="941"/><SP WIDTH="44" VPOS="601" HPOS="1090"/>
							<String ID="string_178" HPOS="1134" VPOS="613" WIDTH="27" HEIGHT="2" WC="0.42" CONTENT="—!I"/><SP WIDTH="39" VPOS="613" HPOS="1161"/>
							<String ID="string_179" HPOS="1200" VPOS="613" WIDTH="26" HEIGHT="2" WC="0.59" CONTENT="—J"/><SP WIDTH="35" VPOS="613" HPOS="1226"/>
							<String ID="string_180" HPOS="1261" VPOS="601" WIDTH="12" HEIGHT="20" WC="0.83" CONTENT="91"/><SP WIDTH="39" VPOS="601" HPOS="1273"/>
							<String ID="string_181" HPOS="1312" VPOS="601" WIDTH="6" HEIGHT="20" WC="0.43" CONTENT="1!"/><SP WIDTH="45" VPOS="601" HPOS="1318"/>
							<String ID="string_182" HPOS="1363" VPOS="601" WIDTH="145" HEIGHT="21" WC="0.88" CONTENT="181133113:"/><SP WIDTH="14" VPOS="601" HPOS="1508"/>
							<String ID="string_183" HPOS="1522" VPOS="604" WIDTH="37" HEIGHT="17" WC="0.53" CONTENT="158)"/><SP WIDTH="19" VPOS="604" HPOS="1559"/>
							<String ID="string_184" HPOS="1578" VPOS="601" WIDTH="30" HEIGHT="21" WC="0.96" CONTENT="14:"/><SP WIDTH="12" VPOS="601" HPOS="1608"/>
							<String ID="string_185" HPOS="1620" VPOS="604" WIDTH="24" HEIGHT="17" WC="0.96" CONTENT="72"/>
						</TextLine>
						<TextLine ID="line_21" HPOS="80" VPOS="630" WIDTH="483" HEIGHT="26">
							<String ID="string_186" HPOS="80" VPOS="631" WIDTH="35" HEIGHT="19" WC="0.96" CONTENT="att"/><SP WIDTH="13" VPOS="631" HPOS="115"/>
							<String ID="string_187" HPOS="128" VPOS="630" WIDTH="62" HEIGHT="20" WC="0.93" CONTENT="driva"/><SP WIDTH="14" VPOS="630" HPOS="190"/>
							<String ID="string_188" HPOS="204" VPOS="630" WIDTH="212" HEIGHT="26" WC="0.92" CONTENT="försäkringsrörelse"/><SP WIDTH="13" VPOS="630" HPOS="416"/>
							<String ID="string_189" HPOS="429" VPOS="630" WIDTH="39" HEIGHT="20" WC="0.96" CONTENT="här"/><SP WIDTH="13" VPOS="630" HPOS="468"/>
							<String ID="string_190" HPOS="481" VPOS="630" WIDTH="6" HEIGHT="19" WC="0.96" CONTENT="i"/><SP WIDTH="13" VPOS="630" HPOS="487"/>
							<String ID="string_191" HPOS="500" VPOS="630" WIDTH="63" HEIGHT="19" WC="0.96" CONTENT="riket."/>
						</TextLine>
					</TextBlock>
					<TextBlock ID="block_12" HPOS="108" VPOS="659" WIDTH="1536" HEIGHT="27">
						<TextLine ID="line_22" HPOS="108" VPOS="659" WIDTH="1536" HEIGHT="27">
							<String ID="string_192" HPOS="108" VPOS="660" WIDTH="19" HEIGHT="20" WC="0.93" CONTENT="2."/><SP WIDTH="19" VPOS="660" HPOS="127"/>
							<String ID="string_193" HPOS="146" VPOS="660" WIDTH="41" HEIGHT="20" WC="0.91" CONTENT="RD"/><SP WIDTH="14" VPOS="660" HPOS="187"/>
							<String ID="string_194" HPOS="201" VPOS="661" WIDTH="91" HEIGHT="25" WC="0.96" CONTENT="antager"/><SP WIDTH="12" VPOS="661" HPOS="292"/>
							<String ID="string_195" HPOS="304" VPOS="660" WIDTH="33" HEIGHT="19" WC="0.96" CONTENT="för"/><SP WIDTH="12" VPOS="660" HPOS="337"/>
							<String ID="string_196" HPOS="349" VPOS="659" WIDTH="32" HEIGHT="20" WC="0.96" CONTENT="sin"/><SP WIDTH="14" VPOS="659" HPOS="381"/>
							<String ID="string_197" HPOS="395" VPOS="659" WIDTH="33" HEIGHT="20" WC="0.96" CONTENT="del"/><SP WIDTH="13" VPOS="659" HPOS="428"/>
							<String ID="string_198" HPOS="441" VPOS="659" WIDTH="35" HEIGHT="27" WC="0.96" CONTENT="lag"/><SP WIDTH="12" VPOS="659" HPOS="476"/>
							<String ID="string_199" HPOS="488" VPOS="665" WIDTH="49" HEIGHT="21" WC="0.96" CONTENT="ang."/><SP WIDTH="14" VPOS="665" HPOS="537"/>
							<String ID="string_200" HPOS="551" VPOS="659" WIDTH="92" HEIGHT="26" WC="0.96" CONTENT="ändring"/><SP WIDTH="13" VPOS="659" HPOS="643"/>
							<String ID="string_201" HPOS="656" VPOS="659" WIDTH="5" HEIGHT="20" WC="0.96" CONTENT="i"/><SP WIDTH="14" VPOS="659" HPOS="661"/>
							<String ID="string_202" HPOS="675" VPOS="659" WIDTH="56" HEIGHT="20" WC="0.96" CONTENT="vissa"/><SP WIDTH="14" VPOS="659" HPOS="731"/>
							<String ID="string_203" HPOS="745" VPOS="659" WIDTH="59" HEIGHT="20" WC="0.96" CONTENT="delar"/><SP WIDTH="12" VPOS="659" HPOS="804"/>
							<String ID="string_204" HPOS="816" VPOS="666" WIDTH="28" HEIGHT="13" WC="0.96" CONTENT="av"/><SP WIDTH="13" VPOS="666" HPOS="844"/>
							<String ID="string_205" HPOS="857" VPOS="659" WIDTH="61" HEIGHT="26" WC="0.93" CONTENT="lagen"/><SP WIDTH="14" VPOS="659" HPOS="918"/>
							<String ID="string_206" HPOS="932" VPOS="659" WIDTH="41" HEIGHT="20" WC="0.27" CONTENT="denl|"/><SP WIDTH="31" VPOS="659" HPOS="973"/>
							<String ID="string_207" HPOS="1004" VPOS="666" WIDTH="8" HEIGHT="12" WC="0.92" CONTENT="»"/><SP WIDTH="10" VPOS="666" HPOS="1012"/>
							<String ID="string_208" HPOS="1022" VPOS="655" WIDTH="23" HEIGHT="36" WC="0.92" CONTENT="|"/><SP WIDTH="4" VPOS="655" HPOS="1045"/>
							<String ID="string_209" HPOS="1049" VPOS="660" WIDTH="41" HEIGHT="20" WC="0.71" CONTENT="2200"/><SP WIDTH="10" VPOS="660" HPOS="1090"/>
							<String ID="string_210" HPOS="1100" VPOS="655" WIDTH="24" HEIGHT="36" WC="0.73" CONTENT="I"/><SP WIDTH="11" VPOS="655" HPOS="1124"/>
							<String ID="string_211" HPOS="1135" VPOS="672" WIDTH="25" HEIGHT="2" WC="0.29" CONTENT="—JI"/><SP WIDTH="39" VPOS="672" HPOS="1160"/>
							<String ID="string_212" HPOS="1199" VPOS="672" WIDTH="28" HEIGHT="3" WC="0.34" CONTENT="—I"/><SP WIDTH="34" VPOS="672" HPOS="1227"/>
							<String ID="string_213" HPOS="1261" VPOS="661" WIDTH="12" HEIGHT="19" WC="0.35" CONTENT="91"/><SP WIDTH="38" VPOS="661" HPOS="1273"/>
							<String ID="string_214" HPOS="1311" VPOS="661" WIDTH="7" HEIGHT="19" WC="0.91" CONTENT="11"/><SP WIDTH="42" VPOS="661" HPOS="1318"/>
							<String ID="string_215" HPOS="1360" VPOS="661" WIDTH="91" HEIGHT="20" WC="0.23" CONTENT="261350"/><SP WIDTH="-2" VPOS="661" HPOS="1451"/>
							<String ID="string_216" HPOS="1449" VPOS="655" WIDTH="10" HEIGHT="36" WC="0.23" CONTENT="1"/><SP WIDTH="16" VPOS="655" HPOS="1459"/>
							<String ID="string_217" HPOS="1475" VPOS="661" WIDTH="33" HEIGHT="20" WC="0.71" CONTENT="20:"/><SP WIDTH="12" VPOS="661" HPOS="1508"/>
							<String ID="string_218" HPOS="1520" VPOS="663" WIDTH="24" HEIGHT="17" WC="0.71" CONTENT="89"/><SP WIDTH="4" VPOS="663" HPOS="1544"/>
							<String ID="string_219" HPOS="1548" VPOS="655" WIDTH="23" HEIGHT="36" WC="0.89" CONTENT="|"/><SP WIDTH="5" VPOS="655" HPOS="1571"/>
							<String ID="string_220" HPOS="1576" VPOS="661" WIDTH="32" HEIGHT="20" WC="0.89" CONTENT="21:"/><SP WIDTH="12" VPOS="661" HPOS="1608"/>
							<String ID="string_221" HPOS="1620" VPOS="663" WIDTH="24" HEIGHT="17" WC="0.90" CONTENT="73"/>
						</TextLine>
					</TextBlock>
				</ComposedBlock>
				<ComposedBlock ID="cblock_11" HPOS="83" VPOS="689" WIDTH="889" HEIGHT="56">
					<TextBlock ID="block_13" HPOS="83" VPOS="689" WIDTH="889" HEIGHT="56">
						<TextLine ID="line_23" HPOS="83" VPOS="689" WIDTH="545" HEIGHT="26">
							<String ID="string_222" HPOS="83" VPOS="689" WIDTH="23" HEIGHT="20" WC="0.96" CONTENT="17"/><SP WIDTH="14" VPOS="689" HPOS="106"/>
							<String ID="string_223" HPOS="120" VPOS="689" WIDTH="47" HEIGHT="26" WC="0.96" CONTENT="juni"/><SP WIDTH="17" VPOS="689" HPOS="167"/>
							<String ID="string_224" HPOS="184" VPOS="689" WIDTH="52" HEIGHT="20" WC="0.96" CONTENT="1948"/><SP WIDTH="14" VPOS="689" HPOS="236"/>
							<String ID="string_225" HPOS="250" VPOS="690" WIDTH="35" HEIGHT="25" WC="0.96" CONTENT="(nr"/><SP WIDTH="13" VPOS="690" HPOS="285"/>
							<String ID="string_226" HPOS="298" VPOS="689" WIDTH="49" HEIGHT="26" WC="0.96" CONTENT="433)"/><SP WIDTH="14" VPOS="689" HPOS="347"/>
							<String ID="string_227" HPOS="361" VPOS="695" WIDTH="35" HEIGHT="14" WC="0.93" CONTENT="om"/><SP WIDTH="15" VPOS="695" HPOS="396"/>
							<String ID="string_228" HPOS="411" VPOS="689" WIDTH="217" HEIGHT="26" WC="0.91" CONTENT="försäkringsrörelse."/>
						</TextLine>
						<TextLine ID="line_24" HPOS="109" VPOS="719" WIDTH="863" HEIGHT="26">
							<String ID="string_229" HPOS="109" VPOS="720" WIDTH="26" HEIGHT="19" WC="0.96" CONTENT="Se"/><SP WIDTH="21" VPOS="720" HPOS="135"/>
							<String ID="string_230" HPOS="156" VPOS="719" WIDTH="40" HEIGHT="20" WC="0.96" CONTENT="ock"/><SP WIDTH="22" VPOS="719" HPOS="196"/>
							<String ID="string_231" HPOS="218" VPOS="719" WIDTH="122" HEIGHT="26" WC="0.96" CONTENT="Aktiebolag"/><SP WIDTH="20" VPOS="719" HPOS="340"/>
							<String ID="string_232" HPOS="360" VPOS="719" WIDTH="70" HEIGHT="25" WC="0.96" CONTENT="(1950:"/><SP WIDTH="13" VPOS="719" HPOS="430"/>
							<String ID="string_233" HPOS="443" VPOS="719" WIDTH="26" HEIGHT="25" WC="0.95" CONTENT="2),"/><SP WIDTH="26" VPOS="719" HPOS="469"/>
							<String ID="string_234" HPOS="495" VPOS="719" WIDTH="179" HEIGHT="26" WC="0.95" CONTENT="Interpellationer"/><SP WIDTH="21" VPOS="719" HPOS="674"/>
							<String ID="string_235" HPOS="695" VPOS="719" WIDTH="69" HEIGHT="25" WC="0.96" CONTENT="(1948:"/><SP WIDTH="13" VPOS="719" HPOS="764"/>
							<String ID="string_236" HPOS="777" VPOS="719" WIDTH="40" HEIGHT="25" WC="0.93" CONTENT="40),"/><SP WIDTH="24" VPOS="719" HPOS="817"/>
							<String ID="string_237" HPOS="841" VPOS="719" WIDTH="131" HEIGHT="20" WC="0.92" CONTENT="Skatteväsen"/>
						</TextLine>
					</TextBlock>
				</ComposedBlock>
				<ComposedBlock ID="cblock_12" HPOS="80" VPOS="749" WIDTH="1579" HEIGHT="138">
					<TextBlock ID="block_14" HPOS="81" VPOS="749" WIDTH="396" HEIGHT="68">
						<TextLine ID="line_25" HPOS="81" VPOS="749" WIDTH="123" HEIGHT="25">
							<String ID="string_238" HPOS="81" VPOS="749" WIDTH="69" HEIGHT="25" WC="0.96" CONTENT="(1950:"/><SP WIDTH="13" VPOS="749" HPOS="150"/>
							<String ID="string_239" HPOS="163" VPOS="749" WIDTH="41" HEIGHT="25" WC="0.95" CONTENT="33)."/>
						</TextLine>
						<TextLine ID="line_26" HPOS="81" VPOS="792" WIDTH="396" HEIGHT="25">
							<String ID="string_240" HPOS="81" VPOS="792" WIDTH="396" HEIGHT="25" WC="0.91" CONTENT="FÖRSÄKRINGSVERKSAMHET."/>
						</TextLine>
					</TextBlock>
					<TextBlock ID="block_15" HPOS="80" VPOS="831" WIDTH="1579" HEIGHT="56">
						<TextLine ID="line_27" HPOS="109" VPOS="831" WIDTH="1550" HEIGHT="26">
							<String ID="string_241" HPOS="109" VPOS="832" WIDTH="42" HEIGHT="20" WC="0.92" CONTENT="RD"/><SP WIDTH="13" VPOS="832" HPOS="151"/>
							<String ID="string_242" HPOS="164" VPOS="832" WIDTH="104" HEIGHT="23" WC="0.96" CONTENT="anhåller,"/><SP WIDTH="14" VPOS="832" HPOS="268"/>
							<String ID="string_243" HPOS="282" VPOS="833" WIDTH="35" HEIGHT="19" WC="0.93" CONTENT="att"/><SP WIDTH="13" VPOS="833" HPOS="317"/>
							<String ID="string_244" HPOS="330" VPOS="832" WIDTH="63" HEIGHT="20" WC="0.92" CONTENT="KM:t"/><SP WIDTH="13" VPOS="832" HPOS="393"/>
							<String ID="string_245" HPOS="406" VPOS="832" WIDTH="49" HEIGHT="19" WC="0.96" CONTENT="ville"/><SP WIDTH="14" VPOS="832" HPOS="455"/>
							<String ID="string_246" HPOS="469" VPOS="832" WIDTH="44" HEIGHT="20" WC="0.96" CONTENT="dels"/><SP WIDTH="14" VPOS="832" HPOS="513"/>
							<String ID="string_247" HPOS="527" VPOS="832" WIDTH="44" HEIGHT="20" WC="0.96" CONTENT="låta"/><SP WIDTH="14" VPOS="832" HPOS="571"/>
							<String ID="string_248" HPOS="585" VPOS="832" WIDTH="117" HEIGHT="20" WC="0.96" CONTENT="verkställa"/><SP WIDTH="13" VPOS="832" HPOS="702"/>
							<String ID="string_249" HPOS="715" VPOS="838" WIDTH="26" HEIGHT="14" WC="0.96" CONTENT="en"/><SP WIDTH="13" VPOS="838" HPOS="741"/>
							<String ID="string_250" HPOS="754" VPOS="831" WIDTH="85" HEIGHT="26" WC="0.96" CONTENT="allsidig"/><SP WIDTH="13" VPOS="831" HPOS="839"/>
							<String ID="string_251" HPOS="852" VPOS="832" WIDTH="39" HEIGHT="19" WC="0.92" CONTENT="och"/><SP WIDTH="15" VPOS="832" HPOS="891"/>
							<String ID="string_252" HPOS="906" VPOS="832" WIDTH="116" HEIGHT="20" WC="0.32" CONTENT="förut-|]45|"/><SP WIDTH="42" VPOS="832" HPOS="1022"/>
							<String ID="string_253" HPOS="1064" VPOS="844" WIDTH="27" HEIGHT="2" WC="0.66" CONTENT="—"/><SP WIDTH="33" VPOS="844" HPOS="1091"/>
							<String ID="string_254" HPOS="1124" VPOS="832" WIDTH="102" HEIGHT="20" WC="0.6" CONTENT="119713161"/><SP WIDTH="36" VPOS="832" HPOS="1226"/>
							<String ID="string_255" HPOS="1262" VPOS="833" WIDTH="12" HEIGHT="19" WC="0.54" CONTENT="91"/><SP WIDTH="38" VPOS="833" HPOS="1274"/>
							<String ID="string_256" HPOS="1312" VPOS="833" WIDTH="6" HEIGHT="19" WC="0.93" CONTENT="11"/><SP WIDTH="42" VPOS="833" HPOS="1318"/>
							<String ID="string_257" HPOS="1360" VPOS="832" WIDTH="91" HEIGHT="21" WC="0.82" CONTENT="471530"/><SP WIDTH="18" VPOS="832" HPOS="1451"/>
							<String ID="string_258" HPOS="1469" VPOS="833" WIDTH="190" HEIGHT="20" WC="0.79" CONTENT="130:118d/32:100d"/>
						</TextLine>
						<TextLine ID="line_28" HPOS="80" VPOS="861" WIDTH="1146" HEIGHT="26">
							<String ID="string_259" HPOS="80" VPOS="861" WIDTH="142" HEIGHT="26" WC="0.91" CONTENT="sättningslös"/><SP WIDTH="19" VPOS="861" HPOS="222"/>
							<String ID="string_260" HPOS="241" VPOS="861" WIDTH="116" HEIGHT="26" WC="0.96" CONTENT="utredning"/><SP WIDTH="19" VPOS="861" HPOS="357"/>
							<String ID="string_261" HPOS="376" VPOS="862" WIDTH="49" HEIGHT="19" WC="0.96" CONTENT="med"/><SP WIDTH="20" VPOS="862" HPOS="425"/>
							<String ID="string_262" HPOS="445" VPOS="861" WIDTH="57" HEIGHT="26" WC="0.96" CONTENT="syfte"/><SP WIDTH="19" VPOS="861" HPOS="502"/>
							<String ID="string_263" HPOS="521" VPOS="863" WIDTH="35" HEIGHT="18" WC="0.96" CONTENT="att"/><SP WIDTH="18" VPOS="863" HPOS="556"/>
							<String ID="string_264" HPOS="574" VPOS="861" WIDTH="153" HEIGHT="20" WC="0.95" CONTENT="åstadkomma"/><SP WIDTH="19" VPOS="861" HPOS="727"/>
							<String ID="string_265" HPOS="746" VPOS="867" WIDTH="26" HEIGHT="14" WC="0.95" CONTENT="en"/><SP WIDTH="18" VPOS="867" HPOS="772"/>
							<String ID="string_266" HPOS="790" VPOS="861" WIDTH="184" HEIGHT="26" WC="0.96" CONTENT="genomgripande"/><SP WIDTH="212" VPOS="861" HPOS="974"/>
							<String ID="string_267" HPOS="1186" VPOS="862" WIDTH="40" HEIGHT="20" WC="0.96" CONTENT="419"/>
						</TextLine>
					</TextBlock>
				</ComposedBlock>
				<ComposedBlock ID="cblock_13" HPOS="80" VPOS="890" WIDTH="894" HEIGHT="264">
					<TextBlock ID="block_16" HPOS="80" VPOS="890" WIDTH="894" HEIGHT="264">
						<TextLine ID="line_29" HPOS="80" VPOS="890" WIDTH="894" HEIGHT="27">
							<String ID="string_268" HPOS="80" VPOS="891" WIDTH="162" HEIGHT="26" WC="0.96" CONTENT="centralisering"/><SP WIDTH="18" VPOS="891" HPOS="242"/>
							<String ID="string_269" HPOS="260" VPOS="891" WIDTH="39" HEIGHT="20" WC="0.96" CONTENT="och"/><SP WIDTH="18" VPOS="891" HPOS="299"/>
							<String ID="string_270" HPOS="317" VPOS="891" WIDTH="173" HEIGHT="26" WC="0.95" CONTENT="rationalisering"/><SP WIDTH="17" VPOS="891" HPOS="490"/>
							<String ID="string_271" HPOS="507" VPOS="897" WIDTH="28" HEIGHT="14" WC="0.93" CONTENT="av"/><SP WIDTH="18" VPOS="897" HPOS="535"/>
							<String ID="string_272" HPOS="553" VPOS="891" WIDTH="307" HEIGHT="26" WC="0.91" CONTENT="försäkringsverksamheten,"/><SP WIDTH="19" VPOS="891" HPOS="860"/>
							<String ID="string_273" HPOS="879" VPOS="890" WIDTH="46" HEIGHT="21" WC="0.93" CONTENT="däri"/><SP WIDTH="18" VPOS="890" HPOS="925"/>
							<String ID="string_274" HPOS="943" VPOS="890" WIDTH="31" HEIGHT="20" WC="0.93" CONTENT="in-"/>
						</TextLine>
						<TextLine ID="line_30" HPOS="81" VPOS="920" WIDTH="893" HEIGHT="27">
							<String ID="string_275" HPOS="81" VPOS="921" WIDTH="98" HEIGHT="26" WC="0.92" CONTENT="begripet"/><SP WIDTH="15" VPOS="921" HPOS="179"/>
							<String ID="string_276" HPOS="194" VPOS="927" WIDTH="35" HEIGHT="14" WC="0.96" CONTENT="om"/><SP WIDTH="17" VPOS="927" HPOS="229"/>
							<String ID="string_277" HPOS="246" VPOS="921" WIDTH="39" HEIGHT="20" WC="0.96" CONTENT="och"/><SP WIDTH="17" VPOS="921" HPOS="285"/>
							<String ID="string_278" HPOS="302" VPOS="921" WIDTH="5" HEIGHT="19" WC="0.96" CONTENT="i"/><SP WIDTH="17" VPOS="921" HPOS="307"/>
							<String ID="string_279" HPOS="324" VPOS="920" WIDTH="71" HEIGHT="20" WC="0.96" CONTENT="vilken"/><SP WIDTH="17" VPOS="920" HPOS="395"/>
							<String ID="string_280" HPOS="412" VPOS="920" WIDTH="152" HEIGHT="27" WC="0.96" CONTENT="utsträckning"/><SP WIDTH="16" VPOS="920" HPOS="564"/>
							<String ID="string_281" HPOS="580" VPOS="921" WIDTH="37" HEIGHT="20" WC="0.97" CONTENT="det"/><SP WIDTH="15" VPOS="921" HPOS="617"/>
							<String ID="string_282" HPOS="632" VPOS="921" WIDTH="87" HEIGHT="25" WC="0.93" CONTENT="privata"/><SP WIDTH="15" VPOS="921" HPOS="719"/>
							<String ID="string_283" HPOS="734" VPOS="920" WIDTH="240" HEIGHT="26" WC="0.91" CONTENT="försäkringsväsendet"/>
						</TextLine>
						<TextLine ID="line_31" HPOS="81" VPOS="950" WIDTH="892" HEIGHT="21">
							<String ID="string_284" HPOS="81" VPOS="950" WIDTH="39" HEIGHT="21" WC="0.96" CONTENT="bör"/><SP WIDTH="13" VPOS="950" HPOS="120"/>
							<String ID="string_285" HPOS="133" VPOS="951" WIDTH="111" HEIGHT="20" WC="0.95" CONTENT="överföras"/><SP WIDTH="15" VPOS="951" HPOS="244"/>
							<String ID="string_286" HPOS="259" VPOS="950" WIDTH="31" HEIGHT="20" WC="0.95" CONTENT="till"/><SP WIDTH="15" VPOS="950" HPOS="290"/>
							<String ID="string_287" HPOS="305" VPOS="950" WIDTH="37" HEIGHT="20" WC="0.96" CONTENT="det"/><SP WIDTH="14" VPOS="950" HPOS="342"/>
							<String ID="string_288" HPOS="356" VPOS="950" WIDTH="110" HEIGHT="20" WC="0.96" CONTENT="allmänna"/><SP WIDTH="14" VPOS="950" HPOS="466"/>
							<String ID="string_289" HPOS="480" VPOS="950" WIDTH="40" HEIGHT="20" WC="0.96" CONTENT="och"/><SP WIDTH="14" VPOS="950" HPOS="520"/>
							<String ID="string_290" HPOS="534" VPOS="950" WIDTH="6" HEIGHT="20" WC="0.96" CONTENT="i"/><SP WIDTH="14" VPOS="950" HPOS="540"/>
							<String ID="string_291" HPOS="554" VPOS="950" WIDTH="107" HEIGHT="20" WC="0.95" CONTENT="samband"/><SP WIDTH="15" VPOS="950" HPOS="661"/>
							<String ID="string_292" HPOS="676" VPOS="950" WIDTH="89" HEIGHT="20" WC="0.96" CONTENT="därmed"/><SP WIDTH="14" VPOS="950" HPOS="765"/>
							<String ID="string_293" HPOS="779" VPOS="950" WIDTH="6" HEIGHT="20" WC="0.96" CONTENT="i"/><SP WIDTH="14" VPOS="950" HPOS="785"/>
							<String ID="string_294" HPOS="799" VPOS="950" WIDTH="43" HEIGHT="20" WC="0.96" CONTENT="vad"/><SP WIDTH="14" VPOS="950" HPOS="842"/>
							<String ID="string_295" HPOS="856" VPOS="950" WIDTH="50" HEIGHT="20" WC="0.96" CONTENT="mån"/><SP WIDTH="15" VPOS="950" HPOS="906"/>
							<String ID="string_296" HPOS="921" VPOS="950" WIDTH="52" HEIGHT="20" WC="0.96" CONTENT="flera"/>
						</TextLine>
						<TextLine ID="line_32" HPOS="80" VPOS="979" WIDTH="893" HEIGHT="27">
							<String ID="string_297" HPOS="80" VPOS="980" WIDTH="211" HEIGHT="26" WC="0.91" CONTENT="försäkringsgrenar"/><SP WIDTH="12" VPOS="980" HPOS="291"/>
							<String ID="string_298" HPOS="303" VPOS="980" WIDTH="52" HEIGHT="20" WC="0.96" CONTENT="böra"/><SP WIDTH="11" VPOS="980" HPOS="355"/>
							<String ID="string_299" HPOS="366" VPOS="981" WIDTH="63" HEIGHT="25" WC="0.96" CONTENT="göras"/><SP WIDTH="12" VPOS="981" HPOS="429"/>
							<String ID="string_300" HPOS="441" VPOS="979" WIDTH="162" HEIGHT="27" WC="0.96" CONTENT="obligatoriska,"/><SP WIDTH="13" VPOS="979" HPOS="603"/>
							<String ID="string_301" HPOS="616" VPOS="980" WIDTH="45" HEIGHT="20" WC="0.96" CONTENT="dels"/><SP WIDTH="11" VPOS="980" HPOS="661"/>
							<String ID="string_302" HPOS="672" VPOS="980" WIDTH="131" HEIGHT="26" WC="0.96" CONTENT="skyndsamt"/><SP WIDTH="11" VPOS="980" HPOS="803"/>
							<String ID="string_303" HPOS="814" VPOS="980" WIDTH="45" HEIGHT="20" WC="0.96" CONTENT="låta"/><SP WIDTH="12" VPOS="980" HPOS="859"/>
							<String ID="string_304" HPOS="871" VPOS="980" WIDTH="102" HEIGHT="20" WC="0.96" CONTENT="utarbeta"/>
						</TextLine>
						<TextLine ID="line_33" HPOS="81" VPOS="1009" WIDTH="892" HEIGHT="27">
							<String ID="string_305" HPOS="81" VPOS="1010" WIDTH="39" HEIGHT="20" WC="0.96" CONTENT="och"/><SP WIDTH="13" VPOS="1010" HPOS="120"/>
							<String ID="string_306" HPOS="133" VPOS="1010" WIDTH="120" HEIGHT="26" WC="0.96" CONTENT="framlägga"/><SP WIDTH="12" VPOS="1010" HPOS="253"/>
							<String ID="string_307" HPOS="265" VPOS="1009" WIDTH="80" HEIGHT="27" WC="0.96" CONTENT="förslag"/><SP WIDTH="12" VPOS="1009" HPOS="345"/>
							<String ID="string_308" HPOS="357" VPOS="1009" WIDTH="32" HEIGHT="20" WC="0.96" CONTENT="till"/><SP WIDTH="13" VPOS="1009" HPOS="389"/>
							<String ID="string_309" HPOS="402" VPOS="1016" WIDTH="26" HEIGHT="13" WC="0.96" CONTENT="en"/><SP WIDTH="13" VPOS="1016" HPOS="428"/>
							<String ID="string_310" HPOS="441" VPOS="1009" WIDTH="132" HEIGHT="27" WC="0.96" CONTENT="provisorisk"/><SP WIDTH="12" VPOS="1009" HPOS="573"/>
							<String ID="string_311" HPOS="585" VPOS="1009" WIDTH="137" HEIGHT="27" WC="0.96" CONTENT="lagstiftning"/><SP WIDTH="12" VPOS="1009" HPOS="722"/>
							<String ID="string_312" HPOS="734" VPOS="1009" WIDTH="32" HEIGHT="20" WC="0.95" CONTENT="till"/><SP WIDTH="13" VPOS="1009" HPOS="766"/>
							<String ID="string_313" HPOS="779" VPOS="1009" WIDTH="154" HEIGHT="20" WC="0.96" CONTENT="förhindrande"/><SP WIDTH="12" VPOS="1009" HPOS="933"/>
							<String ID="string_314" HPOS="945" VPOS="1015" WIDTH="28" HEIGHT="14" WC="0.95" CONTENT="av"/>
						</TextLine>
						<TextLine ID="line_34" HPOS="80" VPOS="1039" WIDTH="893" HEIGHT="26">
							<String ID="string_315" HPOS="80" VPOS="1041" WIDTH="35" HEIGHT="19" WC="0.96" CONTENT="att"/><SP WIDTH="15" VPOS="1041" HPOS="115"/>
							<String ID="string_316" HPOS="130" VPOS="1045" WIDTH="43" HEIGHT="20" WC="0.96" CONTENT="nya"/><SP WIDTH="16" VPOS="1045" HPOS="173"/>
							<String ID="string_317" HPOS="189" VPOS="1039" WIDTH="40" HEIGHT="20" WC="0.96" CONTENT="och"/><SP WIDTH="16" VPOS="1039" HPOS="229"/>
							<String ID="string_318" HPOS="245" VPOS="1045" WIDTH="25" HEIGHT="14" WC="0.96" CONTENT="ur"/><SP WIDTH="15" VPOS="1045" HPOS="270"/>
							<String ID="string_319" HPOS="285" VPOS="1039" WIDTH="37" HEIGHT="20" WC="0.96" CONTENT="det"/><SP WIDTH="15" VPOS="1039" HPOS="322"/>
							<String ID="string_320" HPOS="337" VPOS="1039" WIDTH="121" HEIGHT="20" WC="0.96" CONTENT="allmännas"/><SP WIDTH="15" VPOS="1039" HPOS="458"/>
							<String ID="string_321" HPOS="473" VPOS="1039" WIDTH="114" HEIGHT="26" WC="0.96" CONTENT="synpunkt"/><SP WIDTH="15" VPOS="1039" HPOS="587"/>
							<String ID="string_322" HPOS="602" VPOS="1039" WIDTH="46" HEIGHT="20" WC="0.96" CONTENT="icke"/><SP WIDTH="15" VPOS="1039" HPOS="648"/>
							<String ID="string_323" HPOS="663" VPOS="1039" WIDTH="123" HEIGHT="20" WC="0.93" CONTENT="önskvärda"/><SP WIDTH="16" VPOS="1039" HPOS="786"/>
							<String ID="string_324" HPOS="802" VPOS="1039" WIDTH="171" HEIGHT="26" WC="0.92" CONTENT="försäkringsan-"/>
						</TextLine>
						<TextLine ID="line_35" HPOS="81" VPOS="1068" WIDTH="892" HEIGHT="27">
							<String ID="string_325" HPOS="81" VPOS="1069" WIDTH="77" HEIGHT="20" WC="0.91" CONTENT="stalter"/><SP WIDTH="19" VPOS="1069" HPOS="158"/>
							<String ID="string_326" HPOS="177" VPOS="1069" WIDTH="70" HEIGHT="20" WC="0.96" CONTENT="bildas"/><SP WIDTH="19" VPOS="1069" HPOS="247"/>
							<String ID="string_327" HPOS="266" VPOS="1069" WIDTH="51" HEIGHT="20" WC="0.96" CONTENT="eller"/><SP WIDTH="18" VPOS="1069" HPOS="317"/>
							<String ID="string_328" HPOS="335" VPOS="1069" WIDTH="67" HEIGHT="20" WC="0.96" CONTENT="redan"/><SP WIDTH="20" VPOS="1069" HPOS="402"/>
							<String ID="string_329" HPOS="422" VPOS="1069" WIDTH="118" HEIGHT="20" WC="0.92" CONTENT="bestående"/><SP WIDTH="19" VPOS="1069" HPOS="540"/>
							<String ID="string_330" HPOS="559" VPOS="1069" WIDTH="218" HEIGHT="26" WC="0.92" CONTENT="försäkringsföretag"/><SP WIDTH="19" VPOS="1069" HPOS="777"/>
							<String ID="string_331" HPOS="796" VPOS="1068" WIDTH="62" HEIGHT="27" WC="0.97" CONTENT="börja"/><SP WIDTH="19" VPOS="1068" HPOS="858"/>
							<String ID="string_332" HPOS="877" VPOS="1075" WIDTH="30" HEIGHT="20" WC="0.96" CONTENT="ny"/><SP WIDTH="19" VPOS="1075" HPOS="907"/>
							<String ID="string_333" HPOS="926" VPOS="1069" WIDTH="47" HEIGHT="19" WC="0.96" CONTENT="icke"/>
						</TextLine>
						<TextLine ID="line_36" HPOS="81" VPOS="1098" WIDTH="892" HEIGHT="27">
							<String ID="string_334" HPOS="81" VPOS="1099" WIDTH="109" HEIGHT="20" WC="0.96" CONTENT="önskvärd"/><SP WIDTH="12" VPOS="1099" HPOS="190"/>
							<String ID="string_335" HPOS="202" VPOS="1099" WIDTH="140" HEIGHT="20" WC="0.96" CONTENT="verksamhet"/><SP WIDTH="11" VPOS="1099" HPOS="342"/>
							<String ID="string_336" HPOS="353" VPOS="1099" WIDTH="68" HEIGHT="20" WC="0.96" CONTENT="under"/><SP WIDTH="11" VPOS="1099" HPOS="421"/>
							<String ID="string_337" HPOS="432" VPOS="1099" WIDTH="41" HEIGHT="20" WC="0.95" CONTENT="den"/><SP WIDTH="11" VPOS="1099" HPOS="473"/>
							<String ID="string_338" HPOS="484" VPOS="1098" WIDTH="32" HEIGHT="20" WC="0.96" CONTENT="tid"/><SP WIDTH="11" VPOS="1098" HPOS="516"/>
							<String ID="string_339" HPOS="527" VPOS="1098" WIDTH="72" HEIGHT="27" WC="0.96" CONTENT="frågor"/><SP WIDTH="10" VPOS="1098" HPOS="599"/>
							<String ID="string_340" HPOS="609" VPOS="1100" WIDTH="41" HEIGHT="19" WC="0.93" CONTENT="rör."/><SP WIDTH="12" VPOS="1100" HPOS="650"/>
							<String ID="string_341" HPOS="662" VPOS="1098" WIDTH="311" HEIGHT="27" WC="0.92" CONTENT="försäkringsverksamhetens"/>
						</TextLine>
						<TextLine ID="line_37" HPOS="81" VPOS="1128" WIDTH="522" HEIGHT="26">
							<String ID="string_342" HPOS="81" VPOS="1128" WIDTH="104" HEIGHT="21" WC="0.96" CONTENT="framtida"/><SP WIDTH="15" VPOS="1128" HPOS="185"/>
							<String ID="string_343" HPOS="200" VPOS="1128" WIDTH="134" HEIGHT="26" WC="0.96" CONTENT="utformning"/><SP WIDTH="14" VPOS="1128" HPOS="334"/>
							<String ID="string_344" HPOS="348" VPOS="1130" WIDTH="37" HEIGHT="18" WC="0.96" CONTENT="äro"/><SP WIDTH="14" VPOS="1130" HPOS="385"/>
							<String ID="string_345" HPOS="399" VPOS="1129" WIDTH="69" HEIGHT="19" WC="0.96" CONTENT="under"/><SP WIDTH="13" VPOS="1129" HPOS="468"/>
							<String ID="string_346" HPOS="481" VPOS="1128" WIDTH="122" HEIGHT="26" WC="0.95" CONTENT="utredning."/>
						</TextLine>
					</TextBlock>
				</ComposedBlock>
				<ComposedBlock ID="cblock_14" HPOS="80" VPOS="1166" WIDTH="893" HEIGHT="155">
					<TextBlock ID="block_17" HPOS="81" VPOS="1166" WIDTH="576" HEIGHT="30">
						<TextLine ID="line_38" HPOS="81" VPOS="1166" WIDTH="576" HEIGHT="30">
							<String ID="string_347" HPOS="81" VPOS="1166" WIDTH="189" HEIGHT="25" WC="0.96" CONTENT="FÖRSÄLJNING"/><SP WIDTH="11" VPOS="1166" HPOS="270"/>
							<String ID="string_348" HPOS="281" VPOS="1176" WIDTH="28" HEIGHT="14" WC="0.92" CONTENT="av"/><SP WIDTH="12" VPOS="1176" HPOS="309"/>
							<String ID="string_349" HPOS="321" VPOS="1170" WIDTH="125" HEIGHT="26" WC="0.92" CONTENT="kronojord;"/><SP WIDTH="13" VPOS="1170" HPOS="446"/>
							<String ID="string_350" HPOS="459" VPOS="1176" WIDTH="21" HEIGHT="13" WC="0.93" CONTENT="se"/><SP WIDTH="12" VPOS="1176" HPOS="480"/>
							<String ID="string_351" HPOS="492" VPOS="1169" WIDTH="165" HEIGHT="27" WC="0.92" CONTENT="Avsöndringar."/>
						</TextLine>
					</TextBlock>
					<TextBlock ID="block_18" HPOS="80" VPOS="1207" WIDTH="893" HEIGHT="114">
						<TextLine ID="line_39" HPOS="81" VPOS="1207" WIDTH="887" HEIGHT="31">
							<String ID="string_352" HPOS="81" VPOS="1207" WIDTH="188" HEIGHT="25" WC="0.91" CONTENT="FÖRSÄLJNING"/><SP WIDTH="6" VPOS="1207" HPOS="269"/>
							<String ID="string_353" HPOS="275" VPOS="1218" WIDTH="27" HEIGHT="13" WC="0.96" CONTENT="av"/><SP WIDTH="9" VPOS="1218" HPOS="302"/>
							<String ID="string_354" HPOS="311" VPOS="1211" WIDTH="56" HEIGHT="20" WC="0.96" CONTENT="vissa"/><SP WIDTH="8" VPOS="1211" HPOS="367"/>
							<String ID="string_355" HPOS="375" VPOS="1211" WIDTH="18" HEIGHT="26" WC="0.96" CONTENT="ej"/><SP WIDTH="10" VPOS="1211" HPOS="393"/>
							<String ID="string_356" HPOS="403" VPOS="1211" WIDTH="189" HEIGHT="20" WC="0.96" CONTENT="standardiserade"/><SP WIDTH="8" VPOS="1211" HPOS="592"/>
							<String ID="string_357" HPOS="600" VPOS="1217" WIDTH="70" HEIGHT="18" WC="0.96" CONTENT="varor;"/><SP WIDTH="8" VPOS="1217" HPOS="670"/>
							<String ID="string_358" HPOS="678" VPOS="1218" WIDTH="21" HEIGHT="13" WC="0.97" CONTENT="se"/><SP WIDTH="8" VPOS="1218" HPOS="699"/>
							<String ID="string_359" HPOS="707" VPOS="1211" WIDTH="70" HEIGHT="21" WC="0.96" CONTENT="Enkla"/><SP WIDTH="7" VPOS="1211" HPOS="777"/>
							<String ID="string_360" HPOS="784" VPOS="1211" WIDTH="69" HEIGHT="26" WC="0.96" CONTENT="frågor"/><SP WIDTH="6" VPOS="1211" HPOS="853"/>
							<String ID="string_361" HPOS="859" VPOS="1211" WIDTH="68" HEIGHT="27" WC="0.96" CONTENT="(1948:"/><SP WIDTH="11" VPOS="1211" HPOS="927"/>
							<String ID="string_362" HPOS="938" VPOS="1211" WIDTH="30" HEIGHT="27" WC="0.96" CONTENT="10)"/>
						</TextLine>
						<TextLine ID="line_40" HPOS="80" VPOS="1242" WIDTH="893" HEIGHT="37">
							<String ID="string_363" HPOS="80" VPOS="1249" WIDTH="306" HEIGHT="28" WC="0.91" CONTENT="FÖRSÄLJNINGSSKATT;"/><SP WIDTH="15" VPOS="1249" HPOS="386"/>
							<String ID="string_364" HPOS="401" VPOS="1259" WIDTH="21" HEIGHT="13" WC="0.93" CONTENT="se"/><SP WIDTH="16" VPOS="1259" HPOS="422"/>
							<String ID="string_365" HPOS="438" VPOS="1253" WIDTH="131" HEIGHT="21" WC="0.92" CONTENT="Skatteväsen"/><SP WIDTH="16" VPOS="1253" HPOS="569"/>
							<String ID="string_366" HPOS="585" VPOS="1253" WIDTH="69" HEIGHT="25" WC="0.96" CONTENT="(1948:"/><SP WIDTH="13" VPOS="1253" HPOS="654"/>
							<String ID="string_367" HPOS="667" VPOS="1255" WIDTH="17" HEIGHT="21" WC="0.96" CONTENT="4,"/><SP WIDTH="17" VPOS="1255" HPOS="684"/>
							<String ID="string_368" HPOS="701" VPOS="1253" WIDTH="59" HEIGHT="20" WC="0.96" CONTENT="1949:"/><SP WIDTH="14" VPOS="1253" HPOS="760"/>
							<String ID="string_369" HPOS="774" VPOS="1255" WIDTH="29" HEIGHT="21" WC="0.96" CONTENT="15,"/><SP WIDTH="18" VPOS="1255" HPOS="803"/>
							<String ID="string_370" HPOS="821" VPOS="1253" WIDTH="58" HEIGHT="20" WC="0.95" CONTENT="1950:"/><SP WIDTH="15" VPOS="1253" HPOS="879"/>
							<String ID="string_371" HPOS="894" VPOS="1253" WIDTH="38" HEIGHT="26" WC="0.96" CONTENT="15)."/><SP WIDTH="38" VPOS="1253" HPOS="932"/>
							<String ID="string_372" HPOS="970" VPOS="1242" WIDTH="3" HEIGHT="6" WC="0.82" CONTENT="|"/>
						</TextLine>
						<TextLine ID="line_41" HPOS="80" VPOS="1291" WIDTH="601" HEIGHT="30">
							<String ID="string_373" HPOS="80" VPOS="1291" WIDTH="111" HEIGHT="25" WC="0.96" CONTENT="FÖRSÖK"/><SP WIDTH="16" VPOS="1291" HPOS="191"/>
							<String ID="string_374" HPOS="207" VPOS="1295" WIDTH="62" HEIGHT="20" WC="0.95" CONTENT="TILL"/><SP WIDTH="17" VPOS="1295" HPOS="269"/>
							<String ID="string_375" HPOS="286" VPOS="1295" WIDTH="98" HEIGHT="24" WC="0.96" CONTENT="BROTT;"/><SP WIDTH="16" VPOS="1295" HPOS="384"/>
							<String ID="string_376" HPOS="400" VPOS="1301" WIDTH="22" HEIGHT="13" WC="0.93" CONTENT="se"/><SP WIDTH="18" VPOS="1301" HPOS="422"/>
							<String ID="string_377" HPOS="440" VPOS="1294" WIDTH="241" HEIGHT="27" WC="0.90" CONTENT="Förmögenhetsbrotten."/>
						</TextLine>
					</TextBlock>
				</ComposedBlock>
				<ComposedBlock ID="cblock_15" HPOS="81" VPOS="1332" WIDTH="1251" HEIGHT="60">
					<TextBlock ID="block_19" HPOS="81" VPOS="1332" WIDTH="1251" HEIGHT="60">
						<TextLine ID="line_42" HPOS="81" VPOS="1332" WIDTH="892" HEIGHT="29">
							<String ID="string_378" HPOS="81" VPOS="1332" WIDTH="328" HEIGHT="28" WC="0.86" CONTENT="FÖRSÖKSVERKSAMHET;"/><SP WIDTH="22" VPOS="1332" HPOS="409"/>
							<String ID="string_379" HPOS="431" VPOS="1342" WIDTH="22" HEIGHT="14" WC="0.83" CONTENT="se"/><SP WIDTH="21" VPOS="1342" HPOS="453"/>
							<String ID="string_380" HPOS="474" VPOS="1336" WIDTH="106" HEIGHT="20" WC="0.95" CONTENT="Jordbruk"/><SP WIDTH="22" VPOS="1336" HPOS="580"/>
							<String ID="string_381" HPOS="602" VPOS="1336" WIDTH="69" HEIGHT="25" WC="0.96" CONTENT="(1943:"/><SP WIDTH="13" VPOS="1336" HPOS="671"/>
							<String ID="string_382" HPOS="684" VPOS="1338" WIDTH="17" HEIGHT="21" WC="0.94" CONTENT="8,"/><SP WIDTH="26" VPOS="1338" HPOS="701"/>
							<String ID="string_383" HPOS="727" VPOS="1336" WIDTH="58" HEIGHT="20" WC="0.93" CONTENT="1944:"/><SP WIDTH="15" VPOS="1336" HPOS="785"/>
							<String ID="string_384" HPOS="800" VPOS="1338" WIDTH="28" HEIGHT="21" WC="0.93" CONTENT="17,"/><SP WIDTH="26" VPOS="1338" HPOS="828"/>
							<String ID="string_385" HPOS="854" VPOS="1336" WIDTH="51" HEIGHT="20" WC="0.91" CONTENT="1946"/><SP WIDTH="11" VPOS="1336" HPOS="905"/>
							<String ID="string_386" HPOS="916" VPOS="1336" WIDTH="27" HEIGHT="20" WC="0.91" CONTENT="H:"/><SP WIDTH="14" VPOS="1336" HPOS="943"/>
							<String ID="string_387" HPOS="957" VPOS="1339" WIDTH="16" HEIGHT="20" WC="0.94" CONTENT="1,"/>
						</TextLine>
						<TextLine ID="line_43" HPOS="112" VPOS="1365" WIDTH="1220" HEIGHT="27">
							<String ID="string_388" HPOS="112" VPOS="1366" WIDTH="58" HEIGHT="20" WC="0.96" CONTENT="1949:"/><SP WIDTH="15" VPOS="1366" HPOS="170"/>
							<String ID="string_389" HPOS="185" VPOS="1366" WIDTH="25" HEIGHT="26" WC="0.92" CONTENT="1),"/><SP WIDTH="13" VPOS="1366" HPOS="210"/>
							<String ID="string_390" HPOS="223" VPOS="1366" WIDTH="230" HEIGHT="26" WC="0.89" CONTENT="Lantbrukshögskolan"/><SP WIDTH="15" VPOS="1366" HPOS="453"/>
							<String ID="string_391" HPOS="468" VPOS="1365" WIDTH="70" HEIGHT="26" WC="0.96" CONTENT="(1949:"/><SP WIDTH="14" VPOS="1365" HPOS="538"/>
							<String ID="string_392" HPOS="552" VPOS="1366" WIDTH="25" HEIGHT="26" WC="0.96" CONTENT="1)."/><SP WIDTH="753" VPOS="1366" HPOS="577"/>
							<String ID="string_393" HPOS="1330" VPOS="1369" WIDTH="2" HEIGHT="13" WC="0.59" CONTENT="I"/>
						</TextLine>
					</TextBlock>
				</ComposedBlock>
				<ComposedBlock ID="cblock_16" HPOS="81" VPOS="1403" WIDTH="671" HEIGHT="30">
					<TextBlock ID="block_20" HPOS="81" VPOS="1403" WIDTH="671" HEIGHT="30">
						<TextLine ID="line_44" HPOS="81" VPOS="1403" WIDTH="671" HEIGHT="30">
							<String ID="string_394" HPOS="81" VPOS="1403" WIDTH="351" HEIGHT="28" WC="0.35" CONTENT="FÖRSÖRJNINGSFÖRMÅGA"/><SP WIDTH="-17" VPOS="1403" HPOS="432"/>
							<String ID="string_395" HPOS="415" VPOS="1398" WIDTH="11" HEIGHT="39" WC="0.35" CONTENT=";"/><SP WIDTH="21" VPOS="1398" HPOS="426"/>
							<String ID="string_396" HPOS="447" VPOS="1413" WIDTH="21" HEIGHT="14" WC="0.96" CONTENT="se"/><SP WIDTH="14" VPOS="1413" HPOS="468"/>
							<String ID="string_397" HPOS="482" VPOS="1407" WIDTH="178" HEIGHT="26" WC="0.96" CONTENT="Medborgarskap"/><SP WIDTH="14" VPOS="1407" HPOS="660"/>
							<String ID="string_398" HPOS="674" VPOS="1407" WIDTH="78" HEIGHT="25" WC="0.96" CONTENT="(1944)."/>
						</TextLine>
					</TextBlock>
				</ComposedBlock>
				<ComposedBlock ID="cblock_17" HPOS="81" VPOS="1444" WIDTH="1564" HEIGHT="144">
					<TextBlock ID="block_21" HPOS="81" VPOS="1444" WIDTH="1564" HEIGHT="144">
						<TextLine ID="line_45" HPOS="81" VPOS="1444" WIDTH="303" HEIGHT="26">
							<String ID="string_399" HPOS="81" VPOS="1444" WIDTH="303" HEIGHT="26" WC="0.90" CONTENT="FÖRSÖRJNINGSLÄGET."/>
						</TextLine>
						<TextLine ID="line_46" HPOS="109" VPOS="1478" WIDTH="1536" HEIGHT="27">
							<String ID="string_400" HPOS="109" VPOS="1478" WIDTH="105" HEIGHT="27" WC="0.96" CONTENT="Muntligt"/><SP WIDTH="14" VPOS="1478" HPOS="214"/>
							<String ID="string_401" HPOS="228" VPOS="1478" WIDTH="142" HEIGHT="21" WC="0.96" CONTENT="meddelande"/><SP WIDTH="16" VPOS="1478" HPOS="370"/>
							<String ID="string_402" HPOS="386" VPOS="1478" WIDTH="32" HEIGHT="20" WC="0.93" CONTENT="till"/><SP WIDTH="16" VPOS="1478" HPOS="418"/>
							<String ID="string_403" HPOS="434" VPOS="1479" WIDTH="41" HEIGHT="19" WC="0.90" CONTENT="RD"/><SP WIDTH="15" VPOS="1479" HPOS="475"/>
							<String ID="string_404" HPOS="490" VPOS="1483" WIDTH="49" HEIGHT="21" WC="0.96" CONTENT="ang."/><SP WIDTH="15" VPOS="1483" HPOS="539"/>
							<String ID="string_405" HPOS="554" VPOS="1478" WIDTH="85" HEIGHT="20" WC="0.93" CONTENT="landets"/><SP WIDTH="14" VPOS="1478" HPOS="639"/>
							<String ID="string_406" HPOS="653" VPOS="1478" WIDTH="196" HEIGHT="27" WC="0.90" CONTENT="försörjningsläge."/><SP WIDTH="144" VPOS="1478" HPOS="849"/>
							<String ID="string_407" HPOS="993" VPOS="1479" WIDTH="28" HEIGHT="19" WC="0.91" CONTENT="421"/><SP WIDTH="27" VPOS="1479" HPOS="1021"/>
							<String ID="string_408" HPOS="1048" VPOS="1479" WIDTH="40" HEIGHT="20" WC="0.50" CONTENT="3651]"/><SP WIDTH="45" VPOS="1479" HPOS="1088"/>
							<String ID="string_409" HPOS="1133" VPOS="1491" WIDTH="27" HEIGHT="2" WC="0.82" CONTENT="—I"/><SP WIDTH="39" VPOS="1491" HPOS="1160"/>
							<String ID="string_410" HPOS="1199" VPOS="1491" WIDTH="122" HEIGHT="2" WC="0.0" CONTENT="—I—lI—]"/><SP WIDTH="38" VPOS="1491" HPOS="1321"/>
							<String ID="string_411" HPOS="1359" VPOS="1491" WIDTH="26" HEIGHT="2" WC="0.5" CONTENT="—I"/><SP WIDTH="39" VPOS="1491" HPOS="1385"/>
							<String ID="string_412" HPOS="1424" VPOS="1480" WIDTH="83" HEIGHT="19" WC="0.1" CONTENT="—128:"/><SP WIDTH="11" VPOS="1480" HPOS="1507"/>
							<String ID="string_413" HPOS="1518" VPOS="1479" WIDTH="26" HEIGHT="20" WC="0.79" CONTENT="3d"/><SP WIDTH="-1" VPOS="1479" HPOS="1544"/>
							<String ID="string_414" HPOS="1543" VPOS="1475" WIDTH="27" HEIGHT="34" WC="0.95" CONTENT="|"/><SP WIDTH="5" VPOS="1475" HPOS="1570"/>
							<String ID="string_415" HPOS="1575" VPOS="1480" WIDTH="33" HEIGHT="19" WC="0.89" CONTENT="28:"/><SP WIDTH="13" VPOS="1480" HPOS="1608"/>
							<String ID="string_416" HPOS="1621" VPOS="1479" WIDTH="24" HEIGHT="20" WC="0.89" CONTENT="1d"/>
						</TextLine>
						<TextLine ID="line_47" HPOS="110" VPOS="1507" WIDTH="1535" HEIGHT="27">
							<String ID="string_417" HPOS="110" VPOS="1509" WIDTH="26" HEIGHT="20" WC="0.96" CONTENT="Se"/><SP WIDTH="13" VPOS="1509" HPOS="136"/>
							<String ID="string_418" HPOS="149" VPOS="1508" WIDTH="39" HEIGHT="20" WC="0.96" CONTENT="ock"/><SP WIDTH="15" VPOS="1508" HPOS="188"/>
							<String ID="string_419" HPOS="203" VPOS="1508" WIDTH="71" HEIGHT="20" WC="0.96" CONTENT="Enkla"/><SP WIDTH="12" VPOS="1508" HPOS="274"/>
							<String ID="string_420" HPOS="286" VPOS="1508" WIDTH="69" HEIGHT="26" WC="0.96" CONTENT="frågor"/><SP WIDTH="12" VPOS="1508" HPOS="355"/>
							<String ID="string_421" HPOS="367" VPOS="1508" WIDTH="70" HEIGHT="26" WC="0.96" CONTENT="(1946:"/><SP WIDTH="13" VPOS="1508" HPOS="437"/>
							<String ID="string_422" HPOS="450" VPOS="1508" WIDTH="26" HEIGHT="26" WC="0.96" CONTENT="5),"/><SP WIDTH="17" VPOS="1508" HPOS="476"/>
							<String ID="string_423" HPOS="493" VPOS="1507" WIDTH="179" HEIGHT="27" WC="0.96" CONTENT="Interpellationer"/><SP WIDTH="12" VPOS="1507" HPOS="672"/>
							<String ID="string_424" HPOS="684" VPOS="1508" WIDTH="70" HEIGHT="25" WC="0.96" CONTENT="(1946:"/><SP WIDTH="14" VPOS="1508" HPOS="754"/>
							<String ID="string_425" HPOS="768" VPOS="1510" WIDTH="29" HEIGHT="21" WC="0.96" CONTENT="16,"/><SP WIDTH="16" VPOS="1510" HPOS="797"/>
							<String ID="string_426" HPOS="813" VPOS="1508" WIDTH="59" HEIGHT="20" WC="0.95" CONTENT="1948:"/><SP WIDTH="14" VPOS="1508" HPOS="872"/>
							<String ID="string_427" HPOS="886" VPOS="1508" WIDTH="52" HEIGHT="26" WC="0.95" CONTENT="121)."/><SP WIDTH="581" VPOS="1508" HPOS="938"/>
							<String ID="string_428" HPOS="1519" VPOS="1509" WIDTH="25" HEIGHT="20" WC="0.91" CONTENT="4d"/><SP WIDTH="62" VPOS="1509" HPOS="1544"/>
							<String ID="string_429" HPOS="1606" VPOS="1509" WIDTH="39" HEIGHT="20" WC="0.89" CONTENT="20d"/>
						</TextLine>
						<TextLine ID="line_48" HPOS="1504" VPOS="1539" WIDTH="140" HEIGHT="20">
							<String ID="string_430" HPOS="1504" VPOS="1539" WIDTH="40" HEIGHT="19" WC="0.90" CONTENT="37d"/><SP WIDTH="61" VPOS="1539" HPOS="1544"/>
							<String ID="string_431" HPOS="1605" VPOS="1539" WIDTH="39" HEIGHT="20" WC="0.87" CONTENT="35d"/>
						</TextLine>
						<TextLine ID="line_49" HPOS="1474" VPOS="1568" WIDTH="171" HEIGHT="20">
							<String ID="string_432" HPOS="1474" VPOS="1568" WIDTH="33" HEIGHT="20" WC="0.92" CONTENT="29:"/><SP WIDTH="13" VPOS="1568" HPOS="1507"/>
							<String ID="string_433" HPOS="1520" VPOS="1568" WIDTH="24" HEIGHT="20" WC="0.92" CONTENT="1d"/><SP WIDTH="2" VPOS="1568" HPOS="1544"/>
							<String ID="string_434" HPOS="1546" VPOS="1564" WIDTH="22" HEIGHT="34" WC="0.93" CONTENT="|"/><SP WIDTH="7" VPOS="1564" HPOS="1568"/>
							<String ID="string_435" HPOS="1575" VPOS="1568" WIDTH="33" HEIGHT="20" WC="0.92" CONTENT="29:"/><SP WIDTH="13" VPOS="1568" HPOS="1608"/>
							<String ID="string_436" HPOS="1621" VPOS="1568" WIDTH="24" HEIGHT="20" WC="0.91" CONTENT="1d"/>
						</TextLine>
					</TextBlock>
				</ComposedBlock>
				<ComposedBlock ID="cblock_18" HPOS="82" VPOS="1593" WIDTH="891" HEIGHT="60">
					<TextBlock ID="block_22" HPOS="82" VPOS="1593" WIDTH="891" HEIGHT="60">
						<TextLine ID="line_50" HPOS="82" VPOS="1593" WIDTH="891" HEIGHT="28">
							<String ID="string_437" HPOS="82" VPOS="1593" WIDTH="193" HEIGHT="25" WC="0.96" CONTENT="FÖRTECKNING"/><SP WIDTH="16" VPOS="1593" HPOS="275"/>
							<String ID="string_438" HPOS="291" VPOS="1593" WIDTH="73" HEIGHT="25" WC="0.93" CONTENT="ÖVER"/><SP WIDTH="18" VPOS="1593" HPOS="364"/>
							<String ID="string_439" HPOS="382" VPOS="1594" WIDTH="237" HEIGHT="23" WC="0.91" CONTENT="BONDESTÅNDETS"/><SP WIDTH="18" VPOS="1594" HPOS="619"/>
							<String ID="string_440" HPOS="637" VPOS="1593" WIDTH="171" HEIGHT="24" WC="0.93" CONTENT="LEDAMÖTER"/><SP WIDTH="19" VPOS="1593" HPOS="808"/>
							<String ID="string_441" HPOS="827" VPOS="1597" WIDTH="146" HEIGHT="24" WC="0.90" CONTENT="1600—1697;"/>
						</TextLine>
						<TextLine ID="line_51" HPOS="109" VPOS="1627" WIDTH="246" HEIGHT="26">
							<String ID="string_442" HPOS="109" VPOS="1633" WIDTH="22" HEIGHT="14" WC="0.95" CONTENT="se"/><SP WIDTH="13" VPOS="1633" HPOS="131"/>
							<String ID="string_443" HPOS="144" VPOS="1627" WIDTH="120" HEIGHT="26" WC="0.96" CONTENT="Riksdagen"/><SP WIDTH="12" VPOS="1627" HPOS="264"/>
							<String ID="string_444" HPOS="276" VPOS="1627" WIDTH="79" HEIGHT="26" WC="0.96" CONTENT="(1949)."/>
						</TextLine>
					</TextBlock>
				</ComposedBlock>
				<ComposedBlock ID="cblock_19" HPOS="81" VPOS="1664" WIDTH="893" HEIGHT="363">
					<TextBlock ID="block_23" HPOS="81" VPOS="1664" WIDTH="893" HEIGHT="60">
						<TextLine ID="line_52" HPOS="81" VPOS="1664" WIDTH="893" HEIGHT="30">
							<String ID="string_445" HPOS="81" VPOS="1665" WIDTH="194" HEIGHT="24" WC="0.96" CONTENT="FÖRTECKNING"/><SP WIDTH="12" VPOS="1665" HPOS="275"/>
							<String ID="string_446" HPOS="287" VPOS="1664" WIDTH="73" HEIGHT="25" WC="0.92" CONTENT="ÖVER"/><SP WIDTH="15" VPOS="1664" HPOS="360"/>
							<String ID="string_447" HPOS="375" VPOS="1664" WIDTH="372" HEIGHT="28" WC="0.90" CONTENT="KOMMITTÉBETÄNKANDEN;"/><SP WIDTH="14" VPOS="1664" HPOS="747"/>
							<String ID="string_448" HPOS="761" VPOS="1674" WIDTH="21" HEIGHT="14" WC="0.93" CONTENT="se"/><SP WIDTH="17" VPOS="1674" HPOS="782"/>
							<String ID="string_449" HPOS="799" VPOS="1668" WIDTH="175" HEIGHT="26" WC="0.91" CONTENT="Riksdagsbiblio-"/>
						</TextLine>
						<TextLine ID="line_53" HPOS="110" VPOS="1698" WIDTH="173" HEIGHT="26">
							<String ID="string_450" HPOS="110" VPOS="1698" WIDTH="50" HEIGHT="20" WC="0.90" CONTENT="teket"/><SP WIDTH="14" VPOS="1698" HPOS="160"/>
							<String ID="string_451" HPOS="174" VPOS="1698" WIDTH="70" HEIGHT="26" WC="0.96" CONTENT="(1944:"/><SP WIDTH="14" VPOS="1698" HPOS="244"/>
							<String ID="string_452" HPOS="258" VPOS="1698" WIDTH="25" HEIGHT="26" WC="0.96" CONTENT="2)."/>
						</TextLine>
					</TextBlock>
					<TextBlock ID="block_24" HPOS="82" VPOS="1736" WIDTH="772" HEIGHT="29">
						<TextLine ID="line_54" HPOS="82" VPOS="1736" WIDTH="772" HEIGHT="29">
							<String ID="string_453" HPOS="82" VPOS="1736" WIDTH="306" HEIGHT="25" WC="0.91" CONTENT="FÖRTIDSINBETALNING"/><SP WIDTH="14" VPOS="1736" HPOS="388"/>
							<String ID="string_454" HPOS="402" VPOS="1740" WIDTH="35" HEIGHT="20" WC="0.96" CONTENT="AV"/><SP WIDTH="15" VPOS="1740" HPOS="437"/>
							<String ID="string_455" HPOS="452" VPOS="1740" WIDTH="99" HEIGHT="24" WC="0.96" CONTENT="SKATT;"/><SP WIDTH="13" VPOS="1740" HPOS="551"/>
							<String ID="string_456" HPOS="564" VPOS="1746" WIDTH="22" HEIGHT="13" WC="0.92" CONTENT="se"/><SP WIDTH="14" VPOS="1746" HPOS="586"/>
							<String ID="string_457" HPOS="600" VPOS="1740" WIDTH="131" HEIGHT="20" WC="0.92" CONTENT="Skatteväsen"/><SP WIDTH="14" VPOS="1740" HPOS="731"/>
							<String ID="string_458" HPOS="745" VPOS="1740" WIDTH="70" HEIGHT="25" WC="0.96" CONTENT="(1942:"/><SP WIDTH="13" VPOS="1740" HPOS="815"/>
							<String ID="string_459" HPOS="828" VPOS="1741" WIDTH="26" HEIGHT="24" WC="0.96" CONTENT="3)."/>
						</TextLine>
					</TextBlock>
					<TextBlock ID="block_25" HPOS="82" VPOS="1777" WIDTH="718" HEIGHT="30">
						<TextLine ID="line_55" HPOS="82" VPOS="1777" WIDTH="718" HEIGHT="30">
							<String ID="string_460" HPOS="82" VPOS="1777" WIDTH="333" HEIGHT="29" WC="0.91" CONTENT="FÖRTROENDEUPPDRAG;"/><SP WIDTH="14" VPOS="1777" HPOS="415"/>
							<String ID="string_461" HPOS="429" VPOS="1788" WIDTH="22" HEIGHT="13" WC="0.93" CONTENT="se"/><SP WIDTH="14" VPOS="1788" HPOS="451"/>
							<String ID="string_462" HPOS="465" VPOS="1781" WIDTH="243" HEIGHT="26" WC="0.90" CONTENT="Olycksfallsförsäkring"/><SP WIDTH="13" VPOS="1781" HPOS="708"/>
							<String ID="string_463" HPOS="721" VPOS="1781" WIDTH="79" HEIGHT="26" WC="0.96" CONTENT="(1946)."/>
						</TextLine>
					</TextBlock>
					<TextBlock ID="block_26" HPOS="82" VPOS="1819" WIDTH="891" HEIGHT="59">
						<TextLine ID="line_56" HPOS="82" VPOS="1819" WIDTH="891" HEIGHT="30">
							<String ID="string_464" HPOS="82" VPOS="1819" WIDTH="330" HEIGHT="28" WC="0.91" CONTENT="FÖRTROENDEUPPDRAG,"/><SP WIDTH="11" VPOS="1819" HPOS="412"/>
							<String ID="string_465" HPOS="423" VPOS="1823" WIDTH="191" HEIGHT="24" WC="0.30" CONTENT="KOMMUNALA;"/><SP WIDTH="11" VPOS="1823" HPOS="614"/>
							<String ID="string_466" HPOS="625" VPOS="1829" WIDTH="22" HEIGHT="13" WC="0.96" CONTENT="se"/><SP WIDTH="13" VPOS="1829" HPOS="647"/>
							<String ID="string_467" HPOS="660" VPOS="1822" WIDTH="179" HEIGHT="27" WC="0.95" CONTENT="Interpellationer"/><SP WIDTH="11" VPOS="1822" HPOS="839"/>
							<String ID="string_468" HPOS="850" VPOS="1823" WIDTH="69" HEIGHT="25" WC="0.96" CONTENT="(1949:"/><SP WIDTH="14" VPOS="1823" HPOS="919"/>
							<String ID="string_469" HPOS="933" VPOS="1823" WIDTH="40" HEIGHT="26" WC="0.95" CONTENT="51),"/>
						</TextLine>
						<TextLine ID="line_57" HPOS="110" VPOS="1853" WIDTH="507" HEIGHT="25">
							<String ID="string_470" HPOS="110" VPOS="1853" WIDTH="281" HEIGHT="25" WC="0.91" CONTENT="Kommunalförfattningar"/><SP WIDTH="13" VPOS="1853" HPOS="391"/>
							<String ID="string_471" HPOS="404" VPOS="1853" WIDTH="69" HEIGHT="25" WC="0.96" CONTENT="(1945:"/><SP WIDTH="14" VPOS="1853" HPOS="473"/>
							<String ID="string_472" HPOS="487" VPOS="1855" WIDTH="16" HEIGHT="20" WC="0.96" CONTENT="5,"/><SP WIDTH="17" VPOS="1855" HPOS="503"/>
							<String ID="string_473" HPOS="520" VPOS="1853" WIDTH="58" HEIGHT="19" WC="0.95" CONTENT="1950:"/><SP WIDTH="13" VPOS="1853" HPOS="578"/>
							<String ID="string_474" HPOS="591" VPOS="1853" WIDTH="26" HEIGHT="25" WC="0.95" CONTENT="7)."/>
						</TextLine>
					</TextBlock>
					<TextBlock ID="block_27" HPOS="82" VPOS="1889" WIDTH="614" HEIGHT="31">
						<TextLine ID="line_58" HPOS="82" VPOS="1889" WIDTH="614" HEIGHT="31">
							<String ID="string_475" HPOS="82" VPOS="1889" WIDTH="373" HEIGHT="29" WC="0.89" CONTENT="FÖRTROENDEÄMBETSMÄN;"/><SP WIDTH="15" VPOS="1889" HPOS="455"/>
							<String ID="string_476" HPOS="470" VPOS="1900" WIDTH="21" HEIGHT="13" WC="0.93" CONTENT="se"/><SP WIDTH="17" VPOS="1900" HPOS="491"/>
							<String ID="string_477" HPOS="508" VPOS="1894" WIDTH="188" HEIGHT="26" WC="0.44" CONTENT="Statstjänstemän."/>
						</TextLine>
					</TextBlock>
					<TextBlock ID="block_28" HPOS="82" VPOS="1931" WIDTH="892" HEIGHT="60">
						<TextLine ID="line_59" HPOS="82" VPOS="1931" WIDTH="892" HEIGHT="60">
							<String ID="string_478" HPOS="82" VPOS="1931" WIDTH="52" HEIGHT="54" WC="0.29" CONTENT="PU"/><SP WIDTH="37" VPOS="1931" HPOS="134"/>
							<String ID="string_479" HPOS="171" VPOS="1931" WIDTH="98" HEIGHT="60" WC="0.0" CONTENT="RES"/><SP WIDTH="2" VPOS="1931" HPOS="269"/>
							<String ID="string_480" HPOS="271" VPOS="1936" WIDTH="67" HEIGHT="19" WC="0.0" CONTENT="RaI"/><SP WIDTH="33" VPOS="1936" HPOS="338"/>
							<String ID="string_481" HPOS="371" VPOS="1936" WIDTH="9" HEIGHT="19" WC="0.96" CONTENT="I"/><SP WIDTH="14" VPOS="1936" HPOS="380"/>
							<String ID="string_482" HPOS="394" VPOS="1932" WIDTH="160" HEIGHT="28" WC="0.96" CONTENT="BROTTMÅL;"/><SP WIDTH="14" VPOS="1932" HPOS="554"/>
							<String ID="string_483" HPOS="568" VPOS="1942" WIDTH="22" HEIGHT="13" WC="0.93" CONTENT="se"/><SP WIDTH="17" VPOS="1942" HPOS="590"/>
							<String ID="string_484" HPOS="607" VPOS="1935" WIDTH="148" HEIGHT="26" WC="0.91" CONTENT="Frihetsstraff,"/><SP WIDTH="16" VPOS="1935" HPOS="755"/>
							<String ID="string_485" HPOS="771" VPOS="1935" WIDTH="125" HEIGHT="26" WC="0.90" CONTENT="Strafflagen"/><SP WIDTH="15" VPOS="1935" HPOS="896"/>
							<String ID="string_486" HPOS="911" VPOS="1935" WIDTH="63" HEIGHT="26" WC="0.96" CONTENT="(1946"/>
						</TextLine>
					</TextBlock>
					<TextBlock ID="block_29" HPOS="82" VPOS="2002" WIDTH="237" HEIGHT="25">
						<TextLine ID="line_60" HPOS="82" VPOS="2002" WIDTH="237" HEIGHT="25">
							<String ID="string_487" HPOS="82" VPOS="2002" WIDTH="237" HEIGHT="25" WC="0.95" CONTENT="FÖRVALTNINGEN."/>
						</TextLine>
					</TextBlock>
				</ComposedBlock>
				<ComposedBlock ID="cblock_20" HPOS="110" VPOS="2042" WIDTH="864" HEIGHT="86">
					<TextBlock ID="block_30" HPOS="110" VPOS="2042" WIDTH="864" HEIGHT="86">
						<TextLine ID="line_61" HPOS="110" VPOS="2042" WIDTH="864" HEIGHT="27">
							<String ID="string_488" HPOS="110" VPOS="2042" WIDTH="56" HEIGHT="26" WC="0.92" CONTENT="Ang."/><SP WIDTH="7" VPOS="2042" HPOS="166"/>
							<String ID="string_489" HPOS="173" VPOS="2042" WIDTH="147" HEIGHT="20" WC="0.91" CONTENT="formalismen"/><SP WIDTH="7" VPOS="2042" HPOS="320"/>
							<String ID="string_490" HPOS="327" VPOS="2042" WIDTH="57" HEIGHT="20" WC="0.91" CONTENT="inom"/><SP WIDTH="7" VPOS="2042" HPOS="384"/>
							<String ID="string_491" HPOS="391" VPOS="2042" WIDTH="224" HEIGHT="26" WC="0.91" CONTENT="statsförvaltningen;"/><SP WIDTH="7" VPOS="2042" HPOS="615"/>
							<String ID="string_492" HPOS="622" VPOS="2048" WIDTH="21" HEIGHT="14" WC="0.96" CONTENT="se"/><SP WIDTH="8" VPOS="2048" HPOS="643"/>
							<String ID="string_493" HPOS="651" VPOS="2038" WIDTH="178" HEIGHT="35" WC="0.63" CONTENT="Interpellationer"/><SP WIDTH="1" VPOS="2038" HPOS="829"/>
							<String ID="string_494" HPOS="830" VPOS="2038" WIDTH="65" HEIGHT="35" WC="0.63" CONTENT="(1946"/><SP WIDTH="6" VPOS="2038" HPOS="895"/>
							<String ID="string_495" HPOS="901" VPOS="2042" WIDTH="27" HEIGHT="20" WC="0.88" CONTENT="H:"/><SP WIDTH="9" VPOS="2042" HPOS="928"/>
							<String ID="string_496" HPOS="937" VPOS="2042" WIDTH="37" HEIGHT="27" WC="0.96" CONTENT="96)."/>
						</TextLine>
						<TextLine ID="line_62" HPOS="112" VPOS="2072" WIDTH="823" HEIGHT="26">
							<String ID="string_497" HPOS="112" VPOS="2072" WIDTH="150" HEIGHT="26" WC="0.96" CONTENT="Utnyttjande"/><SP WIDTH="15" VPOS="2072" HPOS="262"/>
							<String ID="string_498" HPOS="277" VPOS="2078" WIDTH="28" HEIGHT="14" WC="0.96" CONTENT="av"/><SP WIDTH="15" VPOS="2078" HPOS="305"/>
							<String ID="string_499" HPOS="320" VPOS="2072" WIDTH="58" HEIGHT="20" WC="0.96" CONTENT="äldre"/><SP WIDTH="15" VPOS="2072" HPOS="378"/>
							<String ID="string_500" HPOS="393" VPOS="2072" WIDTH="140" HEIGHT="20" WC="0.96" CONTENT="arbetskraft:"/><SP WIDTH="15" VPOS="2072" HPOS="533"/>
							<String ID="string_501" HPOS="548" VPOS="2078" WIDTH="22" HEIGHT="13" WC="0.93" CONTENT="se"/><SP WIDTH="14" VPOS="2078" HPOS="570"/>
							<String ID="string_502" HPOS="584" VPOS="2072" WIDTH="165" HEIGHT="20" WC="0.92" CONTENT="Pensionsväsen"/><SP WIDTH="15" VPOS="2072" HPOS="749"/>
							<String ID="string_503" HPOS="764" VPOS="2072" WIDTH="70" HEIGHT="26" WC="0.95" CONTENT="(1947:"/><SP WIDTH="15" VPOS="2072" HPOS="834"/>
							<String ID="string_504" HPOS="849" VPOS="2074" WIDTH="28" HEIGHT="20" WC="0.95" CONTENT="15,"/><SP WIDTH="20" VPOS="2074" HPOS="877"/>
							<String ID="string_505" HPOS="897" VPOS="2072" WIDTH="38" HEIGHT="26" WC="0.96" CONTENT="17)."/>
						</TextLine>
						<TextLine ID="line_63" HPOS="111" VPOS="2101" WIDTH="789" HEIGHT="27">
							<String ID="string_506" HPOS="111" VPOS="2102" WIDTH="26" HEIGHT="20" WC="0.96" CONTENT="Se"/><SP WIDTH="13" VPOS="2102" HPOS="137"/>
							<String ID="string_507" HPOS="150" VPOS="2102" WIDTH="40" HEIGHT="19" WC="0.93" CONTENT="ock"/><SP WIDTH="14" VPOS="2102" HPOS="190"/>
							<String ID="string_508" HPOS="204" VPOS="2101" WIDTH="231" HEIGHT="27" WC="0.70" CONTENT="Besparingsåtgärder,"/><SP WIDTH="14" VPOS="2101" HPOS="435"/>
							<String ID="string_509" HPOS="449" VPOS="2101" WIDTH="215" HEIGHT="27" WC="0.90" CONTENT="Statsförvaltningen,"/><SP WIDTH="16" VPOS="2101" HPOS="664"/>
							<String ID="string_510" HPOS="680" VPOS="2101" WIDTH="220" HEIGHT="26" WC="0.91" CONTENT="Utredningsväsende."/>
						</TextLine>
					</TextBlock>
				</ComposedBlock>
				<ComposedBlock ID="cblock_21" HPOS="980" VPOS="142" WIDTH="8" HEIGHT="1984">
					<TextBlock ID="block_31" HPOS="980" VPOS="142" WIDTH="8" HEIGHT="1984">
						<TextLine ID="line_64" HPOS="980" VPOS="142" WIDTH="8" HEIGHT="1984">
							<String ID="string_511" HPOS="980" VPOS="142" WIDTH="8" HEIGHT="1984" WC="0.95" CONTENT=" "/>
						</TextLine>
					</TextBlock>
				</ComposedBlock>
				<ComposedBlock ID="cblock_22" HPOS="1235" VPOS="143" WIDTH="5" HEIGHT="1983">
					<TextBlock ID="block_32" HPOS="1235" VPOS="143" WIDTH="5" HEIGHT="1983">
						<TextLine ID="line_65" HPOS="1235" VPOS="143" WIDTH="5" HEIGHT="1983">
							<String ID="string_512" HPOS="1235" VPOS="143" WIDTH="5" HEIGHT="1983" WC="0.95" CONTENT=" "/>
						</TextLine>
					</TextBlock>
				</ComposedBlock>
				<ComposedBlock ID="cblock_23" HPOS="1395" VPOS="143" WIDTH="5" HEIGHT="1984">
					<TextBlock ID="block_33" HPOS="1395" VPOS="143" WIDTH="5" HEIGHT="1984">
						<TextLine ID="line_66" HPOS="1395" VPOS="143" WIDTH="5" HEIGHT="1984">
							<String ID="string_513" HPOS="1395" VPOS="143" WIDTH="5" HEIGHT="1984" WC="0.95" CONTENT=" "/>
						</TextLine>
					</TextBlock>
				</ComposedBlock>
				<ComposedBlock ID="cblock_24" HPOS="1458" VPOS="143" WIDTH="7" HEIGHT="1983">
					<TextBlock ID="block_34" HPOS="1458" VPOS="143" WIDTH="7" HEIGHT="1983">
						<TextLine ID="line_67" HPOS="1458" VPOS="143" WIDTH="7" HEIGHT="1983">
							<String ID="string_514" HPOS="1458" VPOS="143" WIDTH="7" HEIGHT="1983" WC="0.95" CONTENT=" "/>
						</TextLine>
					</TextBlock>
				</ComposedBlock>
				<ComposedBlock ID="cblock_25" HPOS="1659" VPOS="144" WIDTH="8" HEIGHT="1984">
					<TextBlock ID="block_35" HPOS="1659" VPOS="144" WIDTH="8" HEIGHT="1984">
						<TextLine ID="line_68" HPOS="1659" VPOS="144" WIDTH="8" HEIGHT="1984">
							<String ID="string_515" HPOS="1659" VPOS="144" WIDTH="8" HEIGHT="1984" WC="0.95" CONTENT=" "/>
						</TextLine>
					</TextBlock>
				</ComposedBlock>
				<ComposedBlock ID="cblock_26" HPOS="1028" VPOS="149" WIDTH="8" HEIGHT="1977">
					<TextBlock ID="block_36" HPOS="1028" VPOS="149" WIDTH="8" HEIGHT="1977">
						<TextLine ID="line_69" HPOS="1028" VPOS="149" WIDTH="8" HEIGHT="1977">
							<String ID="string_516" HPOS="1028" VPOS="149" WIDTH="8" HEIGHT="1977" WC="0.95" CONTENT=" "/>
						</TextLine>
					</TextBlock>
				</ComposedBlock>
				<ComposedBlock ID="cblock_27" HPOS="1105" VPOS="149" WIDTH="5" HEIGHT="1977">
					<TextBlock ID="block_37" HPOS="1105" VPOS="149" WIDTH="5" HEIGHT="1977">
						<TextLine ID="line_70" HPOS="1105" VPOS="149" WIDTH="5" HEIGHT="1977">
							<String ID="string_517" HPOS="1105" VPOS="149" WIDTH="5" HEIGHT="1977" WC="0.95" CONTENT=" "/>
						</TextLine>
					</TextBlock>
				</ComposedBlock>
				<ComposedBlock ID="cblock_28" HPOS="1283" VPOS="208" WIDTH="5" HEIGHT="1916">
					<TextBlock ID="block_38" HPOS="1283" VPOS="208" WIDTH="5" HEIGHT="1916">
						<TextLine ID="line_71" HPOS="1283" VPOS="208" WIDTH="5" HEIGHT="1916">
							<String ID="string_518" HPOS="1283" VPOS="208" WIDTH="5" HEIGHT="1916" WC="0.95" CONTENT=" "/>
						</TextLine>
					</TextBlock>
				</ComposedBlock>
				<ComposedBlock ID="cblock_29" HPOS="1171" VPOS="208" WIDTH="3" HEIGHT="1917">
					<TextBlock ID="block_39" HPOS="1171" VPOS="208" WIDTH="3" HEIGHT="1917">
						<TextLine ID="line_72" HPOS="1171" VPOS="208" WIDTH="3" HEIGHT="1917">
							<String ID="string_519" HPOS="1171" VPOS="208" WIDTH="3" HEIGHT="1917" WC="0.95" CONTENT=" "/>
						</TextLine>
					</TextBlock>
				</ComposedBlock>
				<ComposedBlock ID="cblock_30" HPOS="1330" VPOS="208" WIDTH="6" HEIGHT="1917">
					<TextBlock ID="block_40" HPOS="1330" VPOS="208" WIDTH="6" HEIGHT="1917">
						<TextLine ID="line_73" HPOS="1330" VPOS="208" WIDTH="6" HEIGHT="1917">
							<String ID="string_520" HPOS="1330" VPOS="208" WIDTH="6" HEIGHT="1917" WC="0.95" CONTENT=" "/>
						</TextLine>
					</TextBlock>
				</ComposedBlock>
				<ComposedBlock ID="cblock_31" HPOS="1560" VPOS="209" WIDTH="6" HEIGHT="1916">
					<TextBlock ID="block_41" HPOS="1560" VPOS="209" WIDTH="6" HEIGHT="1916">
						<TextLine ID="line_74" HPOS="1560" VPOS="209" WIDTH="6" HEIGHT="1916">
							<String ID="string_521" HPOS="1560" VPOS="209" WIDTH="6" HEIGHT="1916" WC="0.95" CONTENT=" "/>
						</TextLine>
					</TextBlock>
				</ComposedBlock>
				<ComposedBlock ID="cblock_32" HPOS="1283" VPOS="256" WIDTH="5" HEIGHT="1868">
					<TextBlock ID="block_42" HPOS="1283" VPOS="256" WIDTH="5" HEIGHT="1868">
						<TextLine ID="line_75" HPOS="1283" VPOS="256" WIDTH="5" HEIGHT="1868">
							<String ID="string_522" HPOS="1283" VPOS="256" WIDTH="5" HEIGHT="1868" WC="0.95" CONTENT=" "/>
						</TextLine>
					</TextBlock>
				</ComposedBlock>
				<ComposedBlock ID="cblock_33" HPOS="1817" VPOS="1" WIDTH="16" HEIGHT="1791">
					<TextBlock ID="block_43" HPOS="1817" VPOS="1" WIDTH="16" HEIGHT="1791">
						<TextLine ID="line_76" HPOS="1817" VPOS="1" WIDTH="16" HEIGHT="1791">
							<String ID="string_523" HPOS="1817" VPOS="1" WIDTH="16" HEIGHT="1791" WC="0.95" CONTENT=" "/>
						</TextLine>
					</TextBlock>
				</ComposedBlock>
			</PrintSpace>
		</Page>
	</Layout>
</alto>
