1827 2356
1611 69 41 20 127

1114 154 91 29 Motioner
1252 154 89 30 Utskott
1504 158 94 16 Protokoll

1386 170 57 17 Skriv.

1404 199 22 11 nr

1109 211 32 16 FK
1144 207 23 30 |
1171 211 35 16 AK
1228 211 85 17 ISmllAvd!
1337 212 26 16 Nr
1482 212 32 16 FK
1581 212 34 16 AK

980 177 25 20 År
1001 173 18 34 |
1027 181 54 21 Prop.

68 283 223 20 BEREDSKAPENS
305 283 184 25 AVVECKLING;
504 289 21 14 se
541 283 162 20 Försvarsväsen
718 283 70 26 (1945:
800 284 31 21 32,
847 283 59 20 1947:
919 283 39 25 22),

100 313 111 26 Värnplikt
224 313 70 26 (1945:
306 313 26 26 9).

68 361 329 24 BEREDSKAPSARBETEN;
409 367 22 13 se
441 360 236 26 Planeringskostnader
689 361 65 26 (spec.
769 360 67 25 1945).

68 404 372 29 BEREDSKAPSERSÄTTNING;
459 415 22 13 se
499 408 250 27 Avlöningsreglementen
768 408 78 26 (1949).

68 453 311 28 BEREDSKAPSFRÅGOR;
392 463 22 13 se
427 456 163 21 Försvarsväsen
603 457 65 26 (spec.
683 456 59 21 1949:
755 456 26 26 2).

68 499 474 25 BEREDSKAPSFÖRFOGANDELAGEN.

96 540 43 20 RD
149 542 90 24 antager
248 540 79 26 förslag
336 540 32 20 till
377 540 35 26 lag
421 545 48 21 ang.
479 540 83 20 ändrad
572 540 81 26 lydelse
662 546 27 14 av
700 540 8 20 1
720 540 40 20 och
769 540 13 20 2
791 540 20 25 $$
820 538 188 28 beredskaps-]46]
1049 539 27 20 201
1121 551 27 2 —I|
1185 551 27 2 —I
1247 539 13 20 9/1
1295 539 13 20 2)
1362 540 7 19 11
1410 540 23 20 411
1476 540 54 19 9:47
1536 534 23 36 |
1576 540 55 20 9:56

68 570 190 25 förfogandelagen
274 570 41 19 den
330 570 27 19 30
371 570 47 25 juni
435 570 52 19 1942
502 570 34 25 (nr
551 570 49 25 584)
616 570 115 22 (avseende
746 576 26 13 en
788 569 130 26 utvidgning
932 575 28 14 av

67 598 73 26 lagens
153 599 154 26 tillämplighet
319 601 34 18 att
364 599 83 25 jämväl
460 599 94 20 omfatta
567 599 129 26 avveckling
707 605 28 14 av
748 599 90 25 tidigare
851 598 108 21 anbefalld

68 628 121 26 beredskap
200 630 57 18 samt
268 628 73 26 lagens
352 628 152 27 tillämplighet
514 631 55 18 även
581 629 11 19 å
604 629 125 26 byggnader
739 629 39 19 och
789 628 170 26 anläggningar).

96 658 25 20 Se
131 658 40 20 ock
181 658 176 26 Rekvisitionslag
366 658 80 26 (1942).

67 711 352 25 BEREDSKAPSINVALIDER;
432 718 22 14 se
468 712 163 20 Försvarsväsen
644 712 70 26 (1945:
726 712 26 25 4).

68 759 313 25 BEREDSKAPSKURSER;
396 765 22 14 se
436 759 217 26 Yrkesundervisning
668 759 69 26 (1944:
752 762 29 20 14,
798 759 59 20 1945:
871 761 29 20 15,
920 760 38 24 16).

67 802 259 29 BEREDSKAPSMÄN;
338 813 22 14 se
371 807 244 26 Krigsskadeersättning
626 807 70 26 (1944:
709 808 25 24 3).

67 854 323 20 BEREDSKAPSSJUKHUS.

95 890 42 20 RD
151 890 118 26 medgiver,
283 892 34 18 att
330 890 138 20 återstående
481 890 70 20 medel
564 896 28 14 av
605 890 27 20 de
644 890 12 20 å
670 890 132 26 tilläggsstat
816 890 8 20 I
838 890 39 20 och
893 890 20 20 II
927 890 32 20 till]
979 888 28 20 44]
1036 889 39 20 106
1083 884 28 36 |
1120 901 27 2 —|
1185 901 26 2 —I
1247 889 60 19 61—]
1345 889 27 21 621
1398 889 96 21 184112:
1508 891 36 18 1421
1564 889 31 21 13:
1607 892 23 17 10

66 919 119 21 riksstaten
199 920 33 20 för
247 920 130 26 budgetåret
392 920 91 26 1939/40
498 920 67 20 under
579 920 33 20 5:e
626 920 41 20 HT
681 921 111 25 upptagna
807 920 153 20 reservations-

66 949 102 26 anslagen
183 949 32 20 till
229 949 125 27 utrustning
366 956 28 14 m.
404 956 29 14 m.
447 956 28 14 av
487 949 224 26 beredskapssjukhus
724 949 36 20 vid
773 949 47 27 krig
832 949 50 20 eller
893 949 67 26 krigs-

66 979 47 20 fara
125 980 36 19 må
178 979 126 26 disponeras
317 979 68 20 under
397 979 130 26 budgetåret
541 979 96 26 1944/45.

96 1021 42 19 RD
152 1021 117 26 medgiver,
283 1023 35 18 att
330 1021 138 20 återstående
481 1021 70 20 medel
564 1027 28 14 av
606 1021 25 20 de
645 1021 12 20 å
671 1021 130 26 tilläggsstat
817 1021 7 19 I
839 1021 39 20 och
893 1021 20 20 II
929 1021 31 20 till]
980 1019 27 20 45]
1036 1020 40 20 230
1084 1015 24 37 |
1120 1032 27 2 —
1185 1032 27 2 —I
1247 1020 61 19 6/|—]
1346 1020 183 21 791192118:47
1535 1015 19 37 |
1564 1020 30 21 18:
1606 1023 24 17 90

67 1050 118 20 riksstaten
200 1051 33 19 för
247 1051 130 25 budgetåret
393 1050 90 27 1939/40
497 1051 69 19 under
579 1051 33 20 5:e
627 1051 40 20 HT
681 1052 112 25 upptagna
808 1051 152 20 reservations-

66 1080 103 26 anslagen
182 1080 32 20 till
228 1080 125 26 utrustning
365 1087 29 13 m.
404 1087 28 13 m.
446 1086 28 14 av
487 1080 224 26 beredskapssjukhus
724 1080 36 20 vid
773 1080 47 26 krig
832 1080 50 20 eller
894 1080 66 26 krigs-

67 1109 45 20 fara
124 1111 36 19 må
172 1110 125 26 disponeras
309 1110 68 20 under
388 1110 131 26 budgetåret
531 1110 96 26 1945/46.

95 1151 42 20 RD
151 1152 117 25 medgiver,
282 1153 35 19 att
329 1152 139 20 återstående
481 1151 69 20 medel
564 1158 27 14 av
605 1152 26 19 de
644 1152 12 19 å
670 1152 131 25 tilläggsstat
816 1152 8 19 I
838 1152 40 19 och
893 1151 20 20 IT
928 1151 31 20 till]
980 1150 27 20 46]
1038 1151 38 20 170
1085 1146 23 36 |
1120 1162 27 2 —I
1185 1162 27 2 —I
1247 1151 60 19 61—]
1345 1151 23 20 711
1398 1151 96 20 142114:
1505 1153 24 17 45
1533 1146 23 36 |
1563 1152 31 19 14:
1606 1153 24 17 62

66 1181 117 20 riksstaten
199 1181 33 20 för
246 1181 131 26 budgetåret
392 1181 90 26 1939/40
497 1181 68 20 under
579 1181 32 20 5:e
626 1181 40 20 HT
681 1183 112 24 upptagna
807 1181 153 20 reservations-

65 1211 103 25 anslagen
178 1210 31 20 till
218 1211 126 26 utrustning
352 1217 28 14 m.
391 1217 29 14 m.
429 1217 28 13 av
465 1210 225 27 beredskapssjukhus
698 1211 36 19 vid
743 1211 47 26 krig
798 1211 49 19 eller
855 1211 104 26 krigsfara

66 1240 35 20 må
113 1240 126 26 disponeras
251 1240 68 20 under
331 1240 130 26 budgetåret
475 1240 96 26 1946/47.

94 1281 43 21 RD
151 1282 117 26 medgiver,
282 1284 35 18 att
330 1282 138 20 återstående
481 1281 70 20 medel
564 1288 28 14 av
606 1282 25 19 de
644 1282 12 20 å
670 1282 131 26 tilläggsstat
816 1282 8 20 I
838 1282 40 20 och
894 1282 20 19 II
928 1281 32 21 tilll
980 1280 27 20 47|
1049 1282 26 19 221
1120 1292 27 3 —|
1184 1293 27 2 —|
1247 1281 60 19 61—]
1345 1281 26 21 251
1410 1281 26 20 441
1475 1281 54 20 8:10
1535 1276 24 37 |
1575 1281 54 21 8:17

66 1311 118 20 riksstaten
198 1311 33 20 för
246 1311 130 26 budgetåret
392 1311 90 26 1939/40
497 1312 68 19 under
579 1312 32 20 5:e
626 1311 40 20 HT
681 1313 111 24 upptagna
807 1311 153 20 reservations-

65 1341 104 26 anslagen
179 1341 31 20 till
219 1341 125 26 utrustning
353 1347 28 14 m.
392 1347 28 14 m.
429 1347 28 14 av
465 1341 225 26 beredskapssjukhus
698 1341 37 20 vid
743 1341 47 26 krig
798 1341 50 20 eller
855 1341 105 26 krigsfara

66 1370 35 20 må
114 1370 125 26 disponeras
252 1371 68 20 under
331 1371 131 26 budgetåret
474 1371 97 26 1947/48.

95 1400 25 20 Se
132 1400 40 20 ock
184 1400 137 26 Civilförsvar
332 1400 70 27 (1950:
415 1401 25 25 2),
452 1400 220 26 Reservationsanslag
683 1400 79 26 (1943),
776 1400 185 26 Sjukvårdsbered-

65 1430 178 26 skapsnämnden.

66 1483 264 24 BEREDSKAPSSTAT,
346 1479 122 25 ALLMÄN.

94 1519 49 19 Med
153 1519 75 26 avslag
237 1520 12 19 å
259 1519 90 23 motion,
360 1519 6 20 i
376 1520 43 19 vad
429 1519 41 20 den
480 1525 63 14 avser
552 1519 75 26 bidrag
637 1519 32 20 till
678 1519 172 20 internationellt
859 1518 149 27 återupp-|431]
1036 1519 40 20 365
1080 1514 28 35 |
1120 1530 27 2 —J|
1171 1519 40 19 4891
1247 1519 61 19 61|—
1306 1514 14 35 |
1332 1519 40 20 266
1369 1514 19 35 1
1396 1519 40 20 515
1435 1514 18 35 |
1461 1519 33 20 34:
1505 1521 24 17 49
1531 1514 23 35 |
1561 1519 33 20 34:
1605 1519 38 20 56d

66 1549 196 25 byggnadsarbete,
280 1549 127 26 godkänner
425 1549 43 20 RD
486 1549 79 26 förslag
583 1549 32 20 till
633 1549 80 20 allmän
732 1549 178 26 beredskapsstat
927 1549 33 19 för

66 1578 131 26 budgetåret
212 1578 97 26 1943/44;
324 1578 40 20 och
379 1578 142 27 bemyndigar
535 1579 42 19 RD
591 1578 64 20 KM:t
667 1580 35 18 att
715 1578 48 20 med
777 1578 143 26 iakttagande
933 1584 27 14 av

66 1608 43 19 vad
121 1608 169 20 statsutskottet
301 1608 74 20 anfört
386 1608 109 20 fastställa
508 1608 71 20 denna
591 1608 178 26 beredskapsstat
780 1610 35 18 att
826 1608 134 20 omedelbart

66 1637 64 20 lända
145 1637 32 20 till
192 1637 145 20 efterrättelse
351 1638 71 19 såsom
436 1638 81 19 allmän
531 1638 152 20 förskottsstat
696 1639 57 18 samt
767 1639 34 18 att
815 1638 63 19 ställa
893 1638 11 19 å
919 1637 42 20 för-

65 1667 147 20 skottsstaten
225 1667 108 26 uppförda
345 1667 75 26 anslag
432 1667 33 20 till
477 1667 162 20 vederbörande
651 1667 163 26 myndigheters
825 1667 134 26 förfogande;

65 1696 40 20 och
116 1696 111 26 medgiver
238 1697 50 23 RD,
300 1698 34 19 att
345 1697 26 19 de
381 1697 6 19 i
398 1697 207 26 beredskapsstaten
616 1697 93 25 angivna
721 1696 193 27 anslagsbeloppen
924 1697 35 20 må

65 1726 144 23 överskridas,
223 1726 67 20 under
300 1726 160 26 förutsättning
470 1728 35 18 att
516 1726 124 26 Konungen
651 1726 49 20 låtit
711 1726 185 26 riksdagskallelse
908 1726 51 26 utgå

65 1755 50 20 eller
127 1755 42 20 RD
181 1756 85 20 ändock
278 1756 54 20 skall
343 1756 59 20 inom
413 1756 62 26 tjugo
487 1756 67 26 dagar
564 1756 171 20 sammanträda.

95 1797 17 20 1.
130 1797 42 20 RD
184 1797 101 23 besluter,
296 1799 35 18 att
341 1797 80 20 allmän
432 1798 180 25 beredskapsstat
621 1797 33 20 för
664 1797 131 26 budgetåret
806 1797 90 26 1944/45
906 1797 54 20 skall]
980 1797 27 20 44]
1036 1797 37 20 281
1079 1793 23 35 |
1107 1797 40 20 343
1149 1793 14 35 |
1172 1797 39 20 546]
1247 1797 61 20 61—
1305 1793 18 35 |
1331 1797 41 20 2121
1396 1797 41 20 4321
1461 1797 33 20 26:
1505 1797 25 20 4d
1536 1793 19 35 |
1563 1797 31 20 19:
1607 1797 37 20 17d

66 1828 116 24 upprättas
193 1827 6 19 i
211 1827 95 26 enlighet
317 1827 50 20 med
379 1827 26 20 de
416 1827 110 20 allmänna
538 1827 113 26 riktlinjer,
664 1833 46 14 som
721 1827 95 26 angivits
827 1827 6 20 i
845 1827 115 20 statsråds-
1106 1827 41 19 346
1561 1827 33 20 26:
1606 1829 10 18 7

66 1856 132 26 protokollet
209 1858 52 18 över
271 1857 168 20 finansärenden
450 1857 33 20 för
495 1857 41 20 den
548 1857 26 20 12
584 1857 43 25 maj
642 1857 59 23 1944;
713 1857 40 19 och
764 1856 143 27 bemyndigar
917 1856 43 21 RD

66 1886 63 20 KM:t
141 1888 41 21 att,
195 1886 50 20 med
257 1886 143 26 iakttagande
412 1893 28 14 av
452 1887 44 20 vad
508 1887 6 19 i
527 1887 95 20 nämnda
635 1886 216 26 statsrådsprotokoll
863 1888 58 18 samt
932 1892 28 14 av

66 1916 110 20 utskottet
189 1916 91 23 anförts,
294 1916 109 20 fastställa
417 1916 81 20 allmän
512 1916 177 26 beredskapsstat
705 1916 7 20 I
726 1918 35 18 att
773 1916 65 20 lända
851 1916 33 20 till
897 1916 63 20 efter-

65 1945 88 20 rättelse
165 1945 26 21 fr.
201 1952 19 14 o.
231 1952 28 14 m.
273 1946 41 20 den
328 1946 8 20 1
350 1946 39 26 juli
403 1946 53 20 1944
468 1948 57 18 samt
536 1948 35 18 att
583 1946 63 20 ställa
658 1946 26 20 de
695 1946 12 20 å
720 1947 72 19 staten
805 1946 106 26 uppförda
923 1952 38 14 an-

65 1975 73 26 slagen
155 1975 33 20 till
205 1975 163 21 vederbörande
385 1976 164 26 myndigheters
565 1976 127 26 förfogande
708 1976 25 20 fr.
744 1982 19 14 o.
773 1982 29 14 m.
819 1981 83 15 samma
919 1975 42 20 tid-

66 2005 77 26 punkt,
163 2005 109 20 fastställa
291 2005 81 20 allmän
392 2005 178 27 beredskapsstat
591 2006 20 19 II
630 2007 34 18 att
683 2005 64 20 lända
766 2005 32 20 till
817 2005 143 20 efterrättelse

65 2034 25 21 fr.
101 2040 19 14 o.
130 2041 29 13 m.
170 2035 42 19 den
224 2035 8 20 1
244 2035 40 26 juli
295 2035 52 20 1944
358 2037 58 18 samt
426 2037 34 18 att
471 2035 45 20 dels
525 2035 25 20 fr.
561 2041 19 14 o.
590 2041 29 14 m.
630 2041 83 14 samma
724 2035 105 26 tidpunkt
839 2035 62 20 ställa
912 2035 26 20 de
948 2035 12 20 å

65 2066 72 18 staten
152 2065 108 25 uppförda
274 2065 103 26 anslagen
390 2065 33 20 till
436 2065 164 20 vederbörande
612 2065 163 26 myndigheters
788 2065 127 26 förfogande
928 2064 33 20 för

65 2093 158 21 förberedande
240 2094 232 27 planeringsåtgärder,
489 2095 51 23 dels,
557 2101 35 14 om
609 2095 39 19 och
664 2095 6 19 i
687 2095 40 20 den
744 2095 50 20 mån
810 2094 150 26 försörjnings-
