1861 2361
163 139 41 34 498
860 143 224 17 SAKREGISTER

1307 217 106 30 Utskotts-
1486 221 54 17 Riks-

1101 240 57 29 Kungl.]
1211 269 4 4 ä
1305 237 117 37 utlåtanden,
1479 236 69 40 dagens
1609 239 117 34 Kamrarnas

1104 277 54 18 Maj:ts]
1169 269 93 16 Motioner
1288 281 152 16 memorialkener
1489 266 46 36 skri-
1597 270 142 21 förhandlingar

1049 300 27 21 År
1104 310 51 14 [prop:r
1299 306 133 31 betänkanden
1474 306 68 31 velser
1623 299 88 21 (prot.nr)

1112 337 36 14 eller

1096 360 61 31 skriver
1280 365 58 26 fl:
1582 365 66 17 Första
1655 361 24 31 |
1685 366 64 16 Andra

1173 377 86 16 FKIAK
1280 392 16 24 3
1323 383 15 30 3
1362 377 91 17 Nummer|
1469 378 91 15 Nummer
1581 389 70 17 kamrm.
1682 389 71 17 Jölemor

183 436 121 20 Folkskolor
318 442 28 14 m.
362 442 27 14 m.

171 468 23 17 12
210 466 42 20 RD
264 467 103 23 anhåller,
379 468 35 18 att
425 466 64 20 KM:t
499 466 50 20 ville
560 466 45 20 låta
616 466 118 20 verkställa
746 466 116 26 utredning
873 466 39 19 och
924 466 33 19 för
970 465 52 20 1936
1041 466 52 20 |1935]
1117 478 27 2 —
1147 461 27 35 |
1179 478 27 2 —
1206 461 9 35 |
1226 467 40 20 215

223 496 35 20 års
273 496 43 20 RD
332 496 119 26 framlägga
467 496 79 26 förslag
561 498 42 18 rör.
619 496 101 26 åtgärder
735 496 33 20 för
783 495 148 27 avhjälpande
946 501 28 14 av
989 495 33 20 rå-

224 526 71 20 dande
312 526 145 20 arbetslöshet
473 526 67 20 bland
557 526 221 20 småskollärarinnor.

1288 467 12 20 &

1322 479 28 2 |

1371 467 25 20 64
1464 467 40 20 313
1571 467 33 20 37:
1615 469 24 18 82
1650 467 114 21 d/41:108
1744 463 18 35 d

171 600 23 18 13
210 598 42 20 RD
272 598 127 26 godkänner
417 598 109 20 allmänna
545 598 93 26 grunder
656 598 34 19 för
708 597 133 26 statsbidrag
859 596 33 21 till
911 596 181 21 undervis-|1935]
1111 597 39 21 174
1150 592 19 36 |
1173 598 36 19 141)
1239 598 26 20 37|
1287 599 12 19 6
1303 592 19 36 |
1322 599 75 19 —142
1463 598 41 20 347
1571 599 33 20 37:
1615 601 25 17 84
1650 598 113 21 d/40:108d

223 628 145 26 ningslokaler
383 634 29 13 m.
428 634 29 13 m.
473 628 33 20 för
521 627 219 23 folkskoleväsendet,
756 627 109 20 allmänna
881 627 93 26 grunder
989 626 33 20 för
1171 628 40 20 2951
1225 628 37 20 281
1359 628 38 20 165
1571 629 33 20 41:
1615 631 11 17 3
1637 629 13 20 d
1672 628 32 20 143:
1716 631 10 17 3

223 658 134 26 statsbidrag
366 657 34 20 till
409 657 103 27 avlöning
521 663 28 14 av
558 657 68 20 lärare
636 657 37 20 vid
683 657 218 23 folkskoleväsendet,
912 656 109 20 allmänna
1171 657 41 21 3121
1225 658 40 20 517

223 688 94 26 grunder
331 688 33 19 för
379 687 133 26 statsbidrag
526 687 33 20 till
574 687 145 26 skolskjutsar
732 688 58 19 samt
804 687 110 20 allmänna
928 686 94 27 grunder
1171 687 40 20 315]
1225 688 40 20 542
1352 703 1 17 |

223 718 33 20 för
272 717 134 26 statsbidrag
421 717 33 20 till
471 717 164 26 inackordering
650 723 29 14 av
695 716 139 27 skolpliktiga
850 716 61 24 barn;
928 716 40 20 och
984 722 38 14 an-
1171 717 40 20 3161
1225 717 40 21 546
1352 721 1 26 I

222 748 59 19 visar
294 747 43 20 RD
351 747 33 20 till
397 747 118 20 folkskolor
527 753 29 13 m.
566 753 36 14 m.:
617 746 76 27 bidrag
705 746 33 20 till
751 746 103 26 avlöning
867 746 23 20 åt
903 746 69 20 lärare
984 746 37 20 vid
1165 747 100 21 318-1551-
1352 748 2 31 |

223 777 119 20 folkskolor
356 778 33 19 ett
402 777 75 26 anslag
491 783 28 14 av
533 777 26 20 58
569 776 40 21 550
617 776 41 20 000
672 776 32 20 kr.
720 776 32 26 (f),
767 776 33 20 till
814 776 119 20 folkskolor
946 781 28 15 m.
984 781 37 14 m.:
1171 777 41 20 3221
1225 777 40 21 554
1352 782 2 19 I

223 807 92 20 allmänt
327 806 77 27 bidrag
415 807 34 19 för
460 806 124 26 utjämning
596 812 28 14 av
636 806 146 20 kostnaderna
795 806 33 20 för
840 805 182 21 folkskoleväsen-
1220 803 46 35 567-
1667 827 2 8 |

224 837 37 20 det
271 838 33 19 ett
314 836 75 26 anslag
399 842 28 14 av
437 836 13 20 5
459 836 41 20 660
508 836 41 20 000
559 836 32 20 kr.
602 836 33 26 (f),
646 836 34 20 till
689 836 119 20 folkskolor
817 842 29 14 m.
856 842 36 13 m.:
904 835 76 27 bidrag
989 835 33 20 till
1226 837 40 20 570

223 867 103 26 avlöning
340 867 24 19 åt
378 866 68 20 lärare
460 866 7 20 i
481 866 56 26 slöjd
551 866 38 20 vid
604 865 124 24 folkskolor,
742 866 85 20 mindre
841 865 118 20 folkskolor
973 865 50 20 eller

223 897 105 20 särskilda
339 896 129 26 slöjdskolor
478 897 33 19 ett
521 896 75 26 anslag
605 902 28 14 av
647 896 13 20 2
669 895 40 20 665
718 895 41 21 000
768 896 32 19 kr.
812 896 33 25 (f),
862 895 33 20 till
905 895 118 20 folkskolor

223 933 29 14 m.
262 933 36 13 m.:
316 926 77 26 bidrag
408 926 34 20 till
458 926 103 26 avlöning
577 926 24 20 åt
617 926 120 20 lärarinnor
752 925 7 20 i
776 925 193 27 hushållsgöromål
985 925 37 20 vid

223 956 107 27 egentliga
344 956 118 20 folkskolor
474 962 29 14 m.
513 962 28 14 m.
555 957 33 19 ett
601 956 74 26 anslag
688 962 27 14 av
728 955 40 21 295
778 955 40 20 000
830 955 33 20 kr.
877 955 33 26 (f),
922 955 34 20 till
968 955 55 20 folk-

223 986 73 20 skolor
316 992 29 14 m.
355 992 36 14 m.:
413 985 240 26 folkundervisningens
674 985 150 26 befrämjande
845 985 6 20 i
872 985 67 20 rikets
960 985 63 20 nord-

224 1016 77 27 ligaste
308 1017 124 25 gränsorter
439 1017 33 19 ett
480 1016 75 26 anslag
562 1022 28 13 av
600 1015 41 20 230
649 1015 41 20 000
698 1016 32 19 kr.
739 1015 33 26 (f),
780 1015 33 20 till
821 1015 119 20 folkskolor
947 1021 28 14 m.
985 1021 37 14 m.:

224 1046 76 26 bidrag
308 1046 33 19 till
350 1046 103 25 avlöning
461 1046 24 19 åt
493 1045 200 20 föreståndarinnor
701 1045 40 20 och
751 1045 129 20 biträdande
888 1045 136 20 förestånda-

224 1075 73 20 rinnor
314 1075 38 20 vid
370 1075 97 20 skolhem
485 1075 40 20 och
543 1075 149 26 arbetsstugor
709 1075 59 19 inom
786 1074 132 24 Jämtlands,
936 1074 88 21 Väster-

224 1105 88 20 bottens
329 1105 40 20 och
386 1105 145 20 Norrbottens
548 1105 35 19 län
600 1106 33 18 ett
649 1105 75 26 anslag
740 1110 28 14 av
786 1104 39 20 100
833 1104 41 20 000
890 1104 32 20 kr.
940 1104 33 26 (f),
990 1104 33 20 till

224 1135 119 20 folkskolor
359 1140 28 14 m.
404 1140 37 14 m.:
459 1134 77 26 bidrag
551 1134 33 20 till
601 1134 165 26 inackordering
781 1140 29 14 av
826 1134 102 20 skolbarn
944 1134 7 20 i
968 1133 56 21 skol-

224 1165 56 23 hem,
292 1165 150 25 arbetsstugor
453 1164 50 20 eller
514 1164 97 20 enskilda
623 1164 49 20 hem
683 1165 33 19 ett
727 1163 75 27 anslag
813 1170 28 13 av
852 1163 41 21 900
901 1163 41 20 000
952 1163 33 21 kr.
997 1163 26 26 (f)

224 1196 57 18 samt
292 1194 33 20 till
337 1194 119 20 folkskolor
467 1200 28 14 m.
507 1200 37 13 m.:
557 1194 76 26 bidrag
644 1194 33 19 till
688 1193 141 21 anordnande
840 1199 28 14 av
880 1193 144 26 skolskjutsar

224 1224 33 20 för
266 1224 140 26 skolpliktiga
416 1224 53 19 barn
481 1225 32 18 ett
523 1223 74 26 anslag
607 1230 28 13 av
645 1223 40 20 200
694 1223 41 20 000
744 1223 32 20 kr.
787 1223 33 26 (f);
831 1223 40 20 och
882 1223 142 26 bemyndigar

224 1254 42 20 RD
279 1254 63 19 KM:t
353 1255 35 18 att
398 1253 90 26 vidtaga
500 1253 26 20 de
536 1253 139 26 jämkningar
686 1253 39 20 och
737 1253 117 26 ändringar
864 1253 7 19 i
881 1253 142 26 kungörelsen

224 1284 42 20 den
277 1283 27 20 20
315 1283 40 26 juli
368 1283 53 20 1933
433 1283 35 26 (nr
479 1283 49 25 507)
540 1289 35 14 om
587 1283 132 26 tillsättning
730 1283 7 19 i
748 1283 58 20 vissa
817 1282 37 20 fall
866 1288 29 14 av
906 1283 69 20 lärare
985 1282 38 21 vid

224 1313 55 20 folk-
289 1313 40 20 och
340 1313 127 23 småskolor,
478 1319 46 14 som
535 1313 35 20 må
582 1313 98 20 befinnas
691 1312 138 27 erforderliga
839 1312 34 20 för
883 1312 141 26 uppnåendet

223 1349 29 14 av
266 1343 69 26 syftet
349 1343 50 20 med
414 1343 133 23 densamma;
563 1343 39 19 och
617 1342 110 26 medgiver
742 1342 50 24 RD,
807 1343 34 19 att
855 1342 121 26 ersättning
990 1342 34 20 för

224 1373 213 26 flyttningskostnad
452 1373 55 19 skall
523 1372 54 20 efter
593 1373 107 26 prövning
715 1378 28 14 av
760 1372 63 20 KM:t
838 1372 6 20 i
860 1372 61 26 varje
936 1372 88 20 särskilt

224 1403 37 20 fall
271 1409 29 14 av
310 1403 127 20 statsmedel
448 1403 51 26 utgå
511 1402 32 20 till
554 1402 75 24 lärare,
641 1408 46 14 som
698 1402 47 20 från
756 1402 137 20 skoldistrikt
902 1402 50 20 med
963 1404 61 18 över-

223 1433 54 26 talig
285 1433 129 26 lärartjänst
422 1433 86 19 erhållit
517 1432 86 27 frivillig
612 1432 140 26 förflyttning
760 1432 34 20 till
802 1433 69 19 annat
880 1432 142 20 skoldistrikt.

171 1507 23 17 14
211 1504 42 21 RD
272 1504 117 27 medgiver,
408 1505 35 19 att
461 1504 46 20 ord.
526 1504 68 20 lärare
612 1504 37 20 vid
668 1504 55 20 folk-
741 1504 39 20 och
799 1504 120 20 småskolor
936 1504 36 20 må
990 1504 34 20 för
1041 1503 53 20 [1935]
1111 1503 40 20 2091
1179 1516 29 3 —|
1234 1516 28 2 —I
1288 1504 13 20 6
1323 1505 75 20 |—I137
1464 1504 40 20 358
1572 1504 32 20 37:
1616 1506 24 17 84
1672 1504 33 21 141:
1717 1506 23 18 99
1751 1499 17 32 dj

224 1536 46 18 rätt
283 1534 33 20 till
332 1534 152 26 uppflyttning
498 1534 6 20 i
519 1534 101 26 lönegrad
636 1534 74 20 kunna
725 1534 158 26 tillgodoräkna
899 1533 31 27 sig
944 1534 80 26 tjänst-

223 1564 76 27 göring
307 1564 71 20 såsom
387 1564 103 20 icke-ord.
500 1564 68 20 lärare
576 1564 37 20 vid
622 1564 82 20 sådana
713 1564 72 19 skolor
793 1565 78 19 utöver
879 1563 30 20 tio
918 1563 106 20 lästermi-

224 1600 44 17 ner,
282 1594 50 20 med
347 1595 46 19 rätt
406 1594 34 20 för
454 1594 64 19 KM:t
531 1595 35 19 att
580 1593 88 21 utfärda
682 1593 133 21 härutinnan
829 1593 138 26 erforderliga
981 1593 43 20 till-

224 1624 294 26 lämpningsbestämmelser;
539 1624 40 19 och
600 1623 111 26 medgiver
730 1623 50 23 RD,
801 1624 35 19 att
856 1623 48 20 från
924 1623 100 25 förslags-

224 1654 98 25 anslaget
336 1653 33 20 till
384 1653 118 20 folkskolor
516 1659 28 14 m.
560 1659 36 14 m.:
612 1653 76 26 bidrag
702 1653 33 20 till
749 1653 103 26 avlöning
866 1653 23 20 åt
904 1653 68 20 lärare
986 1653 37 20 vid

224 1683 119 20 folkskolor
359 1683 35 20 må
411 1683 53 26 utgå
481 1683 143 26 provisoriskt
640 1683 125 26 lönetillägg
781 1683 24 20 åt
821 1683 82 20 sådana
920 1682 103 21 icke-ord.

224 1713 68 20 lärare
304 1713 37 19 vid
352 1713 55 20 folk-
418 1713 40 19 och
470 1713 126 23 småskolor,
609 1719 46 13 som
666 1712 100 21 innehaft
777 1712 103 21 icke-ord.
892 1712 132 26 anställning

224 1742 50 20 med
286 1743 39 19 full
338 1742 147 27 tjänstgöring
496 1742 38 20 vid
547 1742 74 26 dylika
634 1742 72 20 skolor
718 1742 69 20 under
799 1742 146 26 sammanlagt
957 1742 67 20 minst

224 1772 31 20 tio
267 1772 110 24 terminer,
390 1772 50 20 med
452 1772 34 20 för
497 1772 24 20 år
533 1772 79 20 räknat
624 1772 41 20 300
676 1772 33 20 kr.
722 1772 23 20 åt
757 1772 81 26 manlig
850 1772 41 20 och
903 1772 40 20 200
955 1772 32 20 kr.
1000 1772 24 20 åt

224 1802 98 26 kvinnlig
339 1802 163 20 folkskollärare
519 1803 57 19 samt
595 1802 38 20 150
650 1802 32 20 kr.
700 1802 24 20 åt
740 1802 171 23 småskollärare,
929 1801 95 21 anställd

224 1832 37 20 vid
273 1832 115 24 småskola,
400 1832 84 20 mindre
496 1832 107 20 folkskola
614 1832 51 20 eller
675 1832 94 26 egentlig
779 1832 114 20 folkskola.

172 1899 23 18 15
209 1885 56 44 Ang.
270 1885 85 44 ändrad
368 1898 81 26 lydelse
458 1904 28 14 av
496 1897 12 21 3
517 1898 10 25 $
536 1898 62 26 lagen
608 1904 35 14 om
652 1897 213 21 folkskoleväsendet
874 1897 6 21 i
890 1897 133 25 Stockholm;

224 1933 22 14 se
257 1927 280 27 Kommunalförfattningar
549 1927 70 26 (1935:
632 1928 26 25 1).

185 2019 9 17 1
209 2016 43 20 AK
264 2016 73 21 avslår
348 2017 84 20 motion
444 2022 49 21 ang.
506 2017 44 20 viss
562 2017 92 26 ändring
665 2017 7 20 i
684 2017 100 26 gällande
796 2016 184 27 boställsordning
991 2017 34 20 för
1042 2015 53 21 |1936|
1119 2027 27 2 —
1153 2011 23 36 |
1180 2016 121 20 —/|616H3
1303 2011 19 36 |
1332 2016 8 20 1]
1386 2016 13 20 2
1506 2028 27 2 -—
1607 2027 28 2 —
1674 2015 31 21 HH:
1717 2016 34 21 4d

223 2046 158 27 lärarpersonal
394 2047 38 20 vid
446 2046 55 21 folk-
515 2047 41 20 och
570 2047 126 20 småskolor.
