1801 2329
756 66 222 20 SAKREGISTER

1626 68 38 20 339

87 256 226 25 Folkpensionering

132 285 82 25 bidrag
228 285 35 21 till
277 285 159 20 kostnaderna
449 285 37 20 för
499 285 256 25 folkpensioneringen;
769 284 43 20 och
826 285 95 24 antager
934 284 39 20 RD

133 315 37 20 för
183 316 37 19 sin
233 315 36 20 del
282 315 37 25 lag
331 321 38 14 om
381 315 195 25 barnpensioner;
589 315 43 20 och
645 315 96 25 antager
752 314 40 20 RD
805 314 37 25 lag
854 319 51 20 ang.
918 314 55 19 änd-

132 345 52 25 ring
197 345 8 20 i
220 345 66 25 lagen
300 345 44 20 den
358 345 27 20 26
399 344 44 25 juli
458 344 54 21 1947
530 344 39 24 (nr
583 344 52 24 530)
653 350 38 14 om
704 344 116 20 särskilda
833 343 140 25 barnbidrag

132 375 36 20 till
181 375 87 20 änkors
280 375 44 19 och
336 374 125 21 invaliders
473 380 30 14 m.
516 374 24 20 fl.
552 374 66 24 barn,
630 374 37 25 lag
678 379 52 20 ang.
742 374 99 25 ändring
852 374 7 20 i
870 373 103 25 bidrags-

132 404 184 25 förskottslagen
327 404 44 20 den
383 404 25 20 11
420 404 52 25 juni
485 404 55 20 1943
554 405 39 23 (nr
604 403 64 25 382),
679 404 36 25 lag
725 409 52 20 ang.
788 403 88 20 ändrad
888 403 85 25 lydelse

134 435 10 19 1
157 434 44 20 och
212 434 13 20 2
239 434 24 23 88
276 434 66 25 lagen
354 434 44 20 den
409 434 26 20 31
448 434 47 24 maj
509 434 55 20 1957
579 433 39 24 (nr
629 433 53 25 284)
696 439 38 14 om
745 433 117 26 utfyllnad
874 440 28 14 av
912 433 60 20 vissa

133 464 227 25 underhållsbidrag,
374 464 36 25 lag
423 469 52 20 ang.
488 464 89 20 ändrad
591 464 86 24 lydelse
690 470 28 14 av
730 463 27 21 29
770 463 44 21 och
827 463 27 21 33
868 463 24 23 $$
907 463 65 25 lagen

133 494 45 20 den
191 494 13 20 3
217 494 49 24 jan.
280 494 55 20 1947
353 494 39 23 (nr
406 494 22 24 1)
445 499 38 15 om
496 494 87 20 allmän
596 493 191 25 sjukförsäkring
800 494 60 19 samt
873 493 36 25 lag
922 497 51 21 ang.

133 524 90 20 ändrad
235 524 86 24 lydelse
333 529 28 15 av
371 523 27 21 22
411 523 10 23 8
434 524 66 24 lagen
511 524 44 19 den
567 523 13 20 4
590 523 52 25 juni
654 523 57 20 1954
724 523 39 23 (nr
774 523 53 23 483)
841 529 38 14 om
890 523 83 20 under-

132 553 94 25 visning
238 553 43 20 och
294 553 57 20 vård
364 559 28 14 av
404 553 62 20 vissa
478 553 108 24 psykiskt
599 552 148 24 efterblivna;
761 552 43 20 och
817 552 105 20 anhåller
934 552 38 20 RD

132 582 8 20 i
153 583 112 20 skrivelse
277 583 35 19 till
325 582 27 21 K.
364 583 52 23 M:t,
429 584 34 19 att
475 582 24 20 åt
512 582 55 21 1958
580 582 37 20 års
630 582 343 25 socialförsäkringskommitté

132 612 132 25 uppdrages
276 613 34 19 att
322 613 80 19 överse
413 612 105 25 reglerna
530 618 38 14 om
579 612 249 25 inkomstprövningen
840 612 63 20 inom
915 611 58 20 folk-

131 642 206 25 pensioneringen;
356 642 44 20 och
418 642 63 24 giver
499 641 39 21 RD
556 642 7 20 i
581 641 112 21 skrivelse
710 641 35 20 till
763 641 27 20 K.
808 641 45 21 M:t
870 647 50 14 som
937 641 35 20 sin

132 672 95 24 mening
242 671 116 20 tillkänna
374 672 44 19 vad
434 671 114 20 utskottet
564 671 79 20 anfört
657 671 7 20 i
680 671 83 25 frågan
778 677 37 14 om
831 671 82 20 socialt
928 671 45 20 för-

132 701 186 25 säkringsskydd
328 701 24 20 åt
360 701 186 20 hemmadöttrar
556 707 29 14 m.
596 706 30 15 m.

104 736 9 14 3
133 730 39 20 RD
187 731 93 19 anvisar
293 731 35 19 till
341 730 82 25 bidrag
436 730 35 20 till
484 730 175 25 folkpensioner
672 736 29 14 m.
715 736 30 15 m.
758 730 13 20 2
781 730 42 20 406
832 730 42 21 000
884 730 41 20 000
939 730 33 20 kr.

132 761 61 19 samt
214 760 35 20 till
270 760 130 25 ersättning
421 760 35 20 till
477 760 134 25 postverket
632 760 36 20 för
689 760 284 25 pensionsutbetalningar

131 789 65 21 4700
206 790 42 20 000
258 789 35 21 kr.

105 825 7 14 1
132 819 40 20 RD
186 819 106 21 anhåller
305 825 38 14 om
357 825 28 14 en
399 819 154 25 omprövning
566 825 28 14 av
608 819 104 25 reglerna
725 825 38 14 om
777 819 148 25 folkpension
938 819 34 20 till

132 849 60 23 dem,
207 855 50 13 som
272 850 25 19 är
312 849 29 24 på
355 850 89 19 statens
458 849 129 20 bekostnad
601 849 200 25 omhändertagna
815 849 29 25 på
858 849 94 23 anstalt,
966 849 6 20 i

132 878 61 26 syfte
209 880 34 19 att
259 879 37 20 för
312 879 52 20 dem
380 879 55 20 eller
450 879 62 20 vissa
527 884 101 20 grupper
643 885 28 14 av
686 879 52 20 dem
753 879 163 21 åstadkomma
931 879 42 20 lik-

132 909 81 20 artade
226 908 176 21 bestämmelser
414 909 99 20 rörande
527 908 136 25 fickpengar
675 914 50 15 som
738 908 36 21 för
787 909 27 20 de
826 909 30 25 på
868 909 104 20 kommu-

132 938 54 20 nala
196 938 113 20 anstalter
318 939 104 24 intagna.

104 974 10 15 2
133 969 39 20 RD
186 968 77 21 avslår
276 969 115 20 motioner
403 974 39 14 om
454 968 47 20 viss
514 968 99 25 ändring
625 969 7 19 i
646 968 65 25 lagen
725 973 51 20 ang.
789 968 144 26 inbetalning
946 974 27 14 av

132 999 184 19 kommunernas
327 998 95 21 andelar
431 998 7 20 i
448 998 175 25 folkpensioner
633 1004 30 14 m.
672 1004 30 14 m.

132 1029 28 20 Se
170 1028 44 20 ock
225 1028 76 20 Enkla
311 1028 81 25 frågor
405 1028 79 23 (1953:
497 1034 33 17 11,
542 1028 66 20 1954:
621 1033 32 18 12,
665 1028 66 20 1955:
744 1033 33 18 52,
790 1033 32 19 65,
835 1028 55 20 1956
900 1034 28 14 H:
940 1034 33 17 55,

133 1058 67 20 1960:
212 1063 33 18 40,
261 1058 56 20 1960
327 1064 29 14 H:
368 1058 48 23 69),
430 1057 207 25 Folkomröstning
653 1057 91 24 (1957),
756 1058 82 20 Hälso-
852 1058 42 20 och
908 1058 65 24 sjuk-

132 1088 58 20 vård
207 1088 79 23 (1957:
298 1088 47 23 24),
360 1087 101 25 Införsel
478 1087 90 24 (1955),
581 1087 203 25 Interpellationer
800 1087 79 24 (1954:
892 1093 32 18 55,
941 1093 32 17 73,

133 1117 57 20 1954
198 1123 29 14 H:
239 1123 34 18 32,
299 1117 112 24 1955:94,
437 1117 56 20 1956
502 1123 29 14 H:
544 1122 47 19 138,
617 1123 47 18 139,
690 1117 126 24 1954:107,
841 1117 56 20 1958
901 1122 72 18 B:10,

133 1147 55 20 1959
198 1153 29 14 H:
240 1152 47 19 112,
309 1152 47 19 129,
377 1147 66 20 1960:
456 1152 32 19 16,
509 1152 33 18 34,
563 1152 33 18 66,
616 1147 55 20 1960
681 1152 29 15 H:
723 1152 47 19 120,
791 1152 47 19 136,
859 1152 47 18 150,
927 1152 46 17 158,

134 1177 61 23 181),
219 1177 132 24 Järnvägar
379 1176 109 24 (1957:3,
514 1176 97 24 1958:3,
637 1176 111 24 1960:5),
772 1176 201 25 Löneförordning

135 1207 90 23 (1957),
246 1206 255 25 Lönegradsplacering
524 1206 68 23 (1958
601 1207 35 23 B),
656 1206 240 25 Pensionsreformen,
915 1207 58 19 Pen-

131 1236 137 20 sionsväsen
282 1236 73 25 (spec.
367 1236 66 20 1951:
446 1241 32 19 12,
490 1236 66 20 1954:
569 1241 33 18 17,
613 1236 56 20 1956
678 1242 26 18 H,
716 1236 56 20 1958
781 1241 23 15 B:
816 1241 19 19 2,
847 1236 66 20 1959:
926 1236 47 24 10),

130 1266 206 24 Regeringsrätten
354 1266 69 23 (1954
432 1266 40 23 H),
485 1265 204 25 Sjukförsäkring,
701 1266 153 20 Skatteväsen
872 1266 68 23 (1958
949 1271 23 14 B:

134 1301 33 18 14,
183 1296 67 20 1959:
263 1296 47 23 16),
326 1295 151 26 Uppskjutna
491 1295 102 21 ärenden
611 1295 109 24 (1954:2,
736 1301 19 19 6,
771 1295 66 21 1957:
849 1301 18 18 5,
883 1296 54 20 1957
948 1301 25 17 H,

133 1325 65 20 1959:
211 1331 19 17 2,
243 1325 66 20 1960:
322 1325 33 24 6),
366 1325 93 20 Utskott
473 1325 90 23 (1958).

86 1372 294 24 FOLKPENSIONÄRER;
398 1379 23 14 se
433 1373 165 26 Förmyndare,
609 1373 130 24 Järnvägar
751 1373 105 23 (1957:3,
868 1372 64 21 1959:
942 1373 32 23 6).

86 1420 217 20 FOLKRÄKNING.

133 1449 39 21 RD
188 1451 96 24 antager
298 1450 37 20 för
349 1450 36 20 sin
400 1450 36 20 del
451 1450 138 25 förordning
603 1450 52 20 med
670 1450 115 21 särskilda
799 1450 175 21 bestämmelser

132 1485 38 14 om
181 1480 87 19 allmän
278 1480 152 25 folkräkning
439 1480 26 20 år
475 1480 55 20 1960
541 1486 29 14 m.
581 1486 29 14 m.

132 1509 28 21 Se
169 1509 43 20 ock
221 1509 136 21 Statistiska
367 1509 170 25 centralbyrån.

89 1556 166 25 FOLKRÄTT;
277 1563 23 14 se
310 1557 150 25 Strafflagen.

86 1602 277 24 FOLKSANATORIER;
385 1608 23 14 se
422 1601 268 25 Tuberkulossjukvård.

86 1643 241 24 FOLKSEMESTER;
350 1649 24 15 se
382 1643 77 20 Enkla
467 1643 80 25 frågor
560 1643 78 24 (1951:
649 1643 49 23 34).

86 1690 308 23 FOLKSJUKDOMARNA;
416 1696 24 14 se
452 1690 83 20 Hälso-
548 1690 43 20 och
605 1690 115 25 sjukvård
736 1690 71 25 (spec.
822 1690 78 23 1953),
914 1690 60 25 Upp-

131 1719 100 25 skjutna
241 1720 101 20 ärenden
356 1720 79 23 (1953:
447 1720 34 24 2),
490 1720 174 24 Åldringsvård.

86 1767 213 20 FOLKSKOLANS
309 1766 290 25 TJÄNSTEBOSTÄDER;

132 1802 24 15 se
168 1796 270 25 Avlöningsreglemente
454 1797 91 23 (1958).

86 1844 363 24 FOLKSKOLEBYGGNADER;
468 1850 24 14 se
503 1844 203 25 Interpellationer
721 1844 78 24 (1951:
812 1844 48 24 97).

86 1891 400 20 FOLKSKOLEINSPEKTIONEN.

106 1926 6 14 1
132 1921 44 19 Till
188 1921 137 25 avlöningar
336 1921 93 20 anvisas
441 1921 9 20 1
463 1921 40 20 118
513 1921 41 20 000
566 1921 34 20 kr.

104 1985 10 15 2
132 1980 45 20 Till
187 1980 167 20 omkostnader
364 1980 92 20 anvisas
467 1980 41 21 350
519 1980 41 21 000
570 1981 35 19 kr.

106 2063 8 14 1
134 2057 39 20 RD
183 2057 94 20 anvisar
287 2057 34 21 till
332 2057 136 25 avlöningar
478 2058 10 19 1
499 2057 42 21 322
551 2058 42 20 000
603 2057 34 21 kr.

995 178 25 21 År
1017 174 18 33 |
1043 182 52 21 Prop.

1130 158 88 17 Motioner

1283 159 70 17 Utskott

1402 171 56 17 Skriv.

1519 160 91 17 Protokoll

1126 212 29 17 FK

1190 212 32 17 AK

1244 211 85 18 SmllAvd!
1353 213 26 16 Nr

1420 200 22 12 nr

1499 213 30 17 FK
1598 214 32 17 AK

997 728 29 21 60]
1063 730 27 20 75

997 813 52 37 60]
1066 830 25 3 —

997 961 51 38 60]
1065 979 26 3 —

997 1447 29 22 601
1050 1449 41 20 125

998 1922 27 22 511
1045 1924 50 20 1:10

1054 1958 34 15 226

999 1981 26 22 511
1046 1984 50 20 1:10

1055 2017 34 16 227

999 2058 30 22 521
1046 2061 50 20 1:10

1055 2095 34 15 234

1117 729 43 21 240

1118 759 42 20 573

1134 968 24 19 11

1183 730 42 20 300

1183 760 43 19 714

1198 819 28 20 50

1199 968 25 20 17

1355 1959 32 16 107

1355 2019 32 15 107

1366 2096 22 15 95

1407 732 43 20 235

1407 821 42 20 370

1408 1450 43 21 240

1467 732 34 20 16:
1517 736 21 16 72
1568 732 71 20 116:122

1465 821 36 20 26:
1518 825 20 16 17
1566 821 36 20 127:
1617 825 22 16 45

1465 970 36 20 26:
1516 974 22 16 29
1566 970 36 20 127:
1617 974 22 16 56

1467 1450 192 21 16:119d/16:213d]

1469 1925 33 21 14:
1518 1930 22 16 76
1569 1926 34 21 |14:
1619 1931 21 15 64

1468 1985 34 20 14:
1518 1990 21 15 76
1569 1985 34 21 |14:
1618 1990 22 16 64

1469 2063 33 20 16:
1518 2067 22 15 64
1569 2063 34 20 116:
1618 2068 22 15 70
