1832 2352
172 73 44 21 190

187 253 143 27 Civilförsvar.

186 290 67 20 kerna
263 289 142 27 Tjänstemän
416 290 12 19 å
439 290 45 20 ord.
495 291 52 22 stat,
558 289 81 21 Militär
649 289 99 27 personal
759 290 99 26 uppföra,
870 291 77 18 utöver
957 290 43 20 vad
1010 290 68 26 enligt

187 319 61 21 RD:s
260 319 102 20 skrivelse
374 325 25 15 nr
410 319 38 20 321
462 319 107 21 beslutats
580 320 22 25 a)
616 320 7 19 1
637 319 77 26 major,
726 319 191 23 militärassistent,
930 319 6 20 i
947 319 130 26 lönegraden

187 349 32 21 Oa
228 349 13 20 4
252 351 58 18 samt
322 349 23 26 b)
357 349 12 20 6
381 349 112 26 kaptener,
506 349 214 23 militärassistenter,
733 349 6 20 i
751 349 130 26 lönegraden
894 349 31 20 Oa
935 349 19 24 3;
967 349 40 20 och
1019 349 59 20 med-

186 379 60 26 giver
259 379 42 20 RD
316 380 34 19 att
364 379 41 20 den
419 379 6 20 i
438 379 187 26 avlöningsstaten
639 379 33 20 för
685 379 267 20 överståthållarämbetet
965 381 112 24 upptagna

186 409 165 26 anslagsposten
361 408 33 21 till
405 409 96 20 arvoden
512 409 40 20 och
563 409 105 20 särskilda
679 409 152 26 ersättningar,
843 409 114 20 bestämda
968 415 28 14 av
1007 409 70 23 KM:t,

186 439 36 20 må
239 439 68 20 under
323 439 131 26 budgetåret
471 438 90 27 1944/45
577 439 113 20 användas
707 439 33 20 för
755 438 123 21 avlönande
894 444 29 15 av
939 439 139 20 hemortsför-

186 469 165 20 svarsassistent
364 469 40 19 och
417 468 68 20 sådan
498 468 6 20 i
517 469 184 19 försvarsstabens
715 468 237 26 personalförteckning
964 468 47 20 icke
1024 474 54 21 upp-

186 498 49 21 förd
249 498 193 23 militärassistent,
458 504 47 14 som
520 498 36 20 må
572 498 68 20 varda
656 498 118 20 förordnad
790 498 38 20 hos
843 499 105 22 ämbetet,
964 500 35 18 att
1015 498 41 20 den
1072 498 6 20 i

186 528 188 26 avlöningsstaten
387 528 33 20 för
433 528 178 26 länsstyrelserna
625 528 68 20 under
705 528 164 26 anslagsposten
883 528 32 20 till
928 528 96 20 arvoden
1038 528 39 20 och

186 558 106 20 särskilda
309 558 153 26 ersättningar,
480 558 115 20 bestämda
612 564 28 14 av
657 558 64 20 KM:t
738 559 112 25 upptagnå
868 558 112 26 delposten
997 558 34 20 till
1047 564 31 14 er-

186 588 98 26 sättning
298 587 33 21 till
346 587 222 21 försvarsassistenter
582 588 35 20 må
632 588 69 19 under
715 588 130 26 budgetåret
862 587 89 27 1944/45
965 587 113 21 användas

186 618 34 20 för
229 618 123 20 avlönande
363 623 28 15 av
402 618 320 20 hemortsförsvarsassistenter
732 618 40 20 och
783 617 82 21 sådana
877 618 5 19 i
893 617 185 21 försvarsstabens

186 647 238 27 personalförteckning
446 648 46 19 icke
515 648 108 26 uppförda
645 647 215 23 militärassistenter,
884 653 46 14 som
952 648 35 19 må
1010 647 67 20 varda

186 677 130 21 förordnade
333 678 38 19 hos
387 677 185 26 länsstyrelserna,
589 679 35 18 att
640 677 41 20 den
697 677 6 20 i
719 677 188 26 avlöningsstaten
923 677 33 20 för
971 677 107 20 överståt-

186 707 168 21 hållarämbetet
367 709 113 25 upptagna
492 707 165 26 anslagsposten
670 706 33 21 till
715 707 129 26 avlöningar
856 706 32 21 till
901 707 61 26 övrig
974 707 103 20 icke-ord.

186 737 99 27 personal
301 737 35 20 må
353 737 34 20 för
402 737 131 26 budgetåret
550 737 90 26 1944/45
656 737 137 20 överskridas
808 737 50 20 med
874 737 64 26 högst
956 737 25 20 10
989 736 41 21 500
1045 737 32 20 kr.

186 768 58 19 samt
253 768 35 19 att
297 767 41 20 den
348 767 7 19 i
364 766 187 27 avlöningsstaten
561 767 34 19 för
604 766 178 27 länsstyrelserna
792 768 112 25 upptagna
914 766 164 27 anslagsposten

186 796 33 21 till
235 797 128 26 avlöningar
378 796 33 20 till
428 797 61 25 övrig
504 796 103 20 icke-ord.
625 796 99 26 personal
740 796 36 20 må
792 796 33 20 för
841 796 130 26 budgetåret
989 796 89 26 1944/45

186 826 137 21 överskridas
336 826 50 20 med
400 826 63 26 högst
476 826 40 20 234
525 826 42 20 000
580 826 39 23 kr.;
634 826 39 20 och
687 826 119 20 fastställer
820 826 41 20 RD
875 828 35 18 att
923 826 37 20 det
973 826 33 20 till
1020 826 59 20 civil-

186 856 108 20 försvaret
307 856 104 20 anvisade
425 856 190 26 förslagsanslaget
628 862 28 14 av
672 856 22 19 11
706 856 40 20 800
755 856 41 20 000
809 856 32 20 kr.
856 856 35 20 må
905 862 28 14 av
947 856 64 20 KM:t
1025 861 54 21 upp-

187 886 59 20 delas
262 886 28 26 på
305 886 97 26 följande
418 886 117 26 delanslag:
552 885 33 20 till
601 885 285 27 luftskyddsinspektionen:
903 885 33 20 till
951 885 128 27 avlöningar

186 916 124 26 förslagsvis
327 915 39 20 100
380 916 31 19 kr.
428 916 39 19 och
482 916 33 19 till
530 915 155 20 omkostnader
699 915 124 27 förslagsvis
839 915 39 20 100
892 915 40 23 kr.,
947 915 33 20 till
995 917 83 18 statens

186 945 288 27 utrymningskommission:
491 945 33 20 till
540 945 128 26 avlöningar
683 945 125 26 förslagsvis
825 945 39 20 100
880 945 31 20 kr.
929 945 40 20 och
985 945 32 20 till
1034 951 45 14 om-

185 975 120 20 kostnader
320 975 125 26 förslagsvis
464 975 38 20 100
519 975 39 23 kr.,
576 975 32 19 till
625 975 259 26 civilförsvarsstyrelsen:
902 974 33 20 till
951 975 128 26 avlöningar

185 1005 125 26 förslagsvis
325 1005 40 20 740
374 1004 41 21 000
429 1005 32 20 kr.
477 1005 40 19 och
531 1004 33 20 till
579 1005 156 20 omkostnader
748 1004 124 27 förslagsvis
887 1004 40 20 200
936 1004 41 20 000
990 1004 41 23 kr.,
1046 1004 33 20 till

186 1034 165 21 civilförsvaret:
361 1034 33 20 till
403 1034 96 20 arvoden
508 1034 33 20 till
550 1034 220 20 civilförsvarschefer
778 1040 28 14 m.
817 1040 28 14 m.
856 1034 123 25 förslagsvis
988 1033 41 21 395
1038 1033 41 21 000

186 1064 39 23 kr.,
241 1064 33 20 till
290 1063 145 26 utbildnings-
450 1064 39 19 och
505 1063 226 20 försöksverksamhet
746 1063 124 26 förslagsvis
885 1063 41 20 480
934 1063 41 20 000
990 1063 40 23 kr.,
1046 1063 32 20 till

186 1094 77 25 bidrag
274 1093 33 20 till
320 1093 291 26 riksluftskyddsförbundet
624 1093 63 26 högst
699 1093 27 20 80
735 1093 41 20 000
788 1093 40 23 kr.,
841 1093 33 19 till
886 1092 193 27 engångsanskaff-

186 1123 52 26 ning
250 1129 28 14 av
291 1123 98 20 materiel
402 1129 29 14 m.
441 1129 29 14 m.
484 1123 64 26 högst
563 1123 8 19 1
583 1122 40 20 305
633 1122 40 20 700
686 1122 40 24 kr.,
740 1122 33 20 till
786 1122 140 26 anskaffning
939 1128 28 14 av
980 1122 44 20 viss
1037 1122 42 20 för-

186 1152 219 27 brukningsmateriel
415 1158 28 14 m.
453 1158 29 14 m.
493 1152 124 26 förslagsvis
628 1152 40 20 280
677 1152 41 20 000
728 1152 39 23 kr.,
779 1152 32 20 till
822 1152 76 26 bidrag
908 1152 32 20 till
950 1152 129 20 kommuner

185 1182 34 20 för
233 1182 141 20 anordnande
389 1188 28 14 av
432 1182 110 20 allmänna
557 1182 131 26 skyddsrum
703 1188 29 14 m.
742 1188 28 14 m.
786 1182 64 26 högst
865 1182 11 19 7
889 1182 37 19 112
928 1177 45 36 000
990 1182 40 23 kr.,
1046 1181 32 20 till

186 1212 76 26 bidrag
273 1212 33 20 till
317 1212 130 20 kommuner
457 1212 34 20 för
501 1211 98 21 materiel
610 1218 28 13 m.
649 1218 28 14 m.
689 1211 125 27 förslagsvis
825 1211 40 20 660
874 1211 41 20 000
926 1211 39 23 kr.,
977 1211 33 20 till
1021 1212 58 25 gott-

185 1242 81 26 görelse
285 1241 34 21 till
337 1241 181 26 fastighetsägare
537 1241 61 20 m.fl.
618 1241 33 20 för
669 1241 147 26 anordningar
835 1241 40 20 och
894 1241 98 20 materiel
1010 1247 29 14 m.
1049 1247 28 14 m.

185 1271 125 27 förslagsvis
320 1271 41 20 200
369 1271 42 20 000
421 1271 31 20 kr.
464 1273 58 18 samt
532 1271 32 20 till
575 1271 148 26 övertagande
733 1277 28 14 av
771 1271 105 26 egendom
887 1271 6 19 i
903 1277 73 14 annan
987 1271 92 25 ordning

185 1303 28 18 än
233 1306 78 21 genom
332 1301 128 20 rekvisition
476 1301 125 26 förslagsvis
617 1300 26 21 50
644 1296 49 35 000
710 1301 39 23 kr.,
767 1300 32 20 till
816 1300 219 26 arkivfotografering
1051 1306 28 14 av

185 1331 58 20 vissa
256 1330 130 27 handlingar
399 1331 63 25 högst
475 1330 27 20 47
511 1330 41 20 000
565 1330 32 20 kr.

213 1361 19 20 3.
249 1360 43 20 RD
304 1362 91 24 antager
407 1360 33 20 för
451 1360 32 20 sin
496 1360 34 20 del
542 1360 80 26 förslag
633 1360 33 20 till
677 1360 246 26 avlöningsreglemente
934 1360 34 20 för
980 1359 98 27 personal

185 1390 7 20 i
203 1390 37 20 det
251 1390 110 20 allmänna
373 1390 165 23 civilförsvaret,
550 1390 33 19 till
595 1389 125 26 förordning
731 1395 49 20 ang.
792 1389 92 26 ändring
895 1389 6 20 i
912 1389 57 20 vissa
981 1389 60 21 delar
1051 1395 28 14 av

185 1420 154 26 förordningen
348 1420 41 20 den
397 1419 26 20 28
430 1419 48 26 juni
488 1419 49 20 1941
548 1420 35 25 (nr
589 1419 50 26 595)
648 1425 34 14 om
691 1419 121 26 ersättning
820 1419 6 20 i
833 1419 43 20 anl.
885 1425 28 14 av
920 1419 158 26 kroppsskada,

186 1450 95 26 ådragen
294 1449 68 20 under
374 1449 146 26 tjänstgöring
532 1449 36 20 vid
581 1449 138 26 luftskyddet
730 1449 51 19 eller
793 1449 68 20 under
872 1448 208 27 luftskyddsövning

186 1481 58 18 samt
254 1479 33 20 till
298 1479 126 26 förordning
435 1484 48 20 ang.
496 1478 83 20 ändrad
591 1478 80 26 lydelse
682 1484 28 14 av
721 1478 23 20 31
758 1479 10 24 $
779 1478 152 26 förordningen
943 1478 41 20 den
996 1478 26 20 26
1032 1478 47 26 juni

188 1508 50 21 1931
253 1509 35 26 (nr
300 1508 49 26 280)
363 1514 35 14 om
411 1508 96 20 erkända
520 1508 132 25 sjukkassor.

215 1550 43 20 RD
277 1550 88 20 anvisar
384 1550 32 20 till
435 1550 128 26 utbyggnad
582 1556 28 13 av
629 1549 90 20 telefon-
738 1550 39 19 och
797 1549 282 27 skyddsrumskapaciteten

186 1577 59 23 inom
256 1580 55 20 visst
323 1580 87 19 område
422 1580 12 19 å
447 1579 131 26 tilläggsstat
592 1579 8 20 I
614 1579 39 20 100
661 1579 41 20 000
713 1579 32 20 kr.

216 1628 17 20 1.
250 1627 42 20 RD
304 1627 117 26 medgiver,
434 1629 35 18 att
480 1633 28 14 av
520 1627 37 20 det
569 1627 12 20 å
594 1626 131 27 tilläggsstat
738 1626 21 20 II
771 1626 33 21 till
816 1627 117 20 riksstaten
944 1627 34 19 för
989 1626 91 27 budget-

186 1658 47 19 året
250 1657 90 26 1939/40
356 1657 70 20 såsom
442 1656 219 27 kapitalinvestering
676 1657 6 19 i
698 1656 80 20 fonden
794 1656 33 20 för
842 1656 168 20 låneunderstöd
1027 1662 53 21 upp-

187 1689 66 24 tagna
271 1686 246 26 reservationsanslaget
535 1686 32 20 till
586 1686 35 20 lån
639 1686 33 20 för
690 1686 140 20 anordnande
849 1692 28 14 av
895 1686 131 26 skyddsrum
1044 1686 35 20 må

187 1717 68 19 under
272 1716 132 27 budgetåret
422 1716 90 26 1945/46
531 1716 125 26 disponeras
673 1716 56 20 intill
747 1716 146 26 sammanlagt
910 1716 13 20 3
932 1715 41 21 500
981 1716 41 20 000
1039 1716 40 23 kr.,

186 1746 131 20 inberäknat
328 1746 37 20 det
376 1746 85 26 belopp,
474 1752 46 14 som
531 1746 67 26 tagits
609 1746 6 19 i
627 1746 94 26 anspråk
732 1747 16 19 t.
759 1752 18 14 o.
788 1752 28 14 m.
829 1746 109 26 utgången
949 1752 29 14 av
989 1746 91 26 budget-

186 1776 47 20 året
246 1776 97 26 1944/45.

214 1806 19 20 2.
255 1806 42 20 RD
318 1806 87 19 anvisar
425 1805 32 20 till
474 1805 259 26 civilförsvarsstyrelsen:
750 1805 33 20 till
798 1805 128 26 avlöningar
941 1805 41 20 838
983 1801 50 34 000
1046 1805 32 20 kr.

186 1835 26 26 (f)
224 1837 57 18 samt
291 1835 32 20 till
336 1835 155 20 omkostnader
501 1835 41 20 236
551 1835 41 20 000
602 1835 32 20 kr.
646 1835 33 26 (f),
692 1835 32 20 till
735 1834 165 21 civilförsvaret:
912 1834 32 20 till
956 1834 123 27 utbildning

185 1865 38 20 vid
237 1867 84 18 statens
335 1864 207 21 civilförsvarsskola
557 1866 57 19 samt
628 1864 37 20 vid
679 1865 81 23 kurser,
775 1864 125 20 anordnade
914 1870 28 14 av
955 1864 124 26 länsstyrel-

186 1901 62 13 serna
262 1894 39 20 100
310 1895 41 19 000
363 1895 31 19 kr.
409 1895 32 25 (f),
456 1894 32 20 till
501 1894 76 26 bidrag
589 1894 33 20 till
634 1894 290 26 riksluftskyddsförbundet
938 1894 39 20 126
986 1893 41 21 500
1038 1894 40 23 kr.,

186 1924 33 20 till
233 1925 101 25 övnings-
348 1924 39 20 och
403 1924 225 20 försöksverksamhet
643 1924 38 20 165
690 1923 42 20 000
745 1924 31 20 kr.
792 1924 33 26 (f),
840 1923 33 20 till
887 1923 192 26 engångsanskaff-

186 1954 52 26 ning
249 1960 28 14 av
289 1954 98 20 materiel
399 1960 28 14 m.
437 1960 29 14 m.
481 1953 39 20 100
532 1953 32 20 kr.
577 1953 34 26 (r),
625 1953 32 20 till
669 1953 140 26 anskaffning
821 1959 28 14 av
861 1953 44 20 viss
916 1953 163 26 förbruknings-

186 1983 97 20 materiel
293 1983 41 20 220
343 1983 40 20 000
393 1983 31 20 kr.
435 1983 33 26 (f),
479 1983 32 20 till
521 1983 111 26 förvaring
641 1983 40 20 och
692 1982 112 21 underhåll
814 1989 27 14 av
851 1983 44 19 viss
904 1982 98 21 materiel
1011 1988 28 14 m.
1050 1988 28 15 m.

188 2013 39 20 150
235 2013 41 20 000
291 2013 32 20 kr.
340 2013 32 26 (f),
389 2013 33 20 till
438 2013 76 26 bidrag
529 2013 32 20 till
577 2013 129 19 kommuner
721 2013 34 19 för
770 2013 141 19 anordnande
926 2018 28 14 av
969 2012 109 20 allmänna

186 2043 131 26 skyddsrum
326 2049 28 14 m.
365 2048 29 14 m.
404 2042 40 20 600
453 2042 41 20 000
502 2042 32 21 kr.
545 2043 34 25 (r),
589 2042 32 20 till
631 2042 76 26 bidrag
715 2042 33 20 till
757 2042 129 20 kommuner
894 2042 33 20 för
935 2042 144 20 anskaffande

186 2078 28 15 av
226 2072 98 20 materiel
337 2078 28 14 m.
375 2078 29 14 m.
420 2072 38 20 100
471 2072 31 20 kr.
517 2072 34 26 (r),
566 2072 32 20 till
611 2072 76 26 bidrag
700 2071 32 21 till
745 2072 129 20 kommuner
887 2071 32 21 till
932 2071 147 21 kostnaderna

186 2102 33 20 för
231 2103 56 19 vissa
300 2102 95 20 arvoden
408 2108 28 14 m.
447 2108 28 14 m.
488 2101 41 20 300
537 2101 42 20 000
591 2102 31 20 kr.
636 2101 32 26 (f),
682 2101 32 20 till
727 2101 76 26 bidrag
816 2101 32 20 till
860 2101 129 20 kommuner
1000 2101 34 20 för
1046 2103 34 18 ut-

1097 185 25 19 År

1145 188 54 21 Prop.

1232 165 91 16 Motioner

1381 164 79 17 Utskott

1504 177 57 16 Skriv.

1622 165 95 16 Protokoll

1227 219 32 15 FK

1289 219 35 15 AK

1346 218 85 17 SmllAvd|
1455 219 26 16 Nr

1522 205 22 12 nr

1600 208 67 26 FR)
1699 219 35 16 LAR

1098 1358 28 20 Ar

1099 1548 28 50 IN

1100 1626 28 20 45

1154 1358 40 20 269

1154 1804 41 20 320

1225 1358 40 20 338

1367 1548 60 20 6|—
1424 1544 14 34 1
1451 1548 41 20 233

1453 1579 37 18 s.
1474 1575 20 31 6

1365 1805 61 19 6|1—]
1450 1804 40 20 243

1515 1358 40 20 475

1516 1548 38 20 481

1518 1585 14 11 s.
1545 1579 10 17 2

1518 1625 39 20 193

1515 1804 40 20 488

1580 1358 33 20 27:
1625 1358 39 20 62d|
1681 1358 33 20 27:
1725 1358 40 20 63d

1581 1548 55 20 31:4
1653 1544 22 34 |
1682 1548 67 20 31:11

1583 1625 31 21 18:
1626 1627 23 18 47
1653 1621 22 34 |
1684 1625 67 20 18:90

1580 1804 33 20 31:
1624 1806 25 17 35
1652 1799 22 34 |
1681 1804 33 20 32:
1728 1803 37 20 14d
