1847 2359
820 149 136 35 SAKREGISTER
1643 153 42 21 397

168 200 46 20 pe
947 216 2 8 T
1157 202 81 39 BEEN
1257 202 35 39 ne
1291 202 28 39 Sa

1051 224 17 16 =
1427 229 35 17 iks-

82 216 1 48 |
974 252 17 26 =
1027 240 36 41 Få
1127 277 4 3 3
1185 254 2 33 |
1243 243 94 43 Utskotte:
1429 229 32 52 ee
1528 252 118 34 Kamrarnas

82 266 1 36 |
972 279 19 34 Ad
1028 278 11 31 3
1051 281 17 36 z
1073 273 114 41 Motioner]!
1221 273 125 42 utlåtanden
1404 284 55 30 skri-
1514 284 145 30 förhandlingar

974 312 18 29 5
1028 311 40 32 äx
1185 301 2 30 |
1208 307 46 18 eller
1267 307 99 18 memorial
1406 319 62 18 velser
1685 309 1 30 |

83 353 1 8 |
969 344 17 25 3
1027 342 39 41 |öE
1185 334 33 45 =
1441 361 2 22 |
1685 341 1 32 |

83 368 1 16 |
1027 373 36 20 RA
1355 373 18 20 2
1468 373 5 19 |
1502 373 67 18 Första
1577 368 20 30 |
1603 373 66 18 Andra

82 387 2 23 |
970 385 16 42 År
1027 383 36 36 =
1089 385 87 17 TER
1203 377 9 48 Zz
1245 369 11 57 Zz
1300 381 9 43 Zz
1355 394 18 25 &
1409 385 17 28 5
1441 384 2 40 |
1457 394 17 25 &)
1499 397 70 18 kamm.
1572 389 26 34 |
1600 397 70 18 kamm.
1686 392 1 38 |

83 436 1 26 |
102 436 177 29 Dyrtidstillägg.
1131 440 1 44 |
1226 440 1 35 öe
1334 440 2 11 |
1443 440 2 42 |
1585 440 2 32 |
1686 440 2 30 |

83 466 1 30 |
104 472 8 16 1
132 468 40 20 För
191 468 120 20 beredande
330 475 25 14 av
375 468 156 27 dyrtidstillägg
550 468 68 21 under
634 468 124 27 budgetåret
776 467 124 29 1930/1931
917 469 22 20 åt
953 468 84 23 19301:
1048 470 25 20 11
1185 470 85 24 81)
1297 471 39 20 11:
1370 471 75 21 olllA!
1464 476 10 15 el:
1519 470 155 24 8:8-1-9:86

82 500 2 7 I
147 498 152 27 pensionerade
316 498 98 21 båtsmän
434 498 38 21 och
492 498 162 21 marinsoldater
673 500 56 19 samt
748 498 108 21 Vadstena
874 498 64 27 krigs-
1019 495 45 37 p.8
1131 502 2 11 I
1185 509 1 3 I
1269 508 1 8 I
1335 510 1 14 |
1442 501 3 23 I
1586 507 1 4 |

146 528 178 21 manshuskassas
340 528 204 27 understödstagare,
560 528 59 21 vilka
634 528 37 21 vid
686 529 105 26 ingången
805 536 25 14 av
844 529 41 27 juli
896 529 42 20 må-
1079 539 1 23 |
1335 540 1 20 |
1442 536 1 23 |
1586 536 1 23 |

147 558 42 21 nad
208 559 23 19 år
251 558 56 21 1930
327 559 93 26 uppnått
437 565 27 14 en
483 558 148 21 levnadsålder
649 565 26 14 av
692 558 27 21 60
737 559 22 20 år
775 558 51 21 eller
845 559 94 24 däröver,
1132 573 1 6 dat
1269 584 2 2 I
1442 569 2 12 I

147 589 84 20 anvisas
242 589 33 19 för
285 588 94 20 nämnda
391 588 102 26 budgetår
504 590 30 19 ett
545 590 60 19 extra
614 588 165 27 förslagsanslag
789 595 26 14 av
827 588 62 20 1120
897 588 42 20 000
1079 594 1 20 I
1186 592 1 24 I
1228 592 43 23 keel
1443 586 1 25 |
1586 592 1 23 I

146 617 42 25 kr.;
205 618 40 20 och
261 618 104 20 förklarar
382 618 45 25 RD,
447 620 31 18 att
497 618 179 27 dyrtidstillägget
694 618 33 20 till
747 619 58 26 varje
824 618 60 27 dylik
904 618 35 21 vid
1079 623 1 3 I
1186 618 43 25 Ir]
1443 612 1 47 |
1586 623 1 29 |
1687 634 1 3 |

83 659 1 15 |
146 648 106 26 ingången
268 655 25 14 av
309 648 41 27 juli
367 648 78 20 månad
461 648 23 20 år
501 648 56 20 1930
574 648 33 20 till
623 648 89 27 pension
726 648 51 21 eller
789 648 88 21 därmed
887 649 52 26 jäm-
1228 644 2 27 rd
1270 640 1 37 |
1443 660 1 3 I
1586 654 1 21 |
1687 652 1 24 I

83 680 1 39 |
147 677 72 27 förligt
233 677 115 21 understöd
359 678 46 20 från
417 678 133 25 statsverket,
567 678 185 21 statsunderstödd
768 678 171 27 pensionsinrätt-
1079 671 2 41 |
1187 677 1 35 |
1229 681 42 31 förs
1336 684 1 3 |
1443 664 2 66 |
1586 688 1 16 |
1687 677 1 24 I

148 708 51 26 ning
217 707 51 21 eller
287 707 109 21 Vadstena
417 708 226 26 krigsmanshuskassa
661 708 117 26 berättigad
797 708 14 20 f.
829 708 19 20 d.
867 708 73 21 befatt-
1080 722 1 14 |
1187 715 1 21 I
1229 711 1 42 |
1270 720 1 15 I
1336 708 1 28 |
1586 716 1 28 |
1687 720 1 4 I

147 737 140 26 ningshavare
305 737 55 21 skall
379 738 51 26 utgå
448 737 50 21 med
517 740 31 18 ett
566 738 78 27 belopp
663 744 26 15 av
710 738 41 20 150
771 738 40 24 kr.;
829 738 39 20 och
884 737 56 21 med-
1080 737 1 23 I
1187 747 2 2 ER
1336 738 1 21 I
1443 733 2 28 I
1586 762 1 3 I

146 767 65 26 gives,
228 769 31 18 att
274 767 180 27 dyrtidstillägget
469 768 36 20 må
520 768 34 20 till
570 767 158 21 vederbörande
744 767 14 21 f.
771 767 20 21 d.
804 768 136 26 befattnings-
1187 766 85 33 Hola
1336 787 1 10 I
1443 767 2 26 I
1586 771 1 21 I

146 797 77 21 havare
240 797 57 25 eller,
314 804 36 14 om
367 798 42 20 han
426 797 68 21 under
513 797 59 21 tiden
593 797 10 20 1
620 797 42 28 juli
682 797 115 20 1930-30
816 798 48 26 juni
884 797 68 35 1931!
1188 821 1 4 IH
1443 797 2 27 |

146 827 82 25 avlidit,
245 827 34 20 till
295 827 54 21 hans
365 827 100 21 stärbhus
481 828 28 26 på
525 834 26 14 en
567 828 55 26 gång
640 827 105 21 utbetalas
761 827 7 20 i
784 827 41 21 den
844 827 108 27 ordning,
938 823 18 35 |
1134 846 55 4 105G)
1271 825 1 21 |
1443 826 2 31 I

147 863 45 14 som
209 863 26 14 av
253 857 59 20 KM:t
328 857 136 21 bestämmes.
951 873 1 4 |
1134 856 55 26 [le
1271 856 2 42 |
1337 876 1 3 i
1444 861 1 19 I
1587 879 1 5 i
1688 864 1 24 |

83 898 1 3 I
951 886 1 5 I
1135 885 1 15 I
1337 895 1 9 I
1444 883 1 21 I
1587 892 1 10 I

83 920 1 33 |
104 927 9 15 2
132 922 37 21 RD
186 923 99 25 besluter,
300 925 33 18 att
348 923 26 20 de
389 923 32 21 för
434 923 126 27 budgetåret
577 922 125 28 1929/1930
719 923 98 27 gällande
833 923 109 20 allmänna|
980 931 8 11 >
1029 923 41 21 |1:9
1195 924 25 20 10
1315 914 23 33 1|
1358 924 55 21 21/9
1423 917 23 27 A'
1466 930 9 15 öl
1507 924 67 21 19:47
1587 905 1 46 |
1607 924 33 20 20:
1651 928 24 16 35
1688 909 1 29 |

83 955 1 37 |
147 952 92 27 grunder
258 953 32 20 för
312 953 157 27 dyrtidstillägg
491 954 22 19 åt
534 953 67 21 lärare
624 953 37 21 vid
683 953 197 21 lantmannaskolor
903 953 38 21 och
1027 958 45 23 p.28
1337 952 1 28 |
1587 952 1 26 |
1688 961 1 23 |

147 982 218 22 lanthushållsskolor
380 985 57 19 samt
455 983 185 21 lantbruksskolor
658 983 61 21 skola
736 983 56 27 gälla
811 983 81 27 jämväl
910 983 33 21 för
1337 982 2 31 I
1587 981 1 5 |
1688 1006 1 7 I

83 1004 1 41 |
148 1012 126 27 budgetåret
294 1012 135 28 1930/1931;
449 1013 39 21 och
508 1013 114 26 medgives,
642 1015 32 19 att
688 1013 61 21 KM:t
765 1014 36 20 må
816 1013 85 21 utfärda
917 1013 25 20 de
1135 1013 2 33 |
1688 1024 1 16 I

84 1056 1 10 |
148 1044 97 19 närmare
259 1043 138 25 föreskrifter,
408 1050 46 13 som
465 1043 33 20 för
509 1043 137 27 tillämpning
656 1050 26 14 av
696 1043 122 21 förberörda
834 1043 119 20 allmänna
936 1039 14 36 |

84 1076 1 20 |
148 1072 92 26 grunder
250 1073 33 20 för
293 1073 161 26 ifrågavarande
470 1073 158 27 dyrtidstillägg
639 1074 35 19 må
685 1073 96 21 befinnas
797 1073 144 26 erforderliga;
951 1081 2 13 |
1136 1062 1 41 |

84 1114 1 9 I
148 1103 39 20 och
208 1102 115 27 medgives,
340 1104 31 19 att
386 1104 22 19 åt
424 1103 232 26 lärarinnepersonalen
675 1103 36 21 vid
731 1103 100 21 Fredrika
837 1095 104 43 Bremer-
952 1099 1 35 |
1136 1104 1 16 I

84 1128 1 11 ]
148 1132 126 21 förbundets
290 1133 336 26 lanthushållningsseminarium
643 1134 12 19 å
670 1133 108 21 Rimforsa
794 1133 35 20 må
844 1133 26 20 fr.
884 1140 18 13 o.
914 1135 39 19 m.
940 1128 10 36 |
1136 1139 1 24 |
1689 1131 1 29 |

149 1162 41 21 den
203 1162 10 20 1
225 1162 41 27 juli
280 1162 55 21 1930
347 1163 39 20 och
398 1163 118 21 tillsvidare
531 1163 68 20 under
615 1163 124 26 budgetåret
756 1162 125 27 1930/1931
883 1151 57 45 utgå
952 1155 1 37 |
1136 1172 1 11 |
1394 1172 53 18 [net
1588 1188 1 5 |
1689 1161 1 12 I

149 1192 158 27 dyrtidstillägg
322 1193 7 20 i
345 1192 145 27 huvudsaklig
505 1193 211 21 överensstämmelse
732 1193 50 20 med
797 1193 26 20 de
834 1193 119 20 allmänna
935 1188 20 37 |
1136 1194 1 23 I
1394 1195 2 32 cd
1588 1202 1 23 |
1689 1191 1 32 |

149 1222 98 26 grunder,
265 1229 45 14 som
327 1223 33 20 för
375 1229 83 14 samma
474 1222 32 21 tid
522 1223 87 20 komma
625 1225 31 19 att
671 1223 56 26 gälla
743 1222 132 22 beträffande
891 1211 51 51 mot:
952 1215 1 43 |
1136 1223 1 27 I
1339 1225 1 6 |
1588 1228 1 3 |

84 1272 2 6 I
149 1252 103 21 svarande
268 1252 98 27 personal
382 1252 37 21 vid
435 1252 211 25 lanthushållsskola,
662 1253 39 21 och
712 1253 87 27 jämlikt
810 1252 26 21 de
847 1254 106 23 närmare
939 1248 19 36 |
1136 1267 1 3 I
1339 1251 1 20 I
1394 1248 2 36 |
1588 1243 1 36 |
1689 1252 1 20 I

85 1281 1 3 |
149 1282 137 25 föreskrifter,
311 1289 46 14 som
381 1283 61 20 KM:t
464 1283 43 20 kan
526 1283 33 20 för
578 1283 138 27 tillämpning
731 1290 26 14 av
773 1282 65 27 sagda
853 1280 100 29 grunder
938 1276 15 38 |
1136 1290 2 16 I

150 1312 57 20 finna
223 1312 146 27 erforderliga;
386 1313 39 20 och
442 1313 84 20 anvisas
542 1313 33 20 för
590 1319 30 14 nu
636 1313 91 27 angivna
738 1312 100 21 ändamål
848 1313 34 20 för
893 1312 61 25 bud-
942 1308 14 36 |
1136 1309 2 16 |
1273 1301 2 43 |
1689 1297 1 30 |

149 1343 81 25 getåret
247 1341 124 29 1930/1931
389 1345 31 18 ett
435 1345 60 18 extra
511 1342 163 27 förslagsanslag
689 1350 26 14 av
733 1343 41 20 135
784 1342 42 21 000
842 1342 30 21 kr.
952 1340 2 21 I
1136 1329 2 52 |
1273 1347 2 23 I
1589 1337 1 36 |
1689 1334 1 20 |

107 1405 9 16 3
135 1401 37 20 RD
188 1401 115 27 medgiver,
320 1404 32 18 att
374 1402 71 21 därest
461 1402 26 21 de
503 1402 230 25 distriktsveterinärer,
750 1402 33 21 till
802 1402 69 21 vilkas
889 1396 65 27 avlö-|
983 1410 7 10 >
1031 1401 41 21 |1:9
1137 1392 1 23 |
1197 1401 25 21 10
1317 1402 9 20 11
1360 1401 55 23 38419
1425 1403 17 19 Al
1467 1407 9 16 ol
1508 1402 32 21 19:
1552 1392 38 31 48
1577 1388 17 43 |
1609 1403 68 20 20:36
1690 1401 1 5 |

150 1431 51 26 ning
216 1431 94 21 lämnats
329 1432 135 26 statsbidrag,
480 1433 33 20 för
528 1432 59 21 tiden
605 1432 10 20 1
632 1432 42 27 juli
691 1432 115 21 1930—30
822 1433 48 26 juni
888 1432 54 20 1931
1030 1428 45 35 p.48
1137 1416 1 45 |
1345 1428 35 42 ör
1390 1444 1 8 |
1589 1437 1 8 |

150 1461 87 20 beredas
259 1461 158 27 dyrtidstillägg
436 1463 13 19 å
467 1462 49 20 dem
536 1462 47 20 från
601 1462 158 21 vederbörande
778 1462 108 27 landsting
904 1462 50 20 till-'
1137 1462 1 50 |
1352 1459 34 35 RR

150 1491 129 21 kommande
296 1491 107 27 avlöning,
420 1492 156 26 dyrtidstillägg
592 1499 26 14 av
634 1492 124 21 statsmedel
772 1493 36 19 må
818 1493 33 20 för
862 1499 82 13 samma
1340 1484 23 40 He
1589 1503 1 7 |

150 1521 31 20 tid
197 1521 34 20 till
245 1521 48 20 dem
305 1522 51 25 utgå
367 1522 49 20 med
428 1522 149 20 motsvarande
588 1522 63 20 andel
662 1529 26 14 av
701 1522 155 26 statsbidraget,
868 1522 76 20 ålders-
1137 1524 1 24 I
1589 1539 1 6 |

151 1550 73 27 tillägg
242 1551 44 20 däri
306 1552 134 24 inberäknat,
460 1551 54 21 dock
533 1552 50 20 med
602 1552 62 26 högst
682 1559 26 13 en
724 1552 104 27 tredjedel
843 1559 26 14 av
884 1554 59 18 stats-
1084 1563 1 9 fr

151 1580 136 27 avlöningen;
304 1581 40 20 och
361 1582 85 20 anvisas
459 1581 34 21 till
505 1581 136 21 bestridande
651 1588 26 14 av
688 1582 142 20 kostnaderna
840 1582 33 20 för
884 1582 70 20 dessa
939 1576 14 36 |
1084 1579 1 35 |
1137 1576 2 39 |
1691 1584 1 7 |

150 1610 157 27 dyrtidstillägg
323 1611 33 20 för
371 1611 126 26 budgetåret
519 1609 124 30 1930/1931
661 1613 30 19 ett
707 1614 59 18 extra
782 1599 158 43 förslagsanslag
953 1603 1 29 |
1138 1624 1 5 |
1233 1627 1 3 |
1339 1623 2 29 |
1446 1616 2 9 I
1590 1625 1 23 |
1691 1622 1 10 |

151 1647 25 14 av
194 1640 26 20 75
232 1640 41 21 000
290 1641 30 19 kr.
953 1646 1 5 |
1137 1632 2 36 |
1446 1627 2 27 |
1590 1649 1 23 |
1691 1634 1 73 |

953 1683 2 12 |
1138 1681 1 15 |

108 1704 9 15 4
137 1699 42 20 Till
195 1699 180 27 dyrtidstillägget
390 1701 22 20 åt
431 1701 57 20 vissa
511 1702 60 19 extra
593 1701 189 26 provinsialläkare
805 1702 84 20 anvisas
913 1701 42 26 för!
983 1709 8 10 »
1033 1700 40 20 |1:5
1211 1699 53 21 61-11
1317 1701 11 19 5
1361 1705 24 16 |-7215
1404 1701 73 21 Als7|
1509 1701 26 20 23
1553 1675 38 47 Sd
1610 1701 33 20 24;
1655 1705 37 39 34

151 1729 125 26 budgetåret
293 1729 125 29 1930/1931
436 1732 30 18 ett
482 1732 59 19 extra
556 1731 164 26 förslagsanslag
736 1737 26 15 av
779 1730 63 21 1000
858 1731 31 20 kr.
954 1729 1 23 |
1030 1735 45 23 p.49
1138 1712 1 51 |
1590 1727 1 6 |
1691 1750 1 3 I

1084 1764 55 17 TRES
1447 1771 1 14 I
1691 1771 2 14 |

108 1794 9 15 5
136 1789 37 20 RD
189 1789 94 20 besluter
299 1789 131 21 beträffande
447 1790 215 26 befattningshavare,
681 1790 95 21 hörande
795 1790 67 21 under
882 1780 73 31 2:a—|
983 1799 8 9 >
999 1776 31 47 |
1047 1790 10 20 1
1091 1765 102 70 178215)
1212 1789 12 20 6/1
1254 1790 75 21 11158
1402 1787 46 24 269.
1502 1791 32 20 134:
1546 1791 46 28 24d|
1603 1791 33 20 35:
1647 1790 40 21 41d

151 1819 33 20 8:e
200 1821 57 19 samt
274 1819 46 21 10:e
336 1819 47 26 HT,
400 1821 31 19 att
449 1820 98 26 gällande
566 1820 110 20 allmänna
694 1820 92 27 grunder
804 1820 33 21 för
856 1808 88 43 dyrtids-
953 1812 2 35 |
1036 1818 35 35 För
1155 1815 36 38 dö

151 1849 74 26 tillägg
235 1850 22 20 åt
267 1849 210 27 befattningshavare
488 1850 7 20 i
506 1852 81 18 statens
602 1851 68 26 tjänst
685 1850 60 21 skola
760 1850 130 21 fortfarande
907 1850 48 27 äga.
1022 1845 52 37 flera
1139 1849 55 31 fösat

151 1878 146 27 tillämpning;
315 1880 40 20 och
371 1879 94 21 besluter
480 1880 45 24 RD,
541 1881 32 19 att
591 1880 158 27 dyrtidstillägg
767 1881 22 19 åt
808 1878 147 28 befattnings-|
1085 1869 55 28 RR
1192 1882 2 6 al
1275 1896 2 13 |

86 1905 2 27 I
151 1908 77 21 havare
247 1909 39 20 och
306 1910 136 26 pensionärer
463 1909 37 21 vid
522 1910 128 26 postverket,
673 1910 168 26 telegrafverket,
865 1912 90 21 statens
941 1904 19 36 |
1045 1903 37 35 EN
1139 1898 1 37 |

87 1947 1 3 |
150 1939 119 26 järnvägar,
286 1941 80 18 statens
382 1939 175 21 vattenfallsverk
573 1939 51 21 eller
637 1939 37 21 vid
685 1947 26 13 av
722 1940 94 20 nämnda
827 1940 51 20 verk
889 1942 55 19 över-
954 1936 1 40 |
1036 1937 32 34 frå-
1139 1939 1 18 I

151 1970 64 24 tagna
230 1969 81 26 företag
324 1969 51 20 eller
388 1969 142 26 inrättningar
540 1971 57 19 samt
607 1969 159 27 dyrtidstillägg
776 1971 22 19 åt
808 1970 136 26 befattnings-
1023 1967 50 34 gor:
1139 1959 2 34 |
1193 1994 2 2 I

151 1998 78 20 havare
245 1998 36 21 vid
301 1999 63 20 bank-
381 1999 39 20 och
439 1999 210 26 fondinspektionen,
669 2000 275 26 sparbanksinspektionen,
1024 1993 38 17 avd.
1140 1999 1 30 |
1194 2001 84 27 heter
1449 1990 1 36 |

151 2030 81 24 patent-
246 2028 40 20 och
299 2029 220 26 registreringsverket
529 2031 57 18 samt
596 2029 279 27 försäkringsinspektionen
886 2025 56 43 skola
954 2048 1 16 |
1086 2049 1 15 |
1140 2030 1 26 |
1194 2035 1 23 [öra
1277 2034 1 42 |
1342 2041 2 31 |
1449 2039 1 17 I

150 2058 51 25 utgå
218 2064 25 14 av
259 2058 26 20 de
301 2058 76 25 medel,
394 2065 26 14 av
435 2058 59 21 vilka
510 2059 83 20 verkets
609 2059 51 20 eller
675 2059 160 20 institutionens
854 2060 101 20 omkost-
942 2054 14 34 |
1086 2070 1 13 I
1140 2059 1 26 I
1236 2061 1 19 all
1342 2073 2 12 Ku
1449 2058 1 6 I
