1816 2349
1609 67 39 21 103

63 245 166 27 Avsöndringar,
248 245 153 27 försäljningar
416 245 36 20 och
469 245 126 26 upplåtelser
611 251 26 14 av
653 244 111 26 kronojord
780 251 26 13 m.
823 251 28 14 m.

91 282 20 20 2.
128 282 43 20 RD
191 281 117 27 medgiver,
328 282 35 19 att
383 281 69 20 under
471 280 221 27 järnvägsstyrelsens
712 280 134 27 förvaltning
866 281 90 20 stående

63 311 153 21 markområde
233 317 28 14 av
279 311 118 26 stadsägan
415 317 26 13 nr
458 310 41 21 400
516 310 6 20 i
540 310 66 20 Luleå
624 310 69 26 jämte
711 310 52 20 därå
782 310 108 26 uppförda
908 311 48 26 fyra

63 341 133 20 bostadshus
211 341 42 23 må,
270 341 33 19 för
318 340 89 20 förvärv
421 346 78 20 genom
515 340 121 26 ägoutbyte
651 346 28 14 av
694 339 58 20 vissa
768 340 66 20 Luleå
850 340 49 20 stad
914 340 43 20 till-

63 371 75 26 höriga
155 370 167 21 markområden
339 370 84 20 lämnas
440 370 6 19 i
464 370 79 26 utbyte
559 369 33 21 till
609 370 85 22 staden,
711 371 36 18 att
764 370 69 19 under
848 371 52 25 väg-
917 370 39 20 och

63 400 311 27 vattenbyggnadsstyrelsens
397 400 134 26 förvaltning
554 399 90 21 stående
666 399 167 20 markområden
853 399 6 20 i
881 400 76 20 Söder-

64 430 53 26 tälje
128 431 43 23 må,
183 430 33 21 för
227 430 88 20 förvärv
326 435 77 21 genom
414 430 122 26 ägoutbyte
547 435 28 14 av
586 429 57 20 vissa
656 429 121 26 Södertälje
787 429 50 20 stad
848 429 108 27 tillhöriga

63 460 168 20 markområden
243 460 84 20 lämnas
338 459 6 20 i
356 460 78 25 utbyte
445 459 33 20 till
489 459 86 23 staden,
587 460 34 19 att
633 459 68 20 under
711 459 246 26 vattenfallsstyrelsens

64 490 134 26 förvaltning
216 489 89 21 stående
323 489 153 20 markområde
493 489 59 20 inom
570 489 113 20 kvarteret
700 489 148 26 Näktergalen
866 489 6 20 i
889 489 68 20 Troll-

63 520 79 20 hättan
154 520 35 20 må
202 519 98 26 försäljas
312 521 57 18 samt
380 520 35 19 att
426 519 64 20 KM:t
500 519 36 20 må
548 518 43 21 tills
602 518 75 21 vidare
688 520 54 19 utan
754 518 61 21 RD:s
826 519 114 26 samtycke
950 519 7 20 i

63 550 61 25 varje
138 549 89 21 särskilt
240 549 37 20 fall
292 549 87 25 försälja
393 548 127 26 ytterligare
534 548 128 26 fastigheter
675 548 48 20 från
737 548 38 20 det
789 549 68 19 under
870 550 87 19 vatten-

64 578 166 27 fallsstyrelsens
241 578 133 26 förvaltning
384 578 80 20 ställda
475 577 248 27 Skrälleborgsområdet
733 577 6 20 i
749 577 145 24 Trollhättan,
906 584 51 14 oav-

63 610 44 19 sett
122 610 35 19 att
172 608 67 20 sådan
256 608 114 26 fastighets
386 607 120 26 taxerings-
520 607 51 20 eller
585 607 239 27 uppskattningsvärde
839 607 118 27 överstiger

63 638 26 20 25
98 638 42 20 000
152 638 33 20 kr.

93 680 61 19 Inom
171 679 127 20 Stockholms
313 679 46 20 stad
375 678 36 21 och
427 678 44 20 län:

91 715 19 20 3.
128 715 42 20 RD
188 714 117 27 medgiver,
324 715 35 19 att
376 714 55 20 visst
447 714 89 26 angivet
554 714 87 20 område
659 720 37 14 om
713 713 59 21 cirka
790 714 26 19 22
833 714 78 20 hektar
928 720 28 14 av

62 744 204 27 kronoegendomen
281 744 102 25 Rinkeby
399 744 18 19 1!
432 744 39 19 och
485 743 22 20 4!
520 743 7 20 i
542 743 130 26 Danderyds
686 743 81 26 köping
781 744 42 22 må,
838 744 66 19 sedan
919 750 37 14 av-

63 774 117 26 styckning
191 774 66 23 skett,
270 773 99 26 försäljas
381 773 32 20 till
425 773 109 26 köpingen
546 773 33 20 för
590 779 26 14 en
628 773 143 26 köpeskilling
782 779 28 14 av
824 773 38 20 178
871 773 41 20 000
923 773 31 20 kr.

90 804 19 19 4.
128 804 41 19 RD
185 803 127 26 godkänner
327 803 61 20 avtal
403 808 49 21 ang.
469 802 128 21 överlåtelse
612 803 12 19 å
641 802 137 21 Stockholms
793 803 50 20 stad
858 809 28 14 av
901 803 54 20 bron

62 835 52 18 över
128 833 149 20 Stallkanalen
291 832 6 21 i
312 832 133 21 Stockholm.

93 875 60 20 Inom
170 873 177 22 Södermanlands
363 874 44 20 län:

90 904 19 21 5.
127 904 41 20 RD
188 904 118 26 medgiver,
326 905 41 22 att,
387 904 67 19 sedan
474 903 47 20 från
540 903 203 26 kronoegendomen
763 903 123 26 Gripsholm
907 904 18 19 11
950 903 6 20 i

62 934 127 20 Mariefreds
201 934 49 19 stad
263 934 40 19 och
315 933 91 20 Kärnbo
418 933 79 20 socken
508 938 78 21 genom
597 933 291 26 avstyckningsförrättning
899 933 57 20 från-

63 964 63 20 skilts
141 965 34 19 ett
190 965 99 18 närmare
305 963 100 20 utmärkt
420 963 89 20 område
525 968 34 14 om
576 962 58 20 cirka
650 962 27 20 20
685 962 41 20 000
741 962 165 21 kvadratmeter
920 963 36 20 må

63 993 100 26 försäljas
173 993 32 20 till
215 993 126 20 Mariefreds
351 993 49 20 stad
410 994 48 18 mot
467 999 26 13 en
503 992 143 27 köpeskilling
655 992 156 20 motsvarande
822 992 8 20 1
842 992 32 20 kr.
885 992 26 20 20
921 994 35 19 öre

64 1024 33 20 för
111 1023 172 20 kvadratmeter.

92 1053 19 20 6.
128 1053 42 20 RD
187 1052 118 27 medgiver,
322 1053 35 19 att
372 1052 34 20 för
421 1051 208 27 iordningställande
646 1058 28 13 av
690 1051 137 21 åbolotterna
844 1052 12 19 å
872 1052 84 20 kronan

64 1082 106 27 tillhörigt
182 1082 88 20 område
283 1088 29 14 av
324 1082 133 26 egendomen
469 1081 116 27 Fogelstad
597 1081 50 20 med
656 1081 164 26 underlydande
829 1081 127 27 fastigheter

63 1112 6 20 i
86 1112 70 20 Julita
172 1112 79 20 socken
268 1111 78 27 nödiga
363 1111 119 20 kostnader
496 1111 35 20 må
546 1111 107 20 bestridas
664 1111 50 20 med
725 1111 142 26 jordfondens
878 1111 76 20 medel.

93 1154 61 19 Inom
169 1149 152 30 Östergötlands
336 1153 45 20 län:

91 1183 19 20 7.
128 1183 41 20 RD
182 1182 117 27 medgiver,
311 1184 35 18 att
357 1182 32 20 till
401 1182 96 20 Svenska
513 1181 143 27 aeroplanAB
672 1182 35 20 må
718 1183 48 19 mot
776 1188 26 14 en
813 1182 143 26 köpeskilling

63 1219 28 14 av
102 1213 26 20 29
137 1213 41 20 500
188 1213 32 19 kr.
232 1212 100 26 försäljas
342 1212 118 26 stadsägan
471 1218 25 13 nr
506 1212 40 20 995
556 1212 18 19 B
585 1217 35 14 om
633 1212 38 20 108
681 1211 40 21 517
731 1211 172 24 kvadratmeter,
914 1212 42 20 till-

64 1242 96 21 hörande
171 1242 203 26 kronoegendomen
385 1241 78 26 48/100
474 1241 83 20 mantal
569 1241 99 26 Råberga
680 1247 25 14 nr
715 1241 12 20 5
738 1241 6 20 i
755 1241 133 26 Linköpings
899 1242 56 19 stad.

91 1272 20 20 8.
128 1272 42 20 RD
185 1272 117 26 medgiver,
317 1273 42 21 att,
374 1271 66 20 sedan
455 1271 47 20 från
516 1271 203 26 kronoegendomen
737 1271 23 26 3,
774 1271 84 20 mantal
871 1271 85 20 Bonde-

64 1302 69 20 backa
146 1307 25 15 nr
184 1302 9 19 1
208 1301 127 26 (stadsägan
348 1307 25 14 nr
384 1301 50 25 412)
446 1300 6 20 i
465 1301 82 20 Motala
559 1301 50 20 stad
620 1306 78 21 genom
710 1300 246 27 avstyckningsförrätt-

64 1332 52 26 ning
129 1331 113 20 frånskilts
256 1332 33 19 ett
302 1332 99 19 närmare
415 1330 100 21 utmärkt
528 1330 88 20 område
630 1336 35 14 om
679 1330 58 20 cirka
751 1330 49 24 6,45
813 1330 84 24 hektar,
912 1337 44 13 om-

64 1361 63 21 rådet
144 1361 36 20 må
198 1362 47 19 mot
263 1367 25 14 en
307 1360 143 27 köpeskilling
467 1366 28 14 av
509 1360 26 20 46
544 1360 41 20 000
598 1360 32 20 kr.
644 1360 100 26 försäljas
757 1360 33 20 till
803 1360 82 20 Motala
899 1360 56 20 stad.

95 1403 60 20 Inom
171 1402 123 21 Malmöhus
309 1402 45 20 län:

92 1433 20 19 9.
129 1432 42 20 RD
189 1432 118 26 medgiver,
326 1433 35 19 att
378 1431 204 26 kronoegendomen
604 1431 23 26 34,
644 1431 85 20 mantal
746 1431 123 20 Anderslöv
887 1437 26 14 nr
931 1431 25 20 14

64 1462 53 26 (14!)
130 1462 6 20 i
149 1462 133 20 Anderslövs
294 1461 79 20 socken
386 1461 36 20 må
435 1460 99 27 försäljas
547 1461 33 20 till
593 1461 142 20 arrendatorn
750 1461 15 20 I.
779 1461 93 20 Larsson
885 1461 33 20 för
930 1467 26 14 en

64 1491 144 27 köpeskilling
221 1497 28 14 av
262 1491 26 20 85
298 1491 41 20 900
351 1491 32 20 kr.

94 1521 31 20 10.
142 1521 42 20 RD
195 1521 117 26 medgiver,
323 1522 35 19 att
368 1520 156 27 fastigheterna
536 1520 106 21 Hammar
652 1521 62 20 Stora
725 1520 52 24 2422,
789 1520 46 21 2435
844 1521 39 20 och
894 1520 46 21 2443
950 1520 6 21 i

65 1552 63 20 Stora
142 1551 118 20 Hammars
273 1551 78 19 socken
364 1551 36 19 må
413 1550 107 26 försäljas.

95 1593 60 20 Inom
172 1592 107 26 Göteborgs
291 1592 36 20 och
341 1592 72 20 Bohus
424 1591 45 21 län:

95 1622 30 20 11.
143 1622 42 20 RD
203 1621 118 27 medgiver,
339 1623 36 18 att
392 1621 131 27 fastigheten
543 1621 178 20 Hällevadsholm
741 1621 30 20 139
789 1621 7 20 i
814 1621 141 27 Svarteborgs

64 1652 79 20 socken
157 1652 35 19 må
206 1651 99 26 försäljas
318 1651 34 20 för
364 1657 26 14 en
403 1651 144 26 köpeskilling
559 1657 29 14 av
600 1651 26 20 47
635 1651 41 20 000
689 1651 31 20 kr.

95 1693 60 20 Inom
175 1692 125 21 Värmlands
316 1692 44 20 län:

95 1723 31 20 12.
144 1722 41 20 RD
199 1722 117 26 medgiver,
329 1723 35 19 att
375 1728 29 14 av
416 1722 152 26 kronoparken
580 1721 135 27 Björneborg
727 1721 131 26 fastigheten
871 1722 84 26 Skogen

67 1752 38 20 1173
121 1752 5 20 j
143 1752 102 20 Visnums
260 1752 79 20 socken
355 1752 35 19 må
405 1757 78 21 genom
499 1751 198 26 domänstyrelsens
712 1751 82 26 försorg
809 1751 99 26 försäljas
923 1751 32 20 till

65 1782 103 20 Visnums
181 1782 105 19 kommun
299 1781 34 20 för
344 1787 26 14 en
383 1781 144 26 köpeskilling
538 1787 29 14 av
579 1781 27 20 36
615 1781 40 20 400
667 1781 32 20 kr.

96 1823 60 20 Inom
176 1822 163 21 Västmanlands
350 1822 44 21 län:

96 1853 31 21 13.
144 1853 42 20 RD
196 1852 117 27 medgiver,
323 1854 35 18 att
367 1852 55 20 visst
430 1852 90 27 angivet
529 1852 87 20 område
626 1858 35 14 om
670 1852 77 23 0,9005
756 1852 78 20 hektar
842 1858 28 14 av
879 1852 78 20 krono-

66 1883 133 26 egendomen
211 1882 79 26 Vallby
301 1882 21 20 4!
333 1882 50 20 eller
393 1882 142 26 stadsägorna
547 1888 26 14 nr
585 1881 59 24 1047,
658 1881 52 21 1048
722 1882 39 20 och
774 1881 52 21 1049
838 1881 6 21 i
855 1882 102 20 Västerås

66 1913 49 20 stad
127 1913 35 19 må
174 1917 77 22 genom
264 1911 198 27 domänstyrelsens
474 1912 82 26 försorg
567 1911 99 27 försäljas
677 1911 33 21 till
721 1912 78 20 staden
810 1911 33 21 för
854 1918 26 14 en
892 1911 66 27 köpe-

66 1942 86 27 skilling
164 1948 28 14 av
206 1942 23 20 51
241 1942 41 20 500
294 1942 32 20 kr.

96 1972 31 20 14.
144 1972 42 20 RD
200 1971 118 27 medgiver,
332 1973 35 18 att
380 1971 41 20 den
434 1971 64 20 KM:t
511 1971 39 20 och
563 1971 84 20 kronan
660 1971 166 20 tillkommande
839 1972 73 19 rätten
925 1971 32 20 till

67 2002 26 20 de
104 2001 59 21 delar
173 2007 28 15 av
211 2001 176 27 gårdstomterna
398 2001 18 20 E
424 2001 44 20 nris
478 2001 26 20 27
512 2001 40 20 och
560 2000 33 24 28,
604 2007 46 14 som
661 2000 49 27 ingå
721 2001 7 20 i
737 2000 113 21 kvarteret
860 2000 98 21 Halfdan

66 2043 28 3 —
106 2031 50 21 med
170 2031 114 26 undantag
297 2031 34 20 för
344 2031 41 20 den
399 2030 34 21 del
446 2036 29 15 av
488 2032 58 19 tomt
559 2036 25 15 nr
597 2030 33 24 27,
644 2036 47 15 som
705 2030 125 27 disponeras
843 2030 34 21 för
889 2030 69 21 stifts-

67 2061 130 20 biblioteket
209 2061 50 20 med
271 2060 131 20 tillhörande
414 2062 99 18 stenmur
524 2072 28 3 —
563 2060 69 26 jämte
644 2060 41 20 den
698 2060 12 20 å
722 2061 111 19 tomterna
845 2060 113 26 befintliga

67 2090 242 27 läroverksbyggnaden
316 2090 35 20 må
359 2091 54 19 utan
420 2090 102 26 vederlag
529 2090 33 20 till
568 2090 84 20 kronan
660 2090 108 20 överlåtas
775 2090 12 20 å
792 2090 102 20 Västerås
901 2090 56 20 stad.

976 176 102 24 lag:
1111 156 91 17 Motioner
1259 156 79 17 Utskott
1383 152 57 60 Skriv.
1487 153 108 30 Protokoll

1106 210 32 16 FK
1141 206 23 29 |
1168 210 34 16 AK
1225 210 85 16 |SmllAvd]
1334 211 26 16 Nr
1479 211 33 15 FK
1578 211 35 16 AK

976 281 28 20 471
1031 281 41 20 2521
1116 293 27 3 —I
1180 293 28 2 —I
1243 281 61 20 61—1]1
1330 281 38 20 1631
1393 281 40 21 3351]
1458 282 33 20 26:
1502 284 25 17 40
1530 277 23 34 |
1558 282 35 20 26:
1604 284 25 18 38

986 720 8 13 »
1045 714 27 20 89
1079 710 26 34 I
1116 725 28 3 —I
1182 714 122 19 —l1101—]
1343 714 183 20 181112116:33
1534 710 17 34 |
1560 714 66 20 16:35

1030 747 22 20 pt
1064 746 7 17 1
1329 751 15 11 s.
1356 746 10 17 2

986 808 9 14 »|I
1045 815 27 2 —I
1116 815 27 2 —I
1181 815 27 2 —I
1243 803 61 20 81|—]1
1341 803 27 20 421
1406 815 27 3 —]J
1457 803 33 20 24:
1504 805 37 18 110|
1557 803 33 20 24:
1604 805 36 18 117

986 909 9 14 »
1045 903 26 20 89
1078 899 27 35 |
1116 915 27 3 —|
1181 904 123 20 —J]10l—1
1344 904 181 20 181112116:33
1533 899 18 35 |
1559 904 66 20 16:35

1030 937 22 19 pt
1062 935 10 18 2
1329 941 15 11 s.
1356 936 10 17 3

986 1058 9 13 »
1045 1052 26 20 851
1116 1064 27 2 —|
1181 1052 122 20 —J]101]—1]
1343 1052 182 20 191113116:33
1525 1048 26 34 |
1559 1052 30 20 16:
1601 1054 24 18 35

986 1189 8 12 »
1047 1182 25 20 121
1116 1195 27 2 —!I
1181 1183 122 19 —110]—
1354 1183 12 19 4
1407 1183 104 20 101-00
1570 1183 19 19 6:
1602 1185 23 17 12

1030 1216 22 19 pt
1063 1214 7 17 1
1322 1220 15 11 s.
1346 1214 23 18 15

986 1277 8 13 »
1045 1271 26 20 89
1079 1267 26 34 |
1116 1283 27 3 —|I
1180 1271 123 20 —J]10!1—]
1342 1271 183 21 181112116:33
1525 1267 26 34 |
1558 1271 31 21 16:
1600 1273 25 18 35

1030 1304 22 20 pt
1061 1303 11 17 3
1328 1308 15 12 s.
1355 1303 11 17 4

986 1438 8 13 »
1003 1427 23 35 |
1047 1432 25 19 121
1116 1444 27 2 —I
1181 1432 122 20 —J]101—]1
1354 1431 13 20 41
1408 1431 23 21 171
1470 1432 41 20 6:3
1570 1431 19 21 6:
1602 1434 23 17 12

1030 1465 22 20 pt
1062 1463 10 17 2
1322 1469 15 11 s.
1346 1464 23 17 16

987 1527 8 13 »
1033 1521 39 20 1103]
1116 1533 27 2 —I
1181 1532 27 3 —I
1243 1521 60 20 61—]1
1341 1521 184 20 721165118:60
1527 1516 23 35 |
1558 1520 67 21 18:68

986 1628 9 13 »
1047 1622 25 20 121]
1116 1633 28 3 —!I
1181 1622 122 20 —J]101—]
1354 1621 13 20 41
1408 1621 24 21 171
1470 1622 41 20 6:3
1571 1622 19 20 6:
1602 1624 23 17 12

1030 1655 22 20 pt
1061 1653 11 18 3
1322 1659 15 11 s.
1346 1653 23 18 16

986 1728 9 13 »
1045 1722 26 20 89
1079 1718 30 34 I
1116 1734 28 2 —I
1181 1722 123 20 —l110!1—]
1343 1722 182 20 181112116:33
1529 1718 22 34 |
1559 1722 31 20 16:
1601 1724 24 17 35

1030 1756 22 19 pt
1062 1754 11 17 4
1329 1759 15 11 s.
1356 1754 10 17 4

987 1858 8 14 »
1045 1852 27 20 89
1079 1848 26 34 I
1117 1864 27 3 —I|
1181 1852 123 20 —1101—]
1343 1852 182 21 181112116:33
1529 1848 22 34 |
1559 1852 31 21 16:
1601 1854 25 18 35

1031 1886 22 20 pt
1062 1884 11 17 5
1329 1889 15 12 s.
1356 1884 10 17 4

988 1978 9 13 »
1009 1967 22 34 |
1034 1971 36 21 151]
1117 1983 27 3 —I
1181 1983 28 3 —1
1243 1972 61 19 61—]
1330 1971 38 21 1161
1394 1971 38 21 1981
1457 1972 33 20 23:
1502 1973 23 18 26
1530 1967 22 34 |
1557 1972 33 20 23:
1602 1973 24 18 45

1028 2008 15 12 s,
1055 2003 24 18 84
1323 2008 15 12 s.
1346 1999 41 31 261
1394 2008 15 12 s.
1421 2003 11 18 6
