1793 2332
142 72 37 19 502
828 70 223 20 SAKREGISTER

160 257 111 21 Hästavel

179 292 9 15 5
207 287 39 20 RD
260 287 124 25 medgiver,
397 288 34 19 att
444 293 27 14 ur
484 287 88 20 statens
586 286 110 20 lånefond
709 286 36 20 för
757 286 134 20 hästavelns
904 285 143 25 befrämjan-

206 317 28 20 de
248 316 39 20 må
301 317 74 20 under
389 316 137 26 budgetåret
541 316 90 20 1952/53
645 317 65 24 tagas
724 316 7 20 i
745 315 103 25 anspråk
862 315 34 21 till
911 315 38 20 lån
963 315 37 20 för
1013 315 34 20 in-

207 347 46 25 köp
266 352 28 14 av
306 346 160 25 varmblodiga
478 346 117 20 avelsston
608 346 41 20 350
659 346 41 20 000
714 346 41 23 kr.,
768 345 37 20 för
817 345 72 25 inköp
901 351 28 14 av
940 345 107 25 hingstar

205 383 29 13 av
250 376 146 21 nordsvensk
412 376 55 20 eller
483 376 204 25 gudbrandsdalsk
702 381 38 15 ras
756 375 42 20 225
808 375 41 20 000
866 375 42 24 kr.,
923 375 37 20 för
975 374 72 25 inköp

206 412 28 14 av
246 406 161 20 nordsvenska
419 406 116 20 avelsston
549 405 40 21 125
598 406 42 20 000
653 406 42 23 kr.,
707 405 36 20 för
754 405 72 25 inköp
838 411 27 14 av
877 404 170 25 avelshingstar

206 442 28 14 av
246 436 155 20 ardennerras
413 436 42 20 400
464 436 42 20 000
519 436 34 20 kr.
565 437 61 19 samt
638 435 36 20 för
687 435 93 20 förvärv
792 441 27 14 av
831 434 216 26 ridhusbyggnader

206 466 43 20 och
263 466 37 20 för
313 465 157 21 anskaffande
483 472 27 14 av
523 465 37 21 för
572 465 141 21 ridhusdrift
726 464 147 26 erforderligt
885 464 161 21 hästmaterial

206 502 30 14 m.
246 502 31 14 m.
286 495 43 21 250
339 495 41 21 000
391 496 34 20 kr.

179 549 7 15 1
206 544 40 20 RD
259 543 124 25 medgiver,
396 544 34 19 att
443 549 28 14 ur
483 544 89 19 statens
585 543 110 20 lånefond
709 543 36 20 för
757 543 134 20 hästavelns
903 541 144 25 befrämjan-

206 573 27 20 de
248 573 39 20 må
300 573 75 20 under
388 573 137 25 budgetåret
540 572 92 21 1953/54
645 573 65 24 tagas
724 573 7 19 i
745 572 103 25 anspråk
862 572 34 20 till
911 571 38 21 lån
963 571 37 21 för
1013 572 34 20 in-

206 603 46 25 köp
265 609 28 14 av
306 602 159 25 varmblodiga
478 603 116 20 avelsston
607 602 42 20 350
659 603 41 20 000
714 602 41 24 kr.,
768 602 37 20 för
816 602 72 25 inköp
901 608 27 14 av
940 601 107 26 hingstar

206 639 28 14 av
249 632 147 21 nordsvensk
412 632 55 20 eller
482 632 204 25 gudbrandsdalsk
702 638 38 14 ras
756 631 41 21 225
807 631 42 21 000
865 632 42 23 kr.,
923 631 36 20 för
975 631 72 25 inköp

206 669 28 13 av
245 662 161 21 nordsvenska
418 662 117 20 avelsston
548 661 41 21 125
598 662 42 20 000
653 662 41 23 kr.,
707 662 36 19 för
754 661 72 25 inköp
838 668 27 14 av
877 661 170 25 avelshingstar

206 698 28 14 av
246 692 154 20 ardennerras
413 692 42 20 400
464 692 42 20 000
518 692 35 20 kr.
565 693 61 19 samt
638 691 36 20 för
686 691 94 20 förvärv
791 697 28 14 av
831 690 216 26 ridhusbyggnader

205 722 44 20 och
262 722 37 20 för
312 722 158 20 anskaffande
483 728 27 14 av
523 721 37 21 för
572 721 141 21 ridhusdrift
726 721 147 25 erforderligt
886 721 160 20 hästmaterial

206 758 29 14 m.
246 758 30 14 m.
286 752 43 20 250
338 752 42 20 000
390 752 35 20 kr.

178 787 9 15 2
206 782 39 20 RD
260 782 94 19 anvisar
367 782 35 19 till
417 782 88 19 statens
519 781 165 25 hingstdepåer
697 781 43 20 och
754 781 93 20 stuteri:
862 781 34 20 till
911 780 136 25 avlöningar

205 811 43 21 663
259 811 40 20 100
315 811 43 24 kr.,
373 811 35 20 till
424 811 167 20 omkostnader
606 811 41 20 370
657 811 42 20 000
715 811 34 20 kr.
765 812 61 19 samt
841 811 34 20 till
890 810 157 26 byggnadsar-

205 841 68 20 beten
291 841 40 20 180
341 841 41 20 000
399 841 45 23 kr.;
461 841 43 20 och
520 840 77 21 avslår
613 840 39 21 RD
668 840 88 20 motion
772 841 52 19 med
839 840 105 26 yrkande
958 846 39 14 om
1011 841 36 20 ut-

205 871 98 25 redning
321 871 45 20 rör.
385 871 48 20 dels
451 870 172 26 omfattningen
642 877 28 13 av
687 871 44 19 den
749 870 159 25 varmblodiga
925 870 122 20 hästaveln

205 901 43 20 och
265 901 49 20 dels
330 901 45 20 den
391 900 112 21 framtida
518 900 177 26 utformningen
711 906 28 14 av
754 900 178 20 verksamheten
948 900 37 20 vid
1002 901 45 19 sta-

205 932 52 19 tens
267 930 172 26 hingstdepåer.

177 966 9 14 3
205 960 40 21 RD
261 960 152 25 bemyndigar
430 960 26 20 K.
472 960 45 20 M:t
533 961 34 19 att
584 966 27 14 ur
627 961 88 19 statens
731 959 176 21 hästavelsfond
923 959 124 25 disponera

206 990 152 25 erforderliga
371 990 74 20 medel
459 990 35 20 till
508 990 116 20 särskilda
637 990 107 25 åtgärder
757 990 37 19 för
807 989 124 25 stödjande
944 996 27 14 av
984 990 63 20 häst-

206 1020 66 20 aveln
284 1020 7 19 i
302 1019 157 25 huvudsaklig
471 1019 231 20 överensstämmelse
713 1020 52 19 med
776 1019 63 20 vissa
850 1019 125 24 riktlinjer,
986 1020 61 19 samt

205 1049 93 20 anvisas
318 1049 35 20 till
373 1049 134 20 hästavelns
526 1048 163 25 befrämjande
710 1048 62 20 1260
782 1048 41 21 000
843 1048 45 23 kr.;
908 1049 44 20 och
971 1048 76 21 avslår

206 1079 39 19 RD
259 1078 115 20 motioner
386 1078 52 20 med
451 1078 105 25 yrkande
568 1084 38 14 om
618 1078 125 25 utredning
756 1078 45 20 rör.
813 1078 136 25 avveckling
961 1084 28 14 av
1001 1078 45 20 alla

206 1108 93 25 statliga
310 1108 107 25 åtgärder
426 1107 149 21 beträffande
584 1108 129 20 hästaveln.

178 1161 7 14 1
205 1156 39 20 RD
260 1155 94 20 anvisar
376 1155 35 20 till
433 1156 88 19 statens
543 1155 165 25 hingstdepåer
729 1155 44 20 och
795 1155 92 20 stuteri:
911 1155 136 25 avlöningar

205 1185 43 21 646
257 1185 42 20 300
314 1185 45 23 kr.;
374 1185 43 20 och
432 1185 76 20 avslår
522 1185 39 20 RD
576 1185 121 23 motioner,
712 1184 69 22 såvitt
795 1184 72 26 angår
880 1185 116 25 yrkandet
1008 1191 39 14 om

205 1221 29 14 en
248 1215 128 25 skyndsam
390 1215 126 24 utredning
529 1215 45 20 rör.
587 1214 172 25 omfattningen
773 1215 43 20 och
830 1215 44 20 den
888 1214 108 21 inbördes
1009 1221 38 14 av-

204 1245 131 25 vägningen
351 1250 28 14 av
394 1245 89 19 statens
499 1244 81 25 anslag
595 1244 34 20 till
644 1244 122 20 hästaveln
781 1244 43 20 och
839 1244 208 25 boskapsskötseln

205 1274 7 21 i
230 1274 82 25 övrigt,
330 1275 61 19 samt
409 1274 122 23 motioner,
549 1274 70 20 såvitt
636 1280 67 14 avser
719 1274 116 25 yrkandet
852 1280 38 14 om
907 1274 88 25 förslag
1012 1274 34 20 till

205 1304 69 21 nästa
286 1304 38 20 års
336 1304 40 20 RD
388 1310 39 14 om
439 1304 153 20 överförande
604 1310 28 14 av
644 1304 76 20 staten
732 1303 165 26 hingstdepåer
908 1304 44 20 och
964 1304 82 20 stuteri

204 1334 35 20 till
250 1334 297 25 försvarsdepartementet.

177 1369 10 15 2
205 1364 39 20 RD
262 1363 94 21 anvisar
372 1364 35 20 till
425 1364 88 20 statens
529 1363 166 25 hingstdepåer
710 1364 44 20 och:
770 1364 93 20 stuteri:
881 1364 166 20 omkostnader

205 1394 42 20 406
257 1394 42 20 500
310 1394 35 20 kr.

177 1429 9 15 3
205 1424 40 20 RD
260 1423 94 20 anvisar
368 1423 34 20 till
417 1424 88 19 statens
519 1423 165 25 hingstdepåer
697 1423 43 20 och
754 1424 93 20 stuteri:
861 1423 186 25 byggnadsarbe-

204 1454 40 20 ten
254 1453 27 21 85
291 1453 42 20 000
344 1453 34 20 kr.

177 1489 10 14 4
206 1483 39 20 RD
259 1483 94 20 anvisar
365 1483 35 20 till
413 1483 134 20 hästavelns
560 1482 163 25 befrämjande
736 1483 10 20 1
757 1483 43 20 274
809 1483 42 20 400
864 1483 34 20 kr.
911 1484 61 19 samt
985 1483 61 20 med-

205 1513 70 25 giver,
293 1513 34 20 att
343 1512 62 20 vissa
422 1513 108 20 närmare
547 1512 99 25 angivna
662 1512 152 26 besparingar
830 1512 72 21 måtte
919 1513 23 20 få
958 1514 65 24 tagas
1040 1513 7 19 i

205 1542 104 25 anspråk
326 1542 37 20 för
380 1542 99 25 höjning
496 1548 28 14 av
541 1542 261 25 uppfödningspremier
827 1542 37 20 för
888 1542 159 26 varmblodiga

205 1572 44 20 och
261 1572 161 20 nordsvenska
434 1572 80 20 hästar
526 1572 35 20 till
574 1578 28 14 av
615 1572 238 25 lantbruksstyrelsen
866 1572 132 26 föreslagna
1009 1572 37 20 be-

205 1602 61 25 lopp.

177 1637 10 14 5
206 1632 39 19 RD
259 1631 124 25 medgiver,
396 1632 33 19 att
442 1637 28 14 ur
482 1632 89 20 statens
585 1631 110 21 lånefond
708 1631 36 20 för
756 1631 135 21 hästavelns
903 1631 143 25 befrämjan-

206 1661 28 20 de
249 1661 38 20 må
301 1661 74 20 under
388 1661 136 25 budgetåret
540 1661 90 20 1954/55
645 1662 65 24 tagas
724 1662 6 19 i
745 1661 103 24 anspråk
861 1661 34 20 till
910 1661 38 20 lån
962 1662 38 19 för
1012 1661 34 20 in-

206 1691 46 25 köp
265 1697 29 13 av
306 1690 158 26 varmblodiga
477 1691 117 20 avelsston
607 1691 41 20 350
658 1691 42 20 000
713 1691 41 23 kr.,
768 1691 36 19 för
816 1690 72 26 inköp
900 1697 28 14 av
940 1691 106 25 hingstar

205 1727 29 13 av
249 1720 146 20 nordsvensk
410 1720 56 20 eller
481 1720 204 25 gudbrandsdalsk
701 1726 38 14 ras
754 1720 43 21 225
806 1720 42 21 000
864 1721 42 23 kr.,
922 1721 37 20 för
974 1721 72 24 inköp

205 1756 29 14 av
245 1750 161 20 nordsvenska
417 1750 116 20 avelsston
547 1750 40 20 125
597 1750 42 21 000
651 1750 42 23 kr.,
705 1750 37 20 för
753 1750 72 25 inköp
837 1756 28 14 av
876 1750 170 25 avelshingstar

205 1786 28 14 av
250 1780 153 20 ardennerras
420 1779 41 21 400
470 1779 42 21 000
529 1779 34 21 kr.
580 1781 61 19 samt
657 1779 36 20 för
709 1780 94 20 förvärv
819 1786 28 14 av
862 1780 184 25 ridhusbyggna-

205 1810 41 20 der
259 1809 44 21 och
317 1809 36 20 för
367 1809 157 21 anskaffande
537 1815 28 15 av
579 1809 36 21 för
629 1809 141 21 ridhusdrift
783 1809 147 26 erforderligt
943 1810 103 20 hästma-

205 1839 67 21 terial
282 1845 30 14 m.
322 1845 30 14 m.
362 1839 41 20 250
413 1839 42 21 000
465 1839 34 20 kr.

178 1893 7 14 1
205 1887 39 20 RD
259 1887 94 20 anvisar
366 1887 35 20 till
415 1888 88 19 statens
517 1887 165 25 hingstdepåer
695 1887 44 21 och:
753 1887 93 20 stuteri:
860 1887 186 26 byggnadsarbe-

205 1918 39 19 ten
254 1917 28 20 56
291 1917 42 20 000
343 1917 35 20 kr.

177 1952 10 15 2
205 1947 40 20 RD
255 1946 94 21 anvisar
359 1947 34 20 till
403 1946 134 21 hästavelns
547 1946 163 25 befrämjande
721 1947 9 20 1
741 1947 43 20 518
793 1947 42 20 500
845 1947 35 20 kr.

176 2012 10 14 3
205 2006 39 20 RD
259 2006 94 20 anvisar
367 2006 34 20 till
416 2006 133 25 avsättning
563 2006 34 21 till
612 2007 88 20 statens
714 2006 175 21 hästavelsfond
904 2006 41 21 400
955 2007 41 20 000
1011 2007 34 20 kr.

177 2071 10 14 4
206 2065 39 20 RD
259 2065 123 25 medgiver,
396 2066 33 20 att
442 2071 28 14 ur
482 2066 89 20 statens
584 2065 110 21 lånefond
707 2066 37 20 för
756 2066 134 20 hästavelns
902 2066 143 25 befrämjan-

205 2095 28 20 de
247 2095 39 20 må
299 2095 75 20 under
387 2095 136 25 budgetåret
539 2095 91 21 1955/56
643 2096 66 24 tagas
722 2096 8 19 i
744 2095 103 25 anspråk
860 2095 35 20 till
910 2095 38 21 lån
962 2095 37 20 för
1011 2096 35 20 in-

1062 182 25 20 är
1118 186 52 21 [prop.
1195 158 98 30 Motioner
1347 157 82 31 Utskott
1478 173 56 17 Skriv.
1583 157 103 30 Protokoll

1201 216 29 16 FK
1227 198 28 44 |
1265 216 32 16 AK
1319 214 86 19 |smilavd]
1429 215 26 17 Nr
1466 198 23 44 |
1496 202 21 12 "|
1575 215 30 17 FK
1626 198 28 44 |
1673 215 33 17 AK

1071 286 98 23 5211:30)
1212 300 26 2 —|]
1277 299 27 4 ”—1
1329 288 27 20 10]
1378 300 26 2 —
1434 287 182 21 341262117:120
1645 288 72 20 |18:125

1139 322 9 16 7
1453 322 10 15 6

1070 544 30 22 531
1119 545 50 20 1:30],
1212 557 26 2 —I
1277 545 127 21 —I101.—
1449 545 13 20 31
1499 544 117 21 90110:110
1644 542 73 23 |10:144

1134 579 21 15 10
1442 579 21 15 17

1071 782 30 22 531
1119 783 48 20 1:11]
1212 783 90 21 —14081
1328 784 27 20 10]
1378 794 26 3 —I|
1433 783 92 20 261271
1544 782 192 21 |18:121d]18:142d

1116 817 56 16 54-56

1071 961 29 22 531
1122 962 40 20 121
1193 962 43 21 1402
1258 962 44 20 14941
1328 963 27 20 10]
1378 974 26 2 —|
1433 962 94 20 271334
1544 961 191 22 118:123d/18:144d

1258 992 43 21 495
1434 992 26 20 37
1542 992 73 20 22:14
1642 992 36 20 1122:/.
1706 996 10 16 6

1542 1022 36 19 22:
1593 1026 22 15 49
1642 1022 36 19 122:
1694 1026 22 15 76

1071 1157 30 21 541
1118 1158 49 20 1:11
1193 1158 41 20 1371
1242 1153 14 35 |
1258 1158 43 20 3241
1329 1158 26 21 10]
1378 1169 26 3 —|
1450 1158 10 19 1
1514 1158 64 20 9112:
1594 1157 141 21 99dl12:116d

1133 1192 22 16 55
1441 1192 20 15 41

1070 1364 31 22 54
1118 1366 49 20 1:11]
1211 1378 27 3 —
1277 1378 26 3 =
1328 1366 27 21 101
1377 1377 26 3 —
1450 1365 9 20 1]
1514 1366 100 20 9112:101
1644 1365 72 21 I12:116

1133 1400 21 16 56
1440 1400 22 15 46

1070 1424 31 22 54)
1118 1426 49 20 1:10)
1211 1438 27 2 —I
1277 1437 26 3 —TJ
1328 1426 27 21 10)
1377 1437 26 3 —I
1450 1425 9 20 1
1513 1425 100 21 912:101
1644 1425 72 20 12:116

1133 1460 21 15 57
1440 1459 22 16 47

1070 1484 30 21 54
1118 1485 48 21 1:11]
1208 1485 93 21 771100]
1328 1486 27 20 10]
1377 1497 26 2 —
1449 1485 10 20 1
1513 1485 100 20 9112:101
1644 1485 71 20 |12:116

1132 1520 22 15 58
1192 1515 43 21 12621
1258 1515 43 21 320
1440 1519 22 16 47

1257 1545 44 20 474

1070 1632 31 22 541
1117 1634 51 21 1:30
1174 1628 18 36 |
1210 1646 27 3 —1|
1276 1634 78 21 —]10)
1377 1646 26 2 —
1448 1634 77 20 91157
1543 1634 71 20 12:123
1644 1634 72 20 |12:143

1137 1668 10 16 8
1452 1668 10 15 7

1070 1888 29 22 öl
1117 1890 49 20 1:11]
1210 1902 27 3 —|
1276 1902 26 2 —I
1327 1889 27 21 10
1376 1901 25 3 —-]
1449 1890 9 19 1
1513 1890 13 20 91
1556 1889 58 21 9:73
1622 1884 32 35 1
1657 1889 58 21 9:129

1132 1924 21 15 56
1439 1924 22 15 43

1069 1947 97 22 Sörad1il
1276 1949 78 21 popiol
1448 1949 10 20 oil
1513 1949 13 21 9]
1556 1949 58 20 9:73
1620 1943 28 36 1
1656 1949 58 20 9:129

1131 1983 22 16 57
1439 1984 22 15 43

1069 2007 30 22 Säl
1116 2009 49 20 raid
1210 2021 26 3 —
1327 2009 130 21 10-01
1512 2009 14 20 91
1556 2009 20 20 9:
1592 2013 21 16 73
1623 2003 23 35 |
1656 2009 58 20 9:129

1131 2043 21 16 61
1438 2043 23 15 46

1069 2067 30 21 Säl
1116 2069 51 20 1:30]
1210 2080 26 3 —I
1275 2068 78 21 —]10)
1376 2080 26 3 —
1447 2068 78 21 71140]
1556 2068 58 20 9:107
1622 2063 23 35 |
1656 2068 58 20 9:158

1132 2103 21 15 10
1440 2102 21 16 10
