1840 2361
1626 78 40 20 197

78 256 93 27 Delning
187 263 25 14 av
227 257 47 26 jord
290 256 12 21 å
318 256 75 24 landet,
411 257 69 26 Lagen
497 262 40 14 om.

106 293 20 19 2.
137 293 42 19 RD
190 292 123 20 hemställer
323 298 34 14 om
368 292 116 26 utredning
493 293 41 19 rör.
544 292 68 20 sådan
622 291 92 27 ändring
723 298 28 14 av
761 292 23 20 21
796 292 50 26 kap.
859 292 43 25 12
887 287 14 35 $
912 292 61 26 lagen

79 328 35 14 om
127 322 88 26 delning
226 328 28 14 av
265 322 49 26 jord
327 322 26 26 på
366 322 81 23 landet,
460 323 35 19 att
507 322 121 26 ersättning
640 321 32 21 till
685 322 288 26 ägodelningsnämndemän

79 352 33 20 för
122 358 46 14 resa
179 352 32 20 till
222 352 40 20 och
272 352 48 20 från
331 352 37 20 det
378 352 68 23 ställe,
453 352 38 20 där
501 351 214 27 ägodelningsrätten
725 352 180 23 sammanträder,
916 353 58 19 samt

79 382 33 20 för
124 382 125 26 uppehållet
261 382 36 19 vid
309 383 72 18 rätten
392 381 55 20 skall
458 381 75 27 gäldas
544 387 28 14 av
583 381 110 20 allmänna
704 381 77 20 medel.

108 429 42 20 RD
164 431 90 24 antager
267 429 80 26 förslag
360 429 32 20 till
406 429 34 26 lag
453 434 48 21 ang.
516 429 84 20 ändrad
614 429 81 26 lydelse
708 435 28 13 av
749 429 24 20 21
789 429 50 26 kap.
856 429 42 25 128
912 429 61 26 lagen

80 459 41 20 den
135 459 25 20 18
171 459 47 25 juni
232 459 52 20 1926
296 459 34 26 (nr
342 459 49 25 326)
403 465 35 13 om
451 459 87 26 delning
549 465 28 14 av
588 458 49 26 jord
649 459 12 19 å
673 458 75 21 landet
760 459 71 25 (avser
842 460 35 19 att
888 459 86 26 ägodel-

80 489 210 26 ningsnämndeman
303 489 33 20 för
348 488 146 27 tjänstgöring
506 488 36 20 vid
555 488 187 26 ägodelningsrätt
754 488 54 20 skall
821 488 62 26 njuta
896 490 78 19 ersätt-

80 518 51 27 ning
142 525 28 14 av
182 518 109 20 allmänna
303 518 86 26 medel).

110 566 16 19 1.
142 566 42 19 RD
199 566 71 19 avslår
284 566 83 19 motion
381 572 35 13 om
432 565 115 26 utredning
561 567 41 17 rör.
617 565 163 20 bestämmelser
793 565 7 19 i
813 565 57 26 syfte
884 567 35 18 att
931 566 43 19 för-

81 595 76 20 hindra
174 596 35 19 att
225 595 211 26 jorddelningslagen
454 595 101 26 kringgås
572 594 126 26 därigenom
714 596 35 18 att
765 595 146 26 ägoområden
928 601 46 14 som

80 625 46 19 icke
141 625 20 19 få
177 625 118 25 avstyckas
309 624 6 20 i
330 624 74 20 stället
417 630 78 20 genom
510 624 130 20 intecknade
654 624 201 26 långtidsarrenden
870 624 104 26 avskiljas

80 654 47 20 från
141 654 164 20 vederbörande
319 654 110 26 fastighet.

108 684 19 19 2.
144 684 43 20 RD
199 683 98 21 anhåller
308 690 35 13 om
355 683 119 26 skyndsam
487 683 116 26 utredning
615 683 138 20 beträffande
763 683 76 26 frågan
851 683 6 20 i
869 683 43 20 vad
923 683 51 20 mån

80 713 146 26 provisoriska
240 713 163 20 bestämmelser
416 713 108 20 erfordras
537 713 33 20 för
584 714 34 19 att
631 713 112 20 förhindra
758 713 102 26 olämplig
873 713 102 26 avstyck-

80 743 51 26 ning
144 743 6 19 i
164 743 74 20 städer
251 743 39 19 och
304 742 57 20 vissa
375 743 126 20 samhällen.

108 773 19 19 3.
145 773 43 19 RD
199 772 72 20 avslår
280 772 84 20 motion
375 778 36 14 om
421 772 44 20 viss
475 772 92 26 ändring
576 778 28 14 av
615 772 191 20 bestämmelserna
817 772 6 19 i
834 772 141 26 kungörelsen

81 808 49 20 ang.
145 802 79 20 villkor
238 802 33 20 för
286 802 124 20 erhållande
425 808 27 14 av
467 801 134 26 statsbidrag
615 801 33 20 till
663 801 157 27 förrättningar
834 801 67 27 enligt
914 802 61 26 lagen

81 832 41 20 den
134 832 24 20 18
167 832 48 25 juni
228 832 52 20 1926
290 838 35 13 om
336 832 87 26 delning
433 838 27 14 av
470 831 48 26 jord
529 832 11 19 å
551 831 81 20 landet.

108 862 19 19 4.
144 862 43 19 RD
197 863 91 24 antager
296 861 34 20 för
338 861 33 20 sin
381 861 33 20 del
424 861 80 26 förslag
512 861 33 20 till
555 861 34 26 lag
598 866 48 21 ang.
657 861 91 26 ändring
757 861 6 20 i
773 861 61 26 lagen
844 861 41 20 den
896 861 25 20 18
929 861 47 26 juni

83 891 51 20 1926
144 891 35 26 (nr
189 891 49 26 326)
249 897 35 14 om
295 891 87 26 delning
391 897 28 14 av
428 891 48 26 jord
486 891 12 20 å
509 890 81 21 landet.

109 939 42 20 RD
161 940 91 25 antager
261 939 33 19 för
303 938 32 20 sin
345 938 34 20 del
388 939 35 26 lag
432 943 48 21 ang.
491 938 92 26 ändring
592 938 6 20 i
607 938 61 26 lagen
679 938 41 20 den
732 938 24 20 18
764 938 47 26 juni
823 938 51 20 1926
884 938 34 26 (nr
927 924 49 34 326)

81 975 35 13 om
128 968 88 27 delning
227 975 27 13 av
265 968 48 26 jord
325 968 12 20 å
349 968 74 20 landet
434 970 58 18 samt
502 968 104 23 anhåller,
618 969 35 19 att
664 968 64 20 KM:t
738 968 51 20 villa
800 968 129 20 föranstalta
941 974 35 14 om

81 998 120 26 skyndsam
216 998 116 26 utredning
345 1003 49 21 ang.
408 998 147 26 upphävande
569 1004 27 14 av
610 998 41 19 den
664 998 131 26 befogenhet
807 998 49 19 med
870 998 106 20 avseende

81 1029 11 19 å
105 1028 44 20 mål
161 1034 35 14 om
209 1028 146 26 avstyckning
367 1028 58 19 inom
438 1027 104 20 samhälle
554 1027 50 20 eller
615 1029 69 18 annat
696 1027 97 26 planlagt
805 1027 94 24 område,
912 1033 46 14 som
970 1027 6 20 i

81 1058 23 20 21
121 1058 50 26 kap.
186 1058 45 25 68$
245 1058 61 25 lagen
319 1064 35 13 om
368 1057 87 26 delning
468 1063 28 14 av
508 1057 48 26 jord
570 1057 12 20 å
595 1057 76 20 landet
683 1057 82 26 tillagts
778 1057 144 26 länsstyrelse;
936 1057 39 20 och

81 1089 91 24 antager
183 1088 42 19 RD
237 1087 33 20 för
281 1087 33 20 sin
325 1087 34 20 del
370 1087 35 26 lag
415 1092 49 21 ang.
476 1087 92 26 ändring
579 1086 6 20 i
596 1087 62 26 lagen
670 1087 40 19 den
724 1087 24 20 18
758 1086 48 26 juni
819 1087 52 20 1926
882 1086 34 27 (nr
927 1087 49 25 336)

82 1123 35 14 om
128 1116 203 27 sammanläggning
342 1123 28 13 av
380 1116 128 26 fastigheter
519 1116 12 20 å
542 1116 82 23 landet,
636 1116 34 26 lag
681 1121 48 21 ang.
742 1116 91 26 ändring
844 1116 6 20 i
861 1116 62 26 lagen
935 1116 40 20 den

84 1147 24 20 17
120 1146 47 26 juni
183 1146 52 20 1932
248 1147 35 25 (nr
295 1146 49 25 223)
357 1146 50 20 med
420 1146 105 20 särskilda
539 1146 163 20 bestämmelser
714 1152 35 14 om
763 1146 87 26 delning
862 1152 28 14 av
902 1145 48 27 jord
963 1146 12 20 å

81 1176 76 20 landet
167 1176 59 20 inom
237 1176 57 20 vissa
307 1176 59 20 delar
376 1182 28 14 av
416 1176 154 26 Kopparbergs
581 1176 42 23 län,
636 1176 34 25 lag
681 1181 48 20 ang.
742 1175 91 26 ändring
843 1175 7 20 i
861 1175 62 27 lagen
934 1176 41 19 den

84 1206 24 20 12
121 1205 43 26 maj
181 1206 52 20 1917
246 1206 35 25 (nr
293 1205 49 26 269)
356 1211 35 14 om
404 1205 215 26 fastighetsbildning
631 1205 6 20 i
650 1205 49 20 stad
712 1207 58 18 samt
782 1205 35 26 lag
829 1210 49 21 ang.
892 1205 83 20 ändrad

82 1236 80 26 lydelse
176 1242 28 14 av
221 1235 43 25 18$
279 1235 61 26 lagen
356 1235 41 20 den
397 1231 40 35 18
446 1235 47 25 juni
510 1235 52 20 1925
577 1235 34 26 (nr
625 1235 49 25 334)
689 1241 35 14 om
739 1236 45 19 rätt
798 1235 7 19 i
819 1235 57 20 vissa
890 1235 38 20 fall
942 1235 33 20 för

82 1265 259 26 nyttjanderättshavare
358 1266 35 19 att
409 1265 68 20 inlösa
495 1265 68 20 under
580 1264 165 26 nyttjanderätt
762 1264 100 27 upplåtet
879 1265 94 20 område.

112 1313 17 20 1.
146 1313 42 20 RD
202 1312 97 20 anhåller
313 1318 34 14 om
362 1312 116 26 utredning
491 1318 28 14 av
533 1312 75 26 frågan
622 1318 35 14 om
671 1312 159 26 behandlingen
844 1318 28 14 av
885 1312 90 26 myrslo-

81 1348 68 21 garna
161 1342 58 20 inom
233 1342 26 20 de
271 1342 27 26 på
311 1343 84 19 statens
408 1341 121 21 bekostnad
542 1342 50 20 eller
603 1342 50 20 med
666 1342 118 20 understöd
796 1348 28 14 av
836 1343 73 19 staten
921 1343 54 19 stor-

82 1372 95 20 skiftade
191 1372 87 20 delarna
292 1378 28 14 av
334 1372 154 26 Kopparbergs
501 1371 42 20 län.

111 1402 19 20 2.
140 1402 42 20 RD
190 1401 118 27 medgiver,
317 1403 35 18 att
360 1401 106 20 bröderna
476 1401 75 23 Oskar,
561 1401 92 26 Ludvig,
663 1401 66 20 Linus
737 1401 40 20 och
786 1401 56 20 Sven
851 1401 124 20 Pettersson

82 1432 43 22 må,
136 1433 53 18 utan
199 1431 76 20 hinder
284 1437 27 14 av
320 1432 35 19 att
364 1431 138 20 fastställelse
510 1431 47 20 icke
566 1431 121 20 meddelats
695 1431 12 20 å
716 1431 166 26 ifrågavarande
891 1431 85 20 skiftes-

82 1461 139 26 förrättning,
234 1461 80 20 erhålla
326 1461 133 26 statsbidrag
470 1460 33 21 till
513 1461 119 19 kostnader
642 1460 33 20 för
685 1460 160 27 förrättningen
856 1460 48 20 från
916 1461 37 20 det
963 1461 12 20 å

83 1491 117 20 riksstaten
212 1491 68 19 under
291 1490 78 20 nionde
380 1490 140 20 huvudtiteln
532 1490 107 26 uppförda
650 1490 190 26 förslagsanslaget
849 1490 33 20 till
892 1490 84 20 Under-

83 1521 49 20 stöd
146 1521 23 19 åt
179 1520 256 26 jorddelningsväsendet
444 1526 29 14 m.
483 1526 36 14 m.:
531 1520 80 26 Bidrag
621 1520 33 20 till
664 1520 310 26 jorddelningsförrättningar.

111 1551 19 19 3.
147 1550 42 20 RD
201 1551 91 25 antager
303 1550 35 26 lag
349 1555 48 21 ang.
411 1550 91 26 ändring
513 1550 7 19 i
531 1550 62 26 lagen
605 1550 41 19 den
660 1550 24 19 17
695 1549 47 26 juni
756 1549 52 21 1932
820 1549 34 27 (nr
865 1550 49 25 223)
926 1550 50 20 med

82 1579 107 21 särskilda
204 1579 163 21 bestämmelser
382 1585 36 14 om
433 1579 87 26 delning
535 1585 28 14 av
573 1579 49 27 jord
634 1579 12 20 å
657 1579 75 20 landet
741 1579 59 20 inom
811 1579 57 20 vissa
879 1579 59 20 delar
948 1585 28 14 av

84 1609 154 27 Kopparbergs
249 1609 42 20 län.

113 1656 17 20 1.
147 1657 43 19 RD
203 1658 90 24 antager
305 1656 35 26 lag
352 1661 48 21 ang.
415 1656 91 26 ändring
519 1656 6 20 i
538 1656 61 26 lagen
613 1656 41 20 den
669 1656 24 20 18
705 1656 47 26 juni
766 1656 52 20 1926
831 1656 34 26 (nr
878 1656 49 26 326)
940 1662 35 14 om

84 1686 87 26 delning
182 1692 28 14 av
221 1686 48 26 jord
281 1686 12 20 å
305 1686 81 23 landet,
399 1686 35 26 lag
445 1692 35 13 om
492 1686 83 20 ändrad
587 1686 80 26 lydelse
678 1692 28 13 av
718 1686 258 26 övergångsbestämmel-

84 1722 61 14 serna
156 1716 33 20 till
199 1716 61 25 lagen
271 1716 41 19 den
324 1715 25 20 19
359 1717 55 24 sept.
427 1715 52 20 1947
490 1715 34 26 (nr
534 1715 49 26 700)
593 1721 48 20 ang.
653 1715 91 26 ändring
753 1715 7 20 i
770 1715 61 26 lagen
842 1715 41 20 den
896 1715 24 21 18
929 1715 47 26 juni

86 1745 52 21 1926
150 1745 34 26 (nr
195 1745 49 26 326)
257 1751 35 14 om
304 1745 87 26 delning
402 1751 28 14 av
440 1745 49 26 jord
501 1745 11 20 å
525 1745 80 23 landet,
618 1745 35 26 lag
664 1750 48 21 ang.
724 1745 83 20 ändrad
819 1745 81 26 lydelse
911 1751 28 14 av
952 1745 24 21 15

84 1776 40 19 och
136 1776 24 19 21
172 1775 21 25 $$
205 1775 61 26 lagen
279 1775 41 20 den
334 1775 25 20 18
370 1774 47 26 juni
431 1775 52 20 1926
495 1775 35 25 (nr
541 1775 49 25 336)
603 1781 35 13 om
650 1775 201 26 sammanläggning
863 1781 27 14 av
902 1775 75 26 fastig-

84 1805 61 20 heter
160 1805 12 20 å
188 1805 81 23 landet,
284 1805 35 26 lag
333 1810 49 21 ang.
398 1804 91 27 ändring
504 1804 6 20 i
525 1804 62 27 lagen
602 1805 41 19 den
661 1805 24 19 12
699 1804 43 26 maj
761 1805 52 20 1917
828 1804 34 27 (nr
877 1805 49 25 269)
941 1811 35 14 om

85 1834 214 27 fastighetsbildning
310 1834 6 20 i
328 1834 49 20 stad
390 1836 57 18 samt
458 1834 35 26 lag
504 1839 49 21 ang.
565 1834 84 21 ändrad
661 1834 80 26 lydelse
753 1840 28 14 av
792 1834 68 20 andra
872 1835 87 25 stycket
970 1834 6 20 i

84 1865 62 26 lagen
157 1864 41 20 den
208 1864 27 20 27
245 1864 53 20 febr.
311 1864 52 21 1948
373 1864 34 26 (nr
416 1864 36 26 96)
461 1864 50 20 med
521 1864 105 20 särskilda
636 1864 163 20 bestämmelser
808 1870 35 14 om
853 1864 124 26 fastighets-

85 1894 98 24 bildning
194 1894 58 20 inom
264 1894 57 20 vissa
333 1894 103 20 områden
448 1900 27 14 av
487 1894 56 20 stad.

113 1925 19 19 2.
150 1924 42 20 RD
209 1924 117 26 medgiver,
344 1925 34 19 att
394 1924 147 20 kostnaderna
557 1924 34 19 för
607 1923 54 21 visst
678 1923 101 21 omskifte
796 1924 12 19 å
824 1924 84 26 Tybble
924 1924 30 26 by
970 1924 7 20 i

85 1953 79 20 Askers
179 1954 86 23 socken,
282 1950 81 23 Örebro
380 1953 41 24 län,
437 1953 35 20 må
488 1953 107 20 bestridas
609 1959 29 14 av
652 1953 127 20 statsmedel
794 1953 27 26 på
837 1954 23 19 så
875 1955 51 22 sätt,
942 1955 35 19 att

85 1983 134 20 statsverket
233 1983 166 20 tillkommande
414 1983 121 26 ersättning
549 1984 58 19 samt
621 1983 120 26 ersättning
755 1983 33 20 till
802 1983 55 26 gode
871 1985 51 18 män
937 1983 39 20 och

85 2013 137 26 sakkunniga
232 2013 36 20 må
279 2012 106 20 bestridas
395 2012 48 20 från
454 2012 98 27 anslaget
562 2013 118 19 understöd
690 2013 24 19 åt
722 2012 255 27 jorddelningsväsendet

85 2049 29 13 m.
124 2048 36 14 m.:
172 2042 77 26 bidrag
258 2042 33 20 till
301 2042 57 20 vissa
368 2042 262 26 förrättningskostnader
639 2048 28 14 m.
678 2048 36 17 m.,
725 2044 103 18 ävensom
839 2043 34 19 att
882 2042 94 20 kostnad

85 2072 34 20 för
130 2072 206 26 väganläggningar,
349 2078 46 14 som
406 2071 115 21 föranletts
533 2077 28 15 av
572 2072 82 23 skiftet,
667 2073 58 19 samt
736 2072 33 19 för
781 2072 137 26 utflyttning,
930 2078 46 14 som

86 2103 90 25 prövats
197 2102 79 19 bereda
297 2101 152 26 förmånligare
470 2101 169 26 ägoanordning,
660 2101 36 20 må
716 2101 75 26 gäldas
810 2101 49 20 från
880 2101 97 27 anslaget

993 187 102 25 Are
1128 168 91 16 Motioner
1277 163 79 30 Utskott
1400 163 33 61 Skr
1432 180 26 39 iv.
1466 204 5 1 Å
1519 164 91 46 KIOFOKQH
1622 205 38 1 a

1123 221 32 16 FK
1158 217 23 29 |
1186 221 34 16 AK
1242 221 85 17 |SmllAvd]
1351 222 26 16 Nr
1496 222 33 15 FK
1596 222 35 16 AK

992 292 29 20 44l
1062 304 28 3 —I
1134 292 24 20 211
1199 304 27 3 —I
1261 292 12 20 91
1309 293 13 20 21
1360 293 26 20 561
1411 293 40 20 3871
1477 293 33 20 23:
1521 295 24 18 43
1550 288 23 35 |
1578 293 33 20 23:
1624 295 37 18 147

994 429 27 20 451
1063 429 26 20 271
1134 441 28 2 —I
1199 442 27 2 —I
1262 430 12 19 91
1310 430 12 19 2
1375 430 12 20 FF
1426 430 119 20 DETTLB0
1558 426 52 34 LER
1623 433 23 16 14

994 566 27 19 46]
1063 577 28 3 —
1121 566 39 19 1224!
1199 577 27 3 —I
1261 567 13 19 91
1309 567 13 19 2
1374 567 12 19 81)
1424 567 120 19 —110:36
1547 563 21 33 |
1579 567 30 19 10:
1621 569 23 17 31

1006 690 8 13 »
1064 696 27 2 —
1098 680 13 34 |]
1135 684 91 20 431110]
1261 684 61 20 91-21
1361 685 24 19 101
1425 685 118 19 62111:81
1579 685 30 19 111:
1621 685 39 19 89d

1006 779 8 12 »
1064 785 27 2 —
1100 769 14 34 |]
1135 785 27 2 —[|
1187 773 88 19 322110]
1296 785 27 2 —]
1361 773 26 20 481
1425 786 27 2 —I]|
1477 774 32 19 20:
1521 776 24 17 56
1548 769 22 34 |
1577 774 33 19 21:
1621 774 39 19 89d

1007 868 8 12 »
1028 857 18 34 I
1054 861 37 20 134]
1135 873 29 3 —I
1201 874 27 2 —IJ
1263 862 12 19 91
1314 863 6 18 1j
1362 863 148 19 421332123:
1524 865 37 17 123)
1577 862 33 20 25:
1623 864 23 17 17

996 939 27 20 471
1052 940 41 19 232
1097 935 22 35 1
1123 939 40 20 279
1167 935 18 35 |
1188 939 40 20 4181
1263 940 13 19 91
1311 941 13 19 21
1362 940 90 20 471476
1451 935 10 35 |
1477 940 33 20 34:
1521 940 140 20 35d|34:100d

1123 969 40 20 286
1162 965 21 33 |
1188 969 40 20 429

1123 998 40 20 287
1165 994 18 34 |
1187 999 41 19 430

995 1312 27 21 48)
1064 1325 27 2 —
1100 1308 18 35 |
1122 1313 105 20 2281-1301
1262 1314 12 19 91
1310 1314 13 20 21
1361 1314 91 20 3012121
1476 1314 69 20 20:57
1548 1308 23 35 |
1577 1313 33 21 20:
1624 1315 37 18 105]

1006 1408 8 13 »
1023 1398 23 35 I
1064 1414 28 2 —]
1136 1402 26 20 701
1200 1403 123 20 —1101—]-
1361 1403 91 20 521.347]
1477 1403 33 20 24:
1523 1405 37 17 129)
1577 1402 33 20 24:
1624 1405 37 17 126

1006 1556 9 13 »
1023 1547 22 34 |
1051 1551 40 20 2551
1135 1551 93 20 —I15701
1262 1551 13 20 91
1310 1552 13 19 21
1361 1551 26 20 461
1412 1551 40 20 4001
1477 1551 67 20 26:21
1548 1547 22 34 |
1577 1551 33 20 26:
1622 1551 38 20 90d

996 1657 27 20 501
1053 1657 38 20 177
1100 1653 26 34 |
1135 1669 28 2 —I
1200 1669 28 3 —IJ
1262 1658 13 19 91
1310 1658 13 20 31
1363 1658 89 20 1211971
1479 1658 31 20 15:
1523 1660 37 17 1061
1579 1657 31 21 15:
1623 1660 38 17 209

1007 1931 8 13 »
1024 1920 23 35 1
1051 1924 41 21 200]
1136 1937 27 2 —I
1202 1925 121 20 —J1]101—]
1361 1925 26 20 231
1412 1925 97 20 243116:
1523 1927 37 18 1531
1579 1925 32 20 17:
1622 1927 24 17 63
