1831 2355
739 160 224 18 SAKREGISTER

1613 158 44 21 837

64 454 143 21 Kommunala
223 454 99 20 läroverk.

105 484 55 20 skall
172 484 26 20 fr.
212 490 19 14 o.
245 490 29 14 m.
289 483 41 21 den
345 483 8 20 1
368 483 45 26 jan.
430 483 51 20 1939
495 482 52 27 utgå
561 482 141 27 statsbidrag,
715 482 156 20 motsvarande
883 494 28 2 —

105 514 96 20 förutom
215 513 48 21 hela
275 513 124 20 kostnaden
412 513 33 19 för
457 512 121 20 eventuellt
590 512 109 26 utgående
712 512 162 26 dyrtidstillägg
883 524 27 2 —

104 544 29 26 3/,
147 550 28 14 av
190 543 26 20 de
230 543 68 26 enligt
311 543 145 19 omförmälda
470 542 246 26 avlöningsreglemente
730 542 108 26 utgående
852 542 58 20 löne-

106 574 107 25 beloppen
226 574 58 19 samt
296 579 28 13 av
337 572 120 20 eventuellt
470 572 109 26 utgående
591 571 143 26 provisoriskt
747 571 163 26 dyrortstillägg

106 603 40 20 och
167 602 133 26 provisorisk
321 601 269 27 avlöningsförstärkning;
612 601 40 20 och
672 601 112 26 medgiver
804 601 50 23 RD,
875 602 34 19 att

106 633 46 19 ord.
166 632 70 20 lärare
248 632 38 20 vid
300 631 166 26 ifrågavarande
480 631 72 20 skolor
564 631 43 22 må,
622 631 68 20 under
703 630 159 27 förutsättning
875 632 34 19 att

107 662 26 20 de
153 662 133 20 underkasta
306 661 32 26 sig
357 661 96 20 nämnda
473 660 252 27 avlöningsreglemente,
745 661 38 19 vid
802 660 107 27 ingången

107 698 27 14 av
152 692 45 25 jan.
218 691 52 21 1939
288 697 29 14 av
335 690 127 21 statsmedel
481 690 98 26 uppbära
598 692 33 18 ett
649 690 86 26 belopp,
753 690 157 20 motsvarande

107 722 43 20 vad
167 722 27 19 de
209 733 28 3 —
254 721 162 26 dyrtidstillägg
432 720 130 20 frånräknat
578 732 27 2 -—
622 720 68 20 skulle
707 720 57 20 hava
781 720 106 26 uppburit
903 720 7 20 i

107 751 95 20 förskott
215 751 33 20 för
261 757 83 14 samma
357 750 88 23 månad,
459 756 36 14 om
508 750 26 20 de
547 750 45 20 före
605 750 41 19 den
661 750 9 19 1
684 750 45 26 jan.
745 750 52 20 1939
810 750 100 26 gällande

107 780 308 27 avlöningsbestämmelserna
431 780 26 20 då
472 780 136 20 fortfarande
622 781 38 25 ägt
674 780 107 26 giltighet;
796 780 40 20 och
850 780 60 20 med-

106 811 61 26 giver
185 811 50 22 RD,
255 811 34 19 att
307 810 45 20 viss
369 809 95 27 tillfällig
482 809 183 26 löneförbättring
682 810 36 19 må
737 809 34 20 för
788 809 61 20 tiden
868 809 42 20 den

109 841 8 19 1
135 840 111 26 juli-den
262 840 24 20 31
305 840 45 20 dec.
369 839 53 20 1938
438 839 52 26 utgå
507 839 33 20 till
556 839 185 26 lärarpersonalen
757 839 37 20 vid
810 839 100 20 kommu-

108 870 49 20 nala
169 870 131 23 flickskolor;
313 870 39 19 och
364 869 89 20 anvisar
463 869 43 20 RD
518 869 33 19 till
562 867 142 22 kommunala
715 869 106 20 läroverk:
834 869 76 26 bidrag

107 900 33 20 till
159 899 141 21 kommunala
316 899 126 20 flickskolor
457 900 34 18 ett
506 899 76 26 anslag
597 904 29 14 av
644 898 60 21 1500
713 898 41 20 000
770 899 32 19 kr.
819 898 33 26 (f);
870 898 38 20 och

107 929 112 26 medgiver
239 929 49 23 RD,
309 930 35 19 att
363 928 95 26 tillfällig
477 928 183 26 löneförbättring
679 928 35 20 må
734 928 35 20 för
787 928 61 20 tiden
868 928 41 20 den

109 960 7 19 1
135 959 111 26 juli--den
262 959 25 19 31
305 959 46 19 dec.
369 958 54 20 1938
438 958 53 26 utgå
506 958 34 20 till
556 958 185 26 lärarpersonalen
757 958 38 20 vid
810 958 101 20 kommu-

108 989 49 20 nala
177 988 160 24 mellanskolor;
358 988 40 20 och
418 988 88 20 anvisar
525 988 43 20 RD
588 988 33 19 till
641 988 141 19 kommunala
802 987 107 21 läroverk:

108 1019 76 26 bidrag
193 1018 34 20 till
237 1018 142 20 kommunala
389 1017 153 21 mellanskolor
552 1018 33 19 ett
595 1017 75 27 anslag
680 1023 28 15 av
718 1018 13 19 2
741 1017 40 20 100
789 1017 41 20 000
840 1017 32 20 kr.
884 1017 26 26 (f)

106 1050 59 19 samt
173 1048 33 20 till
215 1048 65 26 högre
289 1048 125 20 folkskolor:
425 1047 118 21 understöd
553 1048 33 19 ett
594 1047 75 26 anslag
677 1053 27 14 av
717 1047 59 20 1850
785 1047 41 20 000
834 1047 32 20 kr.
876 1047 33 26 (f).

93 1108 42 20 RD
151 1108 102 23 besluter,
268 1108 35 20 att
317 1107 33 20 till
363 1107 141 20 kommunala
519 1106 132 24 flickskolor,
665 1106 142 21 kommunala
821 1107 89 20 mellan-

107 1138 79 23 skolor,
205 1137 114 27 praktiska
336 1137 154 20 mellanskolor
507 1137 40 20 och
565 1137 66 26 högre
648 1136 120 20 folkskolor
785 1136 54 20 skall
857 1136 53 26 utgå

107 1167 142 26 statsbidrag;
268 1167 41 20 och
327 1167 88 20 anvisar
434 1166 42 21 RD
495 1166 33 20 till
546 1166 142 20 kommunala
707 1166 107 20 läroverk:
834 1166 76 26 bidrag

107 1197 33 20 till
157 1197 142 20 kommunala
317 1196 125 20 flickskolor
458 1197 34 19 ett
508 1196 76 26 anslag
600 1202 28 14 av
645 1196 63 20 4050
717 1195 41 21 000
775 1196 32 20 kr.
826 1196 33 25 (f);
877 1196 33 20 till

107 1227 142 20 kommunala
269 1226 106 21 läroverk:
396 1226 77 26 bidrag
492 1226 33 20 till
544 1226 141 20 kommunala
705 1226 154 20 mellanskolor
877 1227 34 19 ett

107 1257 76 26 anslag
197 1263 27 14 av
239 1257 13 20 3
261 1256 41 21 325
311 1256 41 20 000
366 1256 32 20 kr.
414 1256 33 26 (f);
463 1256 33 19 till
510 1255 181 27 privatläroverk:
707 1256 77 26 bidrag
797 1255 34 20 till
845 1255 65 27 högre

106 1292 59 21 goss-
182 1286 40 20 och
241 1286 120 20 samskolor
378 1287 34 19 ett
429 1285 75 27 anslag
521 1292 28 13 av
567 1285 40 21 538
617 1285 40 20 500
674 1285 32 20 kr.
725 1285 34 26 (f);
777 1285 33 20 till
827 1285 84 26 privat-

107 1316 106 20 läroverk:
225 1316 77 26 bidrag
312 1315 32 20 till
355 1316 66 26 högre
431 1315 126 20 flickskolor
566 1316 34 19 ett
609 1315 75 26 anslag
694 1321 28 14 av
732 1315 41 20 650
782 1315 41 20 000
832 1315 32 20 kr.
876 1315 33 26 (f),

107 1346 68 20 därav
192 1346 26 20 30
227 1345 41 20 000
284 1346 32 19 kr.
333 1345 60 20 skola
410 1345 114 20 användas
539 1345 34 20 till
588 1345 163 26 nedbringande
767 1351 28 14 av
810 1345 101 19 termins-

107 1376 95 27 avgifter
216 1375 69 20 under
300 1375 80 20 läsåret
398 1374 142 24 1939—1940;
556 1374 34 20 till
604 1374 119 21 folkskolor
736 1380 30 14 m.
781 1380 37 14 m.:
834 1374 77 27 bidrag

107 1405 32 20 till
151 1405 105 26 avlöning
266 1405 24 20 åt
301 1405 69 20 lärare
380 1404 38 20 vid
429 1404 120 20 folkskolor
559 1405 33 19 ett
602 1404 75 27 anslag
688 1410 28 14 av
728 1404 39 20 120
776 1404 41 20 000
826 1404 41 20 000
877 1404 33 20 kr.

108 1435 33 26 (f);
150 1435 34 20 till
193 1435 120 20 folkskolor
320 1440 29 14 m.
359 1440 37 14 m.:
409 1434 76 26 bidrag
493 1434 34 20 till
536 1434 103 26 avlöning
647 1434 24 20 åt
679 1434 69 20 lärare
756 1434 34 20 för
798 1434 38 20 vid
845 1435 66 19 stats-

108 1465 148 20 understödda
271 1464 225 26 sjukvårdsanstalter
509 1464 40 20 och
562 1464 58 20 vissa
633 1464 106 20 barnhem
752 1463 91 27 intagna
856 1464 55 20 barn

108 1494 6 20 i
129 1494 123 20 skolåldern
267 1495 34 19 ett
314 1494 76 26 anslag
404 1499 28 15 av
447 1493 41 21 220
496 1493 41 20 000
552 1493 31 20 kr.
599 1493 33 26 (f);
648 1493 33 20 till
696 1493 119 20 folkskolor
828 1499 29 14 m.
873 1499 36 15 m.:

108 1524 77 26 bidrag
208 1524 32 20 till
263 1523 104 27 avlöning
382 1524 24 20 åt
425 1523 201 20 föreståndarinnor
646 1523 39 20 och
706 1523 131 20 biträdande
856 1523 55 21 före-

108 1553 156 21 ståndarinnor
274 1553 38 20 vid
325 1553 97 20 skolhem
435 1553 40 20 och
487 1553 150 26 arbetsstugor
649 1554 33 19 ett
693 1553 76 26 anslag
780 1559 28 14 av
820 1552 41 21 300
869 1553 42 20 000

107 1584 33 20 kr.
150 1584 27 25 (f)
186 1585 59 19 samt
253 1583 34 20 till
296 1583 66 26 högre
371 1583 125 20 folkskolor:
507 1583 118 20 understöd
635 1584 33 19 ett
677 1583 75 26 anslag
761 1589 28 14 av
798 1582 12 20 3
820 1582 41 21 450
869 1583 41 20 000

107 1614 33 20 kr.
161 1613 33 26 (f);
215 1613 40 20 och
275 1613 144 26 bemyndigar
438 1612 42 21 RD
501 1612 64 20 KM:t
584 1614 34 19 att
637 1613 91 26 vidtaga
748 1612 26 20 de
793 1612 118 27 ändringar

108 1643 40 21 och
165 1643 140 27 jämkningar
321 1643 7 20 i
344 1642 100 27 gällande
461 1642 163 21 bestämmelser
640 1644 41 19 rör.
698 1642 213 27 fortsättningsskol-

108 1673 113 23 väsendet,
237 1679 45 14 som
297 1673 36 20 må
348 1672 100 21 befinnas
462 1672 138 27 erforderliga
615 1672 33 20 för
662 1672 131 26 uppnående
807 1678 28 14 av
850 1674 60 18 över-

108 1703 164 20 ensstämmelse
287 1703 49 20 med
351 1703 44 19 vad
410 1708 46 14 som
471 1702 66 26 gäller
551 1702 34 20 för
599 1702 129 20 folkskolan.

93 1762 41 20 Till
148 1762 142 20 kommunala
304 1762 106 20 läroverk:
425 1762 119 20 understöd
557 1762 24 19 åt
593 1761 58 21 vissa
664 1761 141 21 kommunala
819 1767 90 21 gymna-

108 1792 41 20 sier
162 1792 88 20 anvisas
264 1793 33 19 ett
311 1792 75 26 anslag
400 1797 28 15 av
443 1791 24 20 14
477 1791 41 20 000
531 1791 32 20 kr.

135 1828 22 16 Se
171 1827 34 17 ock
223 1827 225 21 Avlöningsreglementet
465 1827 59 20 (1940:
534 1827 23 20 1);
574 1827 129 16 Kommunala
720 1827 114 20 flickskolor;
850 1827 59 16 Kom-

111 1852 76 16 munala
200 1851 138 20 mellanskolor;
351 1851 93 16 Läroverk
457 1851 59 19 (1940:
527 1850 23 21 7);
561 1850 148 17 Pensionsväsen
718 1851 60 20 (1935:
787 1853 15 17 2;
813 1851 51 16 1938:
874 1851 34 20 19);

111 1875 154 16 Privatläroverk.

65 1934 182 20 KOMMUNALA
263 1929 190 25 LÖNETILLÄGG
469 1931 37 23 ÅT
520 1934 81 20 VISSA
618 1929 122 30 LÄRARE;
754 1939 22 15 se
789 1934 121 21 Folkskolor

92 1970 28 14 m.
135 1969 27 15 m.
178 1964 71 26 (1933:
262 1964 26 25 2).

66 2029 182 20 KOMMUNALA
265 2029 224 20 MELLANSKOLAN
506 2029 9 20 I
532 2024 156 30 GÖTEBORG;
704 2035 22 14 se
742 2029 168 26 Avskrivningar

94 2058 70 25 (1939:
178 2059 40 26 16).

937 317 26 20 År

986 264 56 17 Kungl.l

989 294 53 17 Maj:ts

989 327 50 14 prop:r

996 353 36 14 eller

1055 285 91 16 Motioner

1200 237 98 17 Utskotts-

1189 267 117 19 utlåtanden,

1172 297 96 16 memorial
1281 297 44 16 eller

1183 327 132 16 betänkanden

1370 237 54 16 Riks-

1363 267 69 20 dagens

1373 297 46 16 skri-

1366 326 60 17 velser

1494 254 115 17 Kamrarnas

1482 284 141 21 förhandlingar

1507 314 89 21 (prot.nr)

988 383 55 14 skriv:r|

1056 393 34 16 FK

1108 393 36 17 AK

1164 374 16 57 Saml.

1206 381 16 18 kod

1210 400 12 12 >

1246 392 90 17 Nummer

1353 392 91 17 Nummer

1467 380 66 17 Första
1540 376 24 31 |
1571 380 63 17 Andra

1466 405 70 16 kamm.
1537 400 27 30 |
1568 404 70 17 kamm.

925 482 55 21 1938

925 1107 54 20 1939

927 1762 53 20 1940

998 1108 40 19 252

999 1762 39 20 1:08

988 1792 57 21 pt130)

1055 492 24 5 ND

1074 483 11 20 3

1088 483 11 19 NN

1060 1108 40 20 208

1060 1137 39 20 333

1113 482 40 20 416]

1113 512 40 20 417

1113 542 40 20 418

1113 572 40 19 419|

1113 1166 41 21 280

1378 1763 13 19 8
1405 1764 45 18 s.30

1458 1107 33 20 37:
1502 1109 24 18 34
1537 1107 54 20 d|37:
1605 1109 22 17 17
1638 1106 12 20 d

1460 1762 66 20 17:49
1560 1762 66 20 119:12
