1831 2350
161 73 43 20 348

178 282 233 21 FRIHETSSTRAFF.

207 318 41 20 RD
257 318 72 20 avslår
337 318 108 20 motioner
454 325 34 14 om
498 325 25 14 en
533 321 93 24 översyn
635 326 27 13 av
672 320 256 26 straffverkställigheten
938 321 36 20 vid
984 321 85 20 frihets-

178 348 70 20 straff.

206 390 42 19 RD
259 391 91 25 antager
360 390 33 20 för
403 390 32 20 sin
447 390 33 20 del
491 391 80 25 förslag
582 390 31 20 till
624 391 35 26 lag
669 397 35 14 om
715 392 165 26 verkställighet
889 398 29 14 av
928 392 141 20 frihetsstraff

178 425 28 14 m.
216 426 36 16 m.,
264 420 32 19 till
307 420 34 26 lag
352 426 35 14 om
398 420 92 26 ändring
500 420 6 20 i
517 420 57 20 vissa
585 421 59 20 delar
654 427 28 13 av
692 421 134 27 strafflagen,
838 421 32 20 till
881 422 34 26 lag
925 427 49 21 ang.
985 423 83 20 ändrad

178 449 80 26 lydelse
270 456 28 13 av
312 450 23 19 17
348 450 40 20 och
402 450 24 20 18
435 451 20 24 $$
467 450 61 26 lagen
541 450 41 20 den
594 451 13 19 9
618 451 54 25 april
687 451 51 20 1937
751 451 34 25 (nr
799 451 46 26 119)
858 458 35 13 om
904 452 165 26 verkställighet

177 485 28 14 av
216 479 133 23 bötesstraff,
360 479 33 20 till
403 480 34 26 lag
447 486 35 13 om
493 480 83 20 ändrad
587 480 80 26 lydelse
677 487 28 13 av
715 481 26 20 38
751 482 9 24 $
770 481 126 26 strafflagen
907 482 34 19 för
950 482 119 26 krigsmak-

177 510 44 22 ten,
235 509 32 20 till
279 509 34 26 lag
324 515 49 20 ang.
386 509 92 27 ändring
490 510 6 19 i
507 510 62 26 lagen
582 510 41 20 den
638 510 24 20 15
673 510 47 26 juni
734 511 52 20 1935
799 511 35 26 (nr
844 511 50 26 343)
906 517 35 14 om
954 512 116 26 ungdoms-

177 539 102 26 fängelse,
291 539 32 20 till
335 539 34 26 lag
380 545 48 20 ang.
440 540 84 20 ändrad
536 540 79 25 lydelse
627 546 28 14 av
667 540 11 20 7
690 541 39 19 och
741 541 12 19 8
762 541 21 24 $$
794 541 61 25 lagen
867 541 41 20 den
922 541 24 20 18
956 541 48 26 juni
1017 542 52 20 1937

178 569 34 24 (nr
227 569 50 25 461)
294 575 35 14 om
345 569 111 26 förvaring
473 570 39 19 och
529 570 132 26 internering
677 570 6 20 i
699 570 203 23 säkerhetsanstalt,
920 571 32 20 till
969 571 35 26 lag
1019 577 49 21 ang.

177 599 83 20 ändrad
272 599 80 25 lydelse
362 605 29 14 av
401 599 27 20 82
437 600 9 24 $
456 599 62 26 lagen
530 600 40 19 den
582 600 26 19 23
619 600 45 19 okt.
678 600 51 20 1914
740 600 35 26 (nr
784 601 50 25 325)
845 607 35 13 om
891 601 179 26 krigsdomstolar

178 629 39 19 och
240 629 142 26 rättegången
405 629 119 23 därstädes,
543 629 32 20 till
594 630 34 26 lag
646 635 49 21 ang.
714 630 92 26 ändring
823 630 6 20 i
849 631 25 19 19
892 631 9 25 $
916 631 152 26 förordningen

177 659 41 19 den
234 658 24 20 16
272 659 53 19 febr.
342 658 52 21 1864
407 659 35 25 (nr
457 659 21 20 11
494 666 16 13 s.
527 659 47 26 101)
588 666 35 13 om
637 666 42 20 nya
693 660 138 26 strafflagens
845 660 113 20 införande
972 661 40 19 och
1025 661 43 20 vad

177 688 6 20 i
197 689 107 19 avseende
318 689 52 20 därå
384 688 110 26 iakttagas
508 689 54 20 skall
576 691 58 18 samt
647 689 32 20 till
693 690 35 26 lag
741 695 48 21 ang.
804 691 84 19 ändrad
902 690 80 26 lydelse
996 697 28 14 av
1038 692 30 24 2$

177 718 61 26 lagen
252 718 40 20 den
305 719 27 19 22
343 718 48 26 juni
405 719 52 19 1939
470 719 34 25 (nr
515 719 50 26 315)
578 725 35 14 om
626 719 91 20 särskild
729 720 196 26 förundersökning
938 720 6 20 i
957 720 111 21 brottmål.

206 760 42 20 RD
257 762 91 24 antager
357 761 32 19 för
398 760 31 20 sin
440 761 33 19 del
483 761 34 26 lag
526 766 48 21 ang.
585 761 91 26 ändring
685 761 6 20 i
700 761 62 26 lagen
772 762 41 19 den
822 762 24 20 21
858 762 45 20 dec.
915 762 52 20 1945
977 762 34 26 (nr
1019 762 50 27 872)

178 796 35 13 om
223 790 165 26 verkställighet
398 796 28 14 av
436 790 142 20 frihetsstraff
587 797 29 13 m.
626 797 29 14 m.

206 820 26 19 Se
242 820 40 19 ock
294 820 188 26 Decentralisering
492 820 79 26 (1948).

179 867 189 24 FRIKRETSAR;
383 874 22 13 se
423 867 159 27 Telegrafverket
597 868 69 25 (1944:
681 868 38 26 11).

178 910 103 25 FRIKÖP
288 915 37 20 AV
334 912 267 28 ARRENDEGÅRDAR;
610 922 22 13 se
641 915 93 21 Arrende
743 916 70 26 (1945:
826 920 17 20 6,
856 916 57 21 1950:
926 917 26 26 3),
964 917 105 20 Ecklesia-

205 944 42 20 stik
259 944 52 26 jord,
328 944 180 27 Interpellationer
522 945 69 26 (1949:
606 945 52 26 142),
673 945 201 27 Kronoegendomar.

178 992 151 24 FRILAGER;
338 999 22 13 se
366 992 263 27 Provianteringsfrilager.

179 1034 136 24 FRILISTA
297 1030 14 35 ;
328 1040 22 14 se
366 1034 179 26 Interpellationer
558 1034 69 26 (1949:
642 1035 52 25 124).

178 1075 204 24 FRILUFTSBAD;
397 1081 21 14 se
435 1076 65 19 Idrott
514 1076 70 26 (1944:
597 1076 26 26 5).

179 1117 189 24 FRILUFTSLIV;
380 1123 21 14 se
414 1117 76 20 Hälso-
502 1117 35 20 och
549 1117 100 26 sjukvård
660 1118 70 26 (1948:
743 1118 26 26 3),
785 1118 70 23 Idrott,
868 1119 120 25 Järnvägar
999 1119 69 25 (1944:

209 1146 39 26 27).

179 1188 226 25 FRISKILLINGAR;
416 1195 21 13 se
449 1189 157 26 Stämpelavgift
616 1189 70 26 (1947:
699 1189 26 26 3).

179 1230 228 20 FRITIDSCENTRA.

207 1265 42 20 RD
262 1265 97 20 anhåller
371 1272 35 13 om
418 1272 27 13 en
457 1266 84 26 allsidig
554 1266 116 26 utredning
682 1272 27 14 av
722 1267 75 25 frågan
810 1273 35 13 om
857 1267 213 26 gemensamhetsan-

179 1295 126 26 läggningar
315 1296 39 19 och
366 1295 154 20 fritidscentra.

178 1338 224 25 FRITIDSLÄGRET
414 1343 49 20 VID
478 1339 183 28 SKÖNSTAVIK;
675 1350 21 13 se
710 1344 102 19 Marinen
826 1344 70 26 (1946:
910 1346 30 21 40,
957 1344 59 20 1950:
1028 1345 40 25 30).

179 1384 330 25 FRITIDSUNDERVISNING;
519 1391 21 13 se
552 1385 163 20 Försvarsväsen
726 1385 69 26 (1942:
809 1388 30 21 19,
851 1385 59 20 1945:
924 1388 29 21 13,
966 1386 59 20 1946:
1039 1388 30 21 11,

209 1414 58 20 1947:
281 1416 16 21 4,
311 1414 59 20 1948:
383 1416 17 21 9,
414 1414 58 20 1949:
486 1417 16 20 7,
516 1414 58 20 1950:
587 1415 26 25 3).

179 1461 139 20 FRIVILLIG
331 1461 203 20 PENSIONERING
548 1468 28 13 av
590 1462 6 19 i
610 1462 83 20 enskild
708 1462 70 26 tjänst
792 1462 115 24 anställda;
923 1469 21 13 se
956 1463 115 20 Pensions-

207 1492 61 19 väsen
281 1491 70 26 (1946:
364 1491 40 26 22).

179 1538 138 27 FRIVILLIG
341 1539 113 20 STATLIG
477 1535 322 29 PENSIONSFÖRSÄKRING;
823 1546 21 14 se
868 1540 203 26 Folkpensionering

208 1568 70 26 (1946:
291 1568 26 26 7).

180 1616 157 20 FRIVILLIGA
348 1613 272 28 AUTOMOBILKÅREN;
632 1623 21 13 se
664 1616 78 21 Armén
754 1617 70 45 (ep:
837 1619 30 21 41,
882 1617 58 20 1946:
954 1617 39 26 53),
1006 1617 65 20 Aulto-

207 1645 134 24 mobilkåren,
357 1646 167 20 Pensionsväsen
541 1646 70 26 (1947:
625 1647 25 25 7).

180 1693 158 20 FRIVILLIGA
355 1689 449 30 BEFÄLSUTBILDNINGSRÖRELSEN;
821 1701 22 13 se
860 1694 78 20 Armén
956 1695 70 25 (1949:
1040 1697 30 21 41,

210 1723 58 20 1950:
282 1723 39 26 29).

180 1770 158 21 FRIVILLIGA
352 1771 289 25 BILDNINGSARBETET;
656 1778 21 13 se
693 1772 169 26 Föreläsningar.

180 1818 158 21 FRIVILLIGA
353 1816 266 23 DJURSJUKVÅRDEN
632 1820 10 19 I
656 1820 80 23 KRIG;
751 1826 21 13 se
787 1819 78 20 Armén
880 1820 70 25 (1944:
963 1822 30 21 42,
1011 1820 58 20 1945:

210 1850 30 21 41,
253 1848 59 20 1946:
325 1850 30 21 55,
368 1848 58 20 1947:
440 1851 30 21 46,
483 1848 58 21 1948:
555 1851 30 21 33,
598 1849 58 20 1949:
669 1852 31 20 42,
712 1849 59 20 1950:
784 1850 39 25 29).

179 1889 159 21 FRIVILLIGA
350 1886 282 29 FÖRSVARSARBETET;
644 1897 21 13 se
678 1890 78 20 Armén
769 1891 69 26 (1944:
851 1891 40 25 41).

180 1931 158 20 FRIVILLIGA
347 1929 296 27 MOTORCYKELKÅREN;
652 1938 22 14 se
683 1932 78 20 Armén
771 1932 69 26 (1944:
853 1935 31 20 42,
896 1932 58 20 1945:
968 1935 30 20 41,
1010 1932 58 20 1946:

210 1961 40 25 54).

180 2002 158 20 FRIVILLIGA
358 1998 312 25 SJUKVÅRDSVÄSENDET
689 2004 9 19 I
717 2004 80 24 KRIG;
816 2010 21 13 se
857 2003 78 20 Armén
955 2003 70 26 (1944:
1038 2006 30 21 42,

210 2032 59 20 1945:
282 2034 30 21 41,
328 2032 58 20 1946:
400 2035 30 21 55,
446 2032 58 21 1947:
517 2035 31 21 55,
563 2033 59 20 1948:
635 2035 30 21 33,
681 2033 59 20 1949:
753 2033 39 26 42).

180 2073 158 21 FRIVILLIGA
351 2070 263 29 SKYTTEVÄSENDET;
626 2081 21 14 se
659 2074 77 21 Armén
749 2075 63 26 (1946
822 2075 27 20 H:
863 2077 16 21 2,
894 2075 58 20 1948:
965 2077 31 21 33,
1010 2075 59 20 1949:

211 2105 30 21 43,
255 2103 60 21 1950:
330 2106 30 21 29,
375 2104 40 26 30),
428 2104 172 27 Skylteväsendet.

1225 166 91 17 Motioner
1363 162 89 30 Utskott
1493 162 58 37 Skriv.
1612 167 95 16 Protokoll

1089 187 26 20 År
1128 187 63 28 Prop.
1512 207 21 11 är

1219 221 44 16 FK
1251 215 24 32 «|
1282 221 35 15 AK
1339 221 85 16 ISmillAvd!
1448 221 26 16 Nr
1591 220 33 16 FK
1690 220 34 16 AK

1089 322 27 19 421
1158 333 28 3 —
1189 317 22 34 I
1232 322 24 20 18!
1295 322 26 20 221
1356 322 12 20 9)
1406 322 8 19 11
1455 322 23 19 611
1519 333 28 3 —]J
1571 321 33 20 27:
1615 321 38 20 51dl
1671 321 32 20 27:
1716 321 37 20 18d

1089 393 27 20 451|
1144 393 41 20 342
1194 388 18 35 1
1216 393 40 20 433
1260 388 18 35 |
1281 393 40 20 649]
1356 393 13 20 91
1406 393 7 20 11
1455 393 91 20 521575]
1571 393 33 20 38:
1615 393 38 19 62dl
1671 392 32 20 40:
1715 393 38 19 29d

1092 423 20 20 H
1216 422 39 21 434
1253 418 23 35 |
1281 423 41 20 650

1281 453 37 19 651

1090 763 27 19 491]
1147 762 38 21 127
1197 757 27 35 I
1230 774 28 3 —I
1295 774 27 2 —1]
1357 762 56 20 9111
1455 762 27 20 401
1506 762 97 20 328119:
1617 761 137 20 103/19:104d

1090 1267 27 20 45]
1158 1279 28 2 —
1243 1267 13 20 5|
1296 1267 25 20 121
1356 1267 61 20 61—]
1443 1267 38 20 1591
1505 1266 99 20 418125:
1616 1269 24 16 12
1643 1262 23 35 |
1672 1266 34 20 25:
1717 1268 24 17 86

1281 1297 40 19 265
