1851 2357
898 161 135 15 SAKREGISTER

179 438 167 27 Avsöndringar
362 445 26 14 m.
405 446 26 13 m.

180 473 10 16 9
208 469 38 20 RD
270 469 108 26 medgiver
396 471 32 18 att
446 471 81 18 tomten
544 476 25 13 nr
585 469 28 20 24
630 469 66 26 enligt
713 469 55 20 1831
785 470 34 20 års
835 470 133 26 beteckning,
986 470 32 20 be-

223 499 62 26 lägen
301 499 59 20 inom
377 499 157 27 Malmköpings
551 499 86 26 köping,
654 499 49 20 med
714 499 51 20 därå
776 499 110 26 befintliga
896 500 123 26 byggnader

223 529 36 20 må
275 529 105 26 försäljas.

166 599 24 16 10
208 594 37 20 RD
270 594 114 26 medgiver,
409 597 31 18 att
463 602 26 13 av
512 595 41 20 den
577 595 81 20 kronan
682 595 108 26 tillhöriga
805 595 39 20 och
861 602 26 14 av
903 595 116 21 lotsverket

223 624 140 27 disponerade
386 624 126 26 lägenheten
537 625 122 20 Sandviken
683 632 25 13 nr
728 625 9 20 1
755 625 7 20 i
778 625 82 20 Nicolai
884 626 77 20 socken
977 626 40 20 och

223 655 104 20 Jönåkers
351 655 66 20 härad
440 656 36 19 må
491 655 33 20 till
541 655 406 21 Oxelösund—Flen—Västmanlands
962 657 56 25 järn-

223 685 106 25 vägs-a.-b.
338 685 98 26 försäljas
447 685 46 20 dels
503 685 36 20 det
550 685 138 20 landområde
700 692 25 13 av
736 685 99 26 omkring
846 685 12 20 3
867 685 42 20 200
921 685 96 21 kvadrat-

223 717 74 22 meter,
321 721 53 18 som,
398 715 96 20 utmärkt
516 715 48 20 med
580 717 65 24 gröna
661 715 116 26 heldragna
793 715 224 27 begränsningslinjer,

223 745 68 20 finnes
309 745 84 26 angivet
409 746 12 19 å
436 752 26 13 en
478 745 156 26 lotsstyrelsens
649 745 159 26 framställning
823 746 7 19 i
846 747 73 19 ämnet
932 745 86 27 bifogad

223 774 120 27 kartkopia,
360 774 46 21 dels
422 775 39 20 ock
477 775 35 20 det
528 775 86 20 utanför
630 775 94 20 nämnda
740 775 86 21 område
839 775 88 26 belägna
938 777 78 19 vatten-

223 804 94 26 område,
334 811 46 14 som
396 805 74 20 tillhör
486 805 125 26 lägenheten
627 805 39 20 och
683 805 62 20 faller
760 806 58 19 inom
835 805 182 27 förlängningen
997 800 23 36 i

224 834 37 21 rak
278 834 51 27 linje
346 841 26 14 av
388 835 25 20 de
429 837 85 24 gränser
528 835 32 20 för
571 835 154 24 landområdet,
737 842 45 13 som
795 836 62 20 träffa
868 835 148 27 strandlinjen.

193 895 63 20 Inom
276 888 160 32 Östergötlands
452 895 44 20 län:

167 929 22 15 11
209 924 105 20 Motioner
337 931 35 13 om
396 925 127 26 försäljning
541 932 26 13 av
583 925 53 20 visst
651 924 86 21 område
754 925 47 20 från
818 925 198 26 kronoegendomen

224 954 80 21 Skenes
320 954 121 26 kungsgård
457 954 75 21 avslås.

167 1019 23 15 12
208 1014 37 20 RD
264 1014 115 25 medgiver,
400 1016 31 18 att
449 1016 31 18 ett
495 1015 6 19 i
519 1014 232 26 statsrådsprotokollet
765 1015 85 25 angivet
867 1015 94 24 område,
980 1016 13 19 å
1010 1016 7 19 i

223 1050 84 13 samma
322 1043 209 26 statsrådsprotokoll
553 1044 129 20 omförmäld
701 1044 61 20 karta
781 1044 113 21 betecknat
909 1045 50 20 med
976 1045 39 20 litt.

223 1073 18 19 A
258 1073 39 20 och
314 1073 133 20 omfattande
463 1080 25 13 en
505 1073 55 20 areal
576 1080 26 14 av
615 1073 61 21 1.354
690 1074 81 24 hektar,
783 1074 36 20 må
829 1074 47 20 från
890 1074 126 27 kronoegen-

224 1102 79 21 domen
321 1102 10 20 1
352 1103 81 20 mantal
457 1104 60 19 Stora
540 1103 71 27 Ljuna
634 1110 25 13 nr
679 1103 10 20 1
710 1103 159 26 Mellangården
886 1104 6 20 i
909 1104 108 26 Hogstads

224 1133 78 20 socken
325 1133 98 26 försäljas
434 1133 33 20 till
478 1133 24 20 T.
513 1133 120 20 Johansson
645 1135 46 18 mot
701 1140 26 13 en
739 1133 145 27 köpeskilling
894 1141 26 13 av
932 1134 42 21 580
985 1134 31 21 kr.

224 1163 39 20 och
280 1162 49 21 med
340 1162 147 27 tillträdesdag
498 1163 41 20 den
552 1163 27 20 14
590 1170 56 13 mars
659 1162 56 21 1930
727 1165 56 18 samt
793 1164 27 25 på
831 1164 92 25 angivna
933 1164 83 20 villkor.

167 1227 23 15 13
208 1222 38 20 RD
265 1222 115 26 medgiver,
400 1224 32 19 att
450 1222 41 21 den
508 1222 81 21 kronan
605 1223 70 20 såsom
692 1222 93 21 danaarv
801 1223 53 21 efter
870 1224 70 20 änkan
956 1224 62 20 Erica

224 1252 107 21 Christina
346 1252 118 27 Josephina
479 1252 129 25 Fahlström,
618 1252 52 21 född
682 1253 82 23 Dufwa,
776 1253 103 20 tillfallna
888 1254 130 26 fastigheten

223 1289 25 13 nr
264 1282 34 25 62,
316 1282 35 24 63,
368 1282 28 20 64
412 1282 117 21 Tannefors
542 1282 85 21 kvarter
637 1282 49 21 med
697 1282 173 22 adressnummer
880 1283 97 27 Nygatan
990 1283 27 21 32

222 1312 7 20 i
245 1312 132 27 Linköpings
393 1312 47 20 stad
456 1313 36 19 må
507 1312 105 27 försäljas.

193 1372 62 20 Inom
271 1371 136 27 Jönköpings
423 1372 45 20 län:

167 1406 23 15 14
208 1401 37 20 RD
262 1401 123 26 godkänner
400 1401 36 21 det
451 1401 37 21 vid
504 1401 232 27 statsrådsprotokollet
751 1404 49 18 över
811 1402 207 21 kommunikations-

223 1431 92 20 ärenden
332 1431 41 21 den
390 1431 26 20 21
433 1432 53 20 febr.
505 1431 56 21 1930
577 1431 76 26 fogade
669 1432 79 20 avtalet
761 1432 80 20 mellan
852 1432 62 20 KM:t
924 1432 39 20 och
972 1432 46 20 kro-

223 1467 49 18 nan,
295 1462 12 19 å
330 1468 46 17 ena,
400 1462 40 19 och
458 1461 134 26 Jönköpings
608 1461 54 27 stad,
678 1462 13 19 å
706 1461 67 20 andra
789 1462 67 24 sidan,
874 1468 35 14 om
926 1462 50 26 byte
992 1469 26 13 av

224 1491 43 20 viss
283 1491 61 20 mark
360 1491 7 20 i
384 1491 94 20 nämnda
494 1491 53 20 stad.

168 1555 21 15 15
208 1550 38 20 RD
255 1550 107 26 medgiver
369 1551 128 29 försäljning
505 1557 26 13 av
539 1551 92 20 lotterna
639 1550 40 21 litt.
688 1551 18 20 A
713 1551 39 20 och
760 1551 17 20 B
786 1558 26 13 av
819 1551 199 26 kronoegendomen

224 1578 27 29 3/,
274 1580 82 20 mantal
379 1582 62 19 Östra
462 1580 87 21 Höreda
568 1587 25 13 nr
612 1581 13 19 4
641 1580 125 26 Kronogård
782 1581 7 20 i
805 1581 108 27 Lekeryds
933 1581 84 21 socken.

168 1644 22 16 16
209 1640 37 19 RD
262 1640 114 26 medgiver,
393 1642 31 18 att
440 1647 26 13 av
482 1640 199 26 kronoegendomen
698 1638 27 28 !/;
742 1640 81 20 mantal
839 1640 86 21 Lundås
941 1647 26 13 nr
984 1640 10 20 1
1012 1641 7 20 i

224 1670 115 26 Stenberga
355 1670 77 20 socken
448 1671 36 19 må
499 1670 99 26 försäljas
614 1670 46 20 dels
675 1670 143 26 egendomens
831 1670 127 26 huvudgård
969 1670 50 21 med

224 1699 55 21 areal
296 1706 26 14 av
338 1699 63 21 48.29
419 1700 76 20 hektar
511 1700 45 20 dels
572 1700 40 20 ock
628 1701 30 19 ett
674 1700 53 20 visst
740 1700 124 21 omförmält
876 1700 142 26 skogsmarks-

224 1729 86 21 område
326 1736 34 13 om
379 1729 63 21 1635
459 1730 81 20 hektar.

194 1790 62 19 Inom
275 1789 135 26 Kronobergs
426 1789 45 20 län:

168 1823 23 16 17
209 1819 37 20 RD
271 1819 113 26 medgiver,
409 1821 32 18 att
459 1821 80 19 statens
555 1820 123 26 järnvägars
694 1819 194 26 torvpulverfabrik
904 1820 37 20 vid
957 1820 62 20 Häst-

224 1849 80 26 hagens
319 1855 70 14 mosse
405 1849 129 20 tillhörande
550 1849 68 24 mark,
635 1849 121 26 byggnader
772 1849 39 21 och
826 1850 129 20 inventarier
966 1850 53 20 må
1000 1845 23 35 i

225 1878 41 21 den
285 1879 154 25 utsträckning,
459 1879 158 20 statsutskottet
636 1879 87 25 angivit,
743 1879 39 20 och
799 1879 67 20 under
882 1880 137 25 iakttagande

224 1909 7 19 i
247 1909 69 25 övrigt
333 1915 27 14 av
375 1908 41 21 vad
432 1909 105 20 utskottet
552 1909 76 24 anfört,
645 1908 104 27 försäljas.

168 1972 23 16 18
209 1968 38 20 RD
266 1968 115 26 medgiver,
400 1970 32 18 att
449 1968 7 20 i
473 1968 232 27 statsrådsprotokollet
723 1968 148 25 omförmälda,
888 1969 12 20 å
916 1968 103 21 distrikts-

224 1998 143 20 lantmätaren
386 1998 25 20 N.
428 1998 88 20 Olssons
534 1999 24 19 år
577 1998 57 20 1924
650 1998 127 26 upprättade
793 1998 39 21 och
849 1999 23 19 år
889 1998 56 21 1926
961 1999 58 20 kom-

224 2027 117 27 pletterade
357 2028 61 20 karta
434 2028 49 20 med
500 2034 17 19 a,
534 2028 13 20 b
563 2028 40 20 och
614 2034 11 14 c
636 2028 130 20 betecknade
781 2028 102 20 områden
894 2035 35 13 om
941 2028 77 20 0.4130

224 2057 76 21 hektar
315 2065 26 13 av
357 2057 224 27 kronoegendomarna
596 2057 104 27 indragna
713 2058 175 27 piparebostället
898 2056 28 29 !/,
938 2058 82 21 mantal

1050 254 22 146 1883ePpsAIA

1108 301 18 105 J98S[9ALIYS
1109 242 17 47 I0]]9

1128 372 16 54 "doad
1128 300 22 65 sylten
1128 224 22 70 Tan

1167 278 46 18 Motiv

1324 249 94 17 Utskotts-

1312 278 112 18 utlåtanden

1288 308 47 18 eller
1348 309 97 17 memorial

1215 283 47 13 oner

1611 262 118 17 Kamrarnas

1596 292 146 22 förhandlingar

1436 376 17 45 epIs

1686 376 65 17 Andra

1683 400 70 17 kamm.

1584 376 67 17 Första

1581 400 70 17 kamm.

1666 426 2 7 Å

1033 470 56 21 1930

1113 471 47 33 98
1139 467 22 41 |

1158 926 47 37 174
1217 919 80 38 278110

1105 1016 40 20 251

1109 1051 33 21 p.5
1158 1056 1 7 |

1105 1225 41 20 271

1106 1641 41 20 251

1307 706 2 15 I

1307 736 2 13 I

1307 757 2 7 |

1307 776 2 21 EAS

1265 800 85 31 SE

1391 927 12 19 a

1349 893 1 19 |

1349 933 1 23 |

1307 960 43 32 2

1272 1015 78 20 101]

1307 1045 43 24 fd

1377 1403 27 20 13

1378 1551 26 20 79

1441 1564 28 6 oc

1378 1640 84 22 TONER

1478 1224 42 20 344

1479 1403 40 20 126

1478 1551 40 20 341

1479 1641 40 20 341

1585 472 32 20 19:
1629 477 24 16 54
1666 445 2 49 |
1686 472 33 20 20:
1731 477 22 15 51

1583 598 34 20 30:
1628 603 25 15 58
1665 588 2 36 |
1685 598 33 19 33:
1730 603 9 15 4

1577 908 32 49 10:
1620 912 144 35 43d|
1671 908 46 49 11:
1716 912 47 35 cod

1577 1012 33 37 36:
1622 1004 45 45 121/
1679 1016 82 20 37:118

1666 1046 1 16 |

1578 1547 34 35 36:
1624 1557 37 15 121

1579 1641 33 20 36:
1625 1646 36 15 121

1578 1820 34 20 20:
1624 1820 40 21 46d|
1682 1820 33 20 21:
1726 1820 42 21 55d

1580 1969 33 20 36:
1626 1974 37 15 1211
1682 1969 34 20 37:
1728 1974 38 15 118
