1823 2363
169 155 40 20 114

859 155 224 17 SAKREGISTER

185 448 138 26 Arvsfonden.

227 478 107 20 erfordras
347 478 45 20 dels
405 479 33 19 för
450 478 143 21 anskaffande
607 484 28 15 av
647 484 26 14 en
686 478 94 20 livränta
794 478 68 20 under
874 478 81 20 hennes
967 478 57 19 åter-

227 509 90 19 stående
329 508 74 20 livstid
415 509 12 19 å
440 508 40 20 600
491 509 33 19 kr.
537 514 35 14 om
584 509 53 23 året,
651 508 44 20 dels
708 509 40 19 ock
759 508 34 20 för
804 508 122 20 beredande
938 507 24 21 åt
973 507 50 20 Kri-

227 538 57 21 stina
297 538 99 21 Elisabet
408 539 124 20 Andersson
544 544 29 15 av
585 540 34 19 ett
632 538 118 20 understöd
763 544 28 14 av
804 538 26 20 50
843 538 32 20 kr.
889 538 34 20 för
935 538 86 23 månad;

227 570 34 18 att
271 575 29 13 av
310 569 38 19 det
357 568 109 21 allmänna
477 568 131 21 arvsfonden
617 568 101 21 tillfallna
728 569 63 19 arvet
800 568 55 20 efter
865 568 23 20 P.
901 567 24 21 O.
937 567 85 25 Edman

227 599 35 19 må
277 599 74 19 avstås
364 599 44 19 vad
422 605 46 14 som
482 598 107 20 erfordras
603 598 44 20 dels
661 598 34 20 för
708 598 143 20 anskaffande
865 598 24 20 åt
902 604 26 13 en
941 603 41 14 var
994 603 29 15 av

227 628 24 20 P.
264 628 90 27 Norling
366 628 40 20 och
417 628 24 21 L.
455 628 90 27 Norling
556 634 28 14 av
596 635 25 13 en
634 628 94 20 livränta
740 628 68 20 under
820 628 53 20 hans
885 627 137 21 återstående

227 658 74 20 livstid
313 659 11 19 å
337 658 40 20 600
388 659 32 20 kr.
433 664 35 15 om
480 658 53 24 året,
545 658 45 20 dels
602 658 40 20 ock
652 658 34 20 för
697 658 121 20 beredande
829 664 29 14 av
869 657 119 21 understöd
999 657 23 21 åt

227 694 25 14 en
267 694 40 14 var
321 694 28 14 av
364 689 49 19 dem
428 695 28 14 av
470 688 27 21 50
511 689 32 19 kr.
558 688 34 21 för
605 688 87 24 månad;
708 690 34 18 att
756 688 110 20 allmänna
880 687 142 21 arvsfondens

226 720 46 18 rätt
282 718 34 20 till
327 724 40 15 arv
378 718 55 21 efter
443 719 26 20 A.
483 718 122 21 Johansson
617 718 79 26 Färdig
707 718 48 20 från
767 718 123 26 Lidköping
901 718 35 19 må
948 717 74 20 avstås

226 748 32 20 till
273 748 64 20 Ester
351 749 110 19 Aronsson
476 750 58 18 samt
547 750 35 18 att
596 748 109 20 allmänna
720 747 142 21 arvsfondens
876 748 47 20 rätt
936 747 33 20 till
983 753 40 14 arv

225 778 56 20 efter
292 779 73 19 änkan
377 779 63 20 Anna
454 778 98 21 Kristina
565 778 107 20 Mattsson
685 778 47 20 från
746 778 96 26 Uppsala
854 777 36 21 må
903 777 74 21 avstås
988 777 34 20 till

226 807 22 21 C.
260 808 24 20 E.
296 808 104 21 Eriksson
411 808 40 21 och
462 808 54 21 hans
526 808 84 20 hustru.

185 870 11 17 3
210 868 82 26 Avslag
302 868 13 20 å
326 868 83 20 motion
421 874 35 14 om
466 868 119 20 avstående
595 874 28 14 av
633 868 44 20 viss
688 868 34 20 del
732 874 28 14 av
770 868 109 20 allmänna
891 867 130 20 arvsfonden

224 897 99 21 tillfallen
338 898 170 27 kvarlåtenskap
522 898 56 20 efter
590 898 76 20 fröken
681 898 63 20 Alma
758 898 112 20 Rudelius.

186 991 8 16 1
211 987 42 20 RD
269 988 117 26 medgiver,
403 990 35 18 att
452 988 109 20 allmänna
576 988 142 20 arvsfondens
733 989 46 19 rätt
794 987 33 20 till
841 993 40 14 arv
895 987 56 20 efter
965 986 57 20 förre

225 1017 193 27 hemmansägaren
430 1018 24 20 G.
465 1018 25 20 E.
501 1018 125 20 Pettersson
636 1017 48 21 från
695 1017 137 26 Hammarby
841 1017 7 20 i
858 1017 74 20 Rasbo
942 1016 78 20 socken

225 1053 28 14 av
266 1048 97 25 Uppsala
376 1048 35 19 län
424 1048 35 19 må
472 1048 75 19 avstås
559 1048 33 19 till
604 1047 85 20 förmån
702 1047 34 20 för
747 1047 164 20 hushållerskan
924 1046 96 20 Josefina

224 1076 99 27 Augusta
332 1077 116 20 Karlssons
457 1077 116 26 omyndiga
582 1077 79 24 dotter,
671 1077 50 19 Elsa
729 1077 64 19 Anna
801 1076 99 26 Augusta
908 1075 112 24 Karlsson;

224 1108 36 18 att
274 1106 109 21 allmänna
399 1106 142 21 arvsfondens
555 1108 46 19 rätt
615 1106 33 20 till
663 1113 39 14 arv
717 1106 55 20 efter
786 1106 62 20 Anna
864 1106 94 20 Jönsson
972 1105 48 20 från

225 1142 25 14 nr
266 1136 13 20 8
296 1136 107 26 Kabbarp
420 1137 7 19 i
443 1137 104 25 Tottarps
563 1137 79 19 socken
659 1142 28 14 av
703 1136 122 20 Malmöhus
842 1136 35 20 län
894 1135 36 20 må
947 1135 74 20 avstås

224 1166 33 20 till
274 1166 179 20 målarmästaren
470 1166 21 20 J.
509 1166 114 24 Forslund;
640 1168 34 18 att
691 1165 109 21 allmänna
817 1165 142 21 arvsfondens
975 1166 47 19 rätt

224 1195 33 21 till
271 1202 39 14 arv
323 1196 56 20 efter
392 1197 72 19 änkan
478 1196 63 20 Anna
556 1196 76 20 Olsson
646 1196 48 20 från
709 1196 72 20 Sätter
794 1196 6 19 i
815 1195 71 21 Sunne
900 1195 79 20 socken
993 1200 28 15 av

224 1225 130 21 Värmlands
371 1226 36 20 län
424 1226 35 20 må
476 1226 74 20 avstås
567 1226 33 20 till
616 1226 86 20 förmån
718 1225 34 20 för
768 1225 99 20 Kristina
885 1224 135 24 Gustafsson,

224 1255 99 26 Augusta
345 1256 133 20 Rehnström
498 1256 39 20 och
556 1256 78 20 Emma
653 1251 111 25 Åkerlund
783 1256 58 19 samt
859 1256 35 19 att
912 1254 109 20 allmänna

224 1285 142 21 arvsfondens
380 1287 47 19 rätt
439 1285 33 21 till
485 1292 40 14 arv
538 1285 55 21 efter
606 1285 167 27 grovarbetaren
788 1285 24 20 F.
827 1285 25 20 A.
868 1284 91 21 Ohlsson
973 1284 48 20 från

224 1315 140 21 Mälarbaden
378 1316 6 19 i
397 1315 111 21 Torshälla
522 1316 78 20 socken
614 1321 28 14 av
656 1315 180 20 Södermanlands
850 1314 35 21 län
898 1314 36 20 må
947 1314 74 20 avstås

223 1345 33 20 till
272 1345 25 20 A.
312 1345 34 20 W.
363 1345 130 20 Johansson.

184 1408 10 16 2
209 1405 43 19 RD
263 1405 117 26 medgiver,
391 1407 35 18 att
436 1411 28 14 av
474 1405 41 20 den
526 1405 109 20 allmänna
646 1404 131 21 arvsfonden
787 1404 100 20 tillfallna
897 1403 124 21 kvarlåten-

223 1435 82 26 skapen
321 1435 55 20 efter
391 1435 166 20 komministern
573 1435 22 20 C.
611 1435 26 20 A.
654 1434 28 21 H.
699 1434 111 20 Hallonlöf
824 1434 48 20 från
888 1433 111 27 Edsberga
1014 1433 7 20 i

224 1464 68 20 Breds
305 1465 79 20 socken
398 1471 28 14 av
440 1465 96 26 Uppsala
551 1465 35 20 län
600 1465 35 20 må
649 1464 75 21 avstås
738 1464 44 20 dels
796 1464 43 20 vad
853 1469 46 15 som
913 1463 62 26 åtgår
988 1463 33 20 för

223 1494 145 21 anskaffande
383 1501 28 14 av
425 1495 107 20 livräntor
546 1495 24 20 åt
584 1495 22 20 C.
622 1495 26 19 A.
663 1494 26 20 V.
705 1494 73 20 Anton
794 1494 12 20 å
821 1493 40 21 720
876 1494 32 19 kr.
925 1499 35 14 om
975 1493 46 20 året

223 1526 58 18 samt
295 1524 24 20 åt
333 1524 67 21 Erika
415 1525 106 20 Eleonora
536 1524 112 20 Elisabeth
662 1524 83 23 Bodell,
759 1524 53 20 född
827 1523 111 23 Kihlman,
954 1523 12 20 å
980 1522 41 21 480

224 1554 31 20 kr.
267 1560 36 14 om
314 1554 53 24 året,
379 1556 35 18 att
424 1555 53 26 utgå
488 1554 69 21 under
567 1554 162 20 vederbörande
740 1554 179 25 livräntetagares
929 1553 92 20 återstå-

223 1584 54 20 ende
290 1584 82 24 livstid,
387 1584 44 21 dels
444 1584 44 20 vad
501 1590 47 15 som
561 1584 107 20 erfordras
681 1584 34 20 för
727 1583 122 21 beredande
863 1583 117 20 därutöver
993 1589 28 14 av

224 1614 118 20 understöd
352 1614 33 20 till
396 1614 22 20 C.
429 1614 26 20 A.
466 1614 26 20 V.
503 1614 74 20 Anton
587 1614 50 20 med
647 1613 27 21 60
684 1614 32 20 kr.
727 1615 58 18 samt
794 1613 33 20 till
838 1613 66 20 Erika
915 1612 105 20 Eleonora

224 1643 112 21 Elisabeth
346 1644 76 20 Bodell
432 1644 50 20 med
492 1644 27 20 40
529 1644 32 20 kr.
571 1644 35 20 för
615 1643 87 24 månad,
713 1643 80 21 räknat
802 1643 26 20 fr.
839 1649 18 14 o.
867 1648 29 15 m.
907 1642 42 21 den
960 1642 9 20 1
981 1642 40 26 juli

225 1673 53 21 1932
286 1674 34 20 till
330 1674 47 20 dess
387 1674 142 20 förenämnda
539 1674 106 20 livräntor
654 1673 62 26 börja
726 1673 59 26 utgå,
796 1673 45 20 dels
851 1673 40 20 ock
900 1673 33 19 ett
942 1672 78 27 belopp

223 1709 29 14 av
264 1704 12 20 2
285 1703 41 21 000
338 1704 33 20 kr.
384 1704 33 20 till
430 1704 59 26 Vega
502 1704 112 20 Charlotta
627 1703 137 21 Wilhelmina
778 1703 96 20 Ericson.

210 1763 42 20 RD
270 1763 117 27 medgiver,
406 1765 34 19 att
457 1764 39 20 två
514 1763 131 27 tredjedelar
662 1769 28 16 av
708 1763 38 20 det
762 1763 110 20 allmänna
889 1762 131 20 arvsfonden

223 1792 100 21 tillfallna
338 1795 63 18 arvet
415 1793 55 20 efter
484 1793 57 20 förre
555 1793 193 26 hemmansägaren
763 1793 26 20 E.
804 1792 26 21 A.
845 1792 113 20 Westman
972 1791 48 21 från

223 1823 133 20 Romstarbo
371 1824 6 19 i
392 1823 93 20 Vendels
500 1824 78 19 socken
593 1824 35 19 må
643 1823 75 20 avstås
732 1822 33 21 till
780 1823 69 19 Evert
863 1821 103 27 Höglund
981 1821 40 21 och

224 1853 54 20 Svea
291 1853 103 26 Höglund
406 1855 35 18 att
452 1853 79 20 mellan
544 1853 48 20 dem
604 1853 44 20 lika
659 1852 101 24 fördelas;
772 1854 35 18 att
818 1858 29 14 av
858 1852 41 20 den
912 1851 108 20 allmänna

223 1882 131 21 arvsfonden
369 1882 100 21 tillfallna
484 1883 198 26 kvarlåtenskapen
696 1882 55 20 efter
765 1882 103 20 Fredrika
883 1881 139 21 Gudmunds-

223 1918 38 14 son
274 1912 48 20 från
336 1913 110 20 Ornakärr
458 1913 6 19 i
476 1913 75 25 Väsby
563 1913 79 20 socken
654 1912 35 20 må
703 1912 74 20 avstås
789 1912 33 20 till
834 1911 83 20 Alfrida
930 1911 91 20 Persson

223 1948 26 14 en
262 1942 125 26 fyrtiondel,
401 1943 33 19 till
448 1943 24 20 G.
487 1942 92 20 Larsson
593 1948 25 14 en
632 1942 120 26 tjugondel,
765 1942 34 19 till
811 1941 63 20 Anna
888 1941 94 20 Jönsson
995 1946 26 14 en

223 1972 127 20 trettiondel
366 1974 58 18 samt
438 1972 34 20 till
487 1972 101 20 Johanna
604 1972 123 20 Johansson
743 1978 27 13 en
785 1970 186 24 trettiotvåendel;
987 1971 36 19 att

224 2001 40 20 den
280 2003 52 22 rätt,
348 2002 110 20 allmänna
474 2002 131 20 arvsfonden
620 2002 36 20 må
672 2003 39 24 äga
727 2001 33 20 till
775 2007 39 14 arv
829 2001 55 20 efter
898 2000 56 20 förre
969 2000 53 20 hov-

224 2033 109 19 mästaren
345 2032 22 20 C.
376 2032 27 20 H.
412 2032 125 26 Bergström
548 2032 48 20 från
608 2031 144 26 Norrköping,
760 2031 36 20 må
808 2031 74 20 avstås
892 2030 34 20 till
936 2030 85 20 förmån

223 2061 33 20 för
267 2061 142 20 arrendatorn
421 2062 22 20 C.
456 2062 25 20 A.
493 2062 132 26 Bergström;
637 2063 35 18 att
683 2067 28 14 av
722 2061 37 20 det
770 2061 109 20 allmänna
891 2059 130 21 arvsfonden

1052 312 27 20 År

1105 258 55 18 Kungl.

1108 288 53 19 Maj:ts]

1106 321 51 15 propir

1115 348 36 15 eller

1172 280 92 17 Motioner

1320 233 96 16 Utskotts-

1308 262 117 19 utlåtanden,

1291 292 95 17 memorial
1399 292 43 16 eller

1301 322 133 17 betänkanden

1489 232 54 16 Riks-

1481 262 70 20 dagens

1492 291 45 17 skri-

1485 322 59 16 velser

1613 250 115 16 Kamrarnas

1600 279 141 21 förhandlingar

1626 309 87 21 (prot.nr)

1106 378 55 14 skriv:r|

1174 389 34 15 FK

1225 388 36 17 AK

1364 388 90 17 Nummer

1282 370 16 56 Saml.

1324 376 16 50 Avd.

1471 388 91 16 Nummer

1687 376 65 16 Andra

1685 400 69 16 kamm.

1584 376 66 16 Första

1583 400 70 16 kamm.

1039 478 55 20 1932

1040 867 53 21 1932/

1040 987 52 21 1933

1039 1403 53 20 1933

1039 1760 52 21 1934

1110 986 39 20 147

1109 1403 41 20 242

1110 1760 39 21 196

1173 866 38 20 163

1402 867 26 19 69

1400 1760 27 20 60

1495 1759 38 19 198

1570 864 33 20 29:
1615 867 24 17 60
1650 865 54 20 d/37:
1716 867 24 17 37
1751 865 13 20 d

1666 938 2 7 I

1570 984 33 20 27:
1615 986 23 17 26
1666 962 31 55 129:
1717 987 35 17 101
