1849 2351
1629 68 42 21 269

89 246 122 21 Försvarets
226 246 164 27 fastighetsfond.

90 282 140 26 valtningens
239 282 88 20 delfond
338 282 25 20 13
372 282 40 20 834
421 282 42 20 000
472 282 31 20 kr.
514 282 33 26 (f),
558 282 32 20 till
600 282 121 26 ersättning
730 282 32 20 till
772 282 212 20 försvarsväsendets

90 312 177 26 fastighetsfond:
286 312 244 26 marinförvaltningens
548 312 88 20 delfond
653 312 13 20 6
675 312 40 20 313
724 312 42 20 000
782 312 32 20 kr.
833 312 26 26 (f)
876 314 58 18 samt
951 312 33 20 till

90 342 123 26 ersättning
230 341 33 20 till
280 342 213 20 försvarsväsendets
511 341 175 26 fastighetsfond:
705 342 218 26 flygförvaltningens
941 342 43 20 del-

90 371 53 20 fond
155 371 12 20 7
179 371 39 21 158
227 371 41 20 000
280 372 31 19 kr.
325 371 32 27 (f).

120 413 42 20 RD
171 413 127 26 godkänner
307 413 95 20 ändrade
411 413 94 26 grunder
514 413 33 20 för
556 413 119 26 beräkning
683 419 28 14 av
721 413 90 26 utgifter
819 413 33 20 för
860 413 123 26 reparation

91 443 39 20 och
142 443 114 20 underhåll
266 449 27 14 av
304 443 118 20 försvarets
432 443 128 26 fastigheter
569 444 58 19 samt
637 443 79 26 förslag
726 443 33 20 till
769 444 45 19 stat
824 443 33 20 för
867 443 117 20 försvarets

91 472 170 27 fastighetsfond
273 473 33 19 för
318 473 129 25 budgetåret
461 472 96 26 1945/46;
570 473 39 19 och
622 474 107 25 upptager
741 473 41 19 RD
794 485 27 2 —
832 473 49 20 med
893 473 91 25 ändring

91 508 28 14 av
131 502 41 20 den
185 502 6 20 i
203 502 285 26 statsverkspropositionen
500 502 76 26 gjorda
589 502 243 26 inkomstberäkningen
845 503 6 19 i
863 503 43 19 vad
918 503 67 25 angår

91 532 138 20 överskottet
243 538 28 14 av
286 532 108 20 marinens
409 532 88 20 delfond
512 538 28 14 av
555 532 117 20 försvarets
687 532 168 26 fastighetsfond
870 545 27 2 —
911 532 6 20 i
932 532 52 20 riks-

91 563 72 18 staten
182 562 34 19 för
234 562 130 25 budgetåret
384 561 89 26 1945/46
491 562 96 25 följande
606 562 145 19 inkomsttitel
769 562 98 19 sålunda:
885 562 19 19 b.
921 562 63 19 Mari-

91 597 53 14 nens
158 591 88 19 delfond
260 591 12 20 3
282 591 41 19 500
331 591 41 19 000
385 591 40 23 kr.;
440 591 39 20 och
491 591 88 20 anvisar
591 591 41 19 RD
645 591 32 19 till
689 591 121 26 ersättning
823 591 32 20 till
867 591 117 20 försvarets

91 620 169 26 fastighetsfond
283 621 67 19 under
364 621 86 19 arméns
466 620 87 20 delfond
571 621 22 19 14
605 621 40 19 689
661 620 41 20 000
717 621 31 19 kr.
765 621 33 26 (f),
814 621 108 20 marinens
941 621 43 19 del-

91 650 52 20 fond
159 650 13 20 6
183 650 39 20 184
231 650 41 20 000
285 651 31 19 kr.
332 650 32 26 (f),
378 650 140 26 flygvapnets
532 650 88 20 delfond
633 650 13 20 8
655 650 41 20 352
704 650 41 20 000
758 651 32 19 kr.
805 651 32 25 (f);
848 651 39 19 och
897 651 87 19 anvisar

92 680 41 20 RD
150 680 32 20 till
197 682 81 18 smärre
293 680 153 26 nybyggnads-
461 680 40 20 och
516 680 227 26 förändringsarbeten
759 680 68 20 under
841 681 84 19 arméns
941 680 43 20 del-

90 709 53 21 fond
157 709 39 20 100
205 709 41 20 000
258 710 31 19 kr.
302 710 32 26 (i),
347 710 108 19 marinens
468 710 87 19 delfond
568 709 26 20 60
603 710 41 19 000
655 710 32 20 kr.
700 710 31 26 (i),
744 709 139 27 flygvapnets
895 710 88 19 delfond

90 739 25 20 40
116 735 49 35 000
186 739 32 20 kr.
239 739 31 26 (i).

120 780 41 20 RD
172 781 127 26 godkänner
309 781 80 25 förslag
399 781 33 19 till
442 782 45 18 stat
498 781 33 19 för
541 781 118 19 försvarets
670 781 167 26 fastighetsfond
849 781 33 19 för
892 781 91 25 budget-

91 811 47 19 året
151 810 97 26 1946/47;
261 810 40 20 och
312 810 88 20 anvisar
412 810 41 20 RD
466 810 32 20 till
510 811 121 25 ersättning
642 810 32 20 till
686 811 117 19 försvarets
815 810 167 26 fastighetsfond

91 840 96 25 följande
203 840 173 26 förslagsanslag,
393 840 107 25 nämligen
517 840 68 20 under
599 841 85 19 arméns
700 840 87 20 delfond
804 840 24 20 17
840 840 38 20 163
887 840 41 20 000
943 840 39 22 kr.,

91 870 109 19 marinens
213 869 89 21 delfond
314 870 13 19 6
336 869 40 20 814
385 869 41 20 000
439 870 32 19 kr.
485 870 39 19 och
541 870 139 26 flygvapnets
693 870 87 20 delfond
795 870 25 19 10
829 870 40 19 506
878 870 41 19 000
932 870 31 19 kr.

120 911 41 20 RD
172 911 128 26 godkänner
310 911 79 26 förslag
400 911 32 20 till
443 913 45 18 stat
499 911 33 20 för
542 911 117 20 försvarets
670 911 168 26 fastighetsfond
849 911 33 20 för
893 911 90 26 budget-

91 941 48 19 året
158 940 90 26 1947/48
265 942 58 19 samt
339 941 88 19 anvisar
445 941 31 19 till
493 941 121 26 ersättning
631 940 33 20 till
680 941 118 20 försvarets
815 941 168 26 fastighetsfond

91 970 97 26 följande
204 970 172 26 förslagsanslag,
393 970 108 26 nämligen
517 970 68 20 under
600 970 85 20 arméns
700 970 88 20 delfond
803 971 27 19 20
840 970 39 20 150
888 970 40 20 000
944 971 39 23 kr.,

91 1000 110 20 marinens
216 1000 88 20 delfond
319 1000 13 19 6
341 1000 40 20 763
390 1000 42 20 000
446 1000 32 20 kr.
491 1002 58 18 samt
560 1000 139 26 flygvapnets
711 1000 88 20 delfond
813 1000 22 20 11
847 1000 39 20 757
896 1000 41 20 000
952 1001 30 19 kr.

120 1042 42 19 RD
175 1042 127 26 godkänner
314 1042 94 26 grunder
420 1042 33 19 för
465 1042 139 26 redovisning
616 1042 40 20 och
670 1042 112 20 underhåll
794 1048 28 14 av
835 1042 150 26 befästningar

92 1072 40 19 och
144 1072 100 25 bergrum
256 1073 103 18 ävensom
370 1077 28 14 av
409 1072 102 25 övnings-
522 1072 38 19 och
572 1071 103 26 skjutfält
686 1073 57 18 samt
754 1072 93 26 flygfält,
859 1072 126 25 godkänner

92 1101 79 26 förslag
183 1101 32 20 till
227 1103 46 18 stat
284 1101 33 20 för
328 1102 118 19 försvarets
458 1101 169 26 fastighetsfond
639 1101 33 20 för
683 1101 130 26 budgetåret
826 1101 89 27 1948/49
927 1103 58 18 samt

91 1131 89 20 anvisar
190 1131 32 20 till
232 1131 122 26 ersättning
364 1131 33 20 till
406 1131 118 20 försvarets
535 1131 168 26 fastighetsfond
713 1131 96 26 följande
819 1131 166 26 förslagsanslag

92 1161 69 19 under
177 1161 86 19 arméns
280 1160 88 21 delfond
387 1161 25 19 18
421 1161 41 20 872
471 1161 41 20 000
528 1161 40 23 kr.,
586 1161 108 20 marinens
712 1161 88 20 delfond
816 1161 13 19 6
838 1161 40 20 898
887 1160 41 21 000
944 1161 40 23 kr.,

92 1190 139 26 flygvapnets
240 1190 88 20 delfond
337 1191 25 19 12
371 1190 40 20 005
420 1190 42 20 000
469 1191 32 20 kr.
506 1192 58 18 samt
571 1190 159 26 befästningars
738 1190 88 20 delfond
834 1191 12 19 6
855 1191 41 19 030
904 1191 41 19 000
952 1191 32 19 kr.

121 1232 41 20 RD
173 1232 128 26 godkänner
311 1232 79 26 förslag
400 1232 33 20 till
444 1234 45 18 stat
500 1232 33 20 för
543 1232 118 20 försvarets
672 1232 167 26 fastighetsfond
851 1232 33 20 för
894 1232 91 26 budget-

92 1262 47 19 året
160 1261 90 26 1949/50
269 1263 58 18 samt
346 1262 88 20 anvisar
453 1262 32 19 till
501 1262 121 26 ersättning
637 1262 33 19 till
685 1262 117 20 försvarets
816 1262 168 26 fastighetsfond

92 1291 96 26 följande
205 1291 174 26 förslagsanslag,
394 1292 107 25 nämligen
516 1292 68 19 under
598 1292 85 19 arméns
699 1291 87 20 delfond
805 1292 25 19 19
839 1292 40 19 614
888 1291 41 20 000
945 1292 39 23 kr.,

92 1321 109 20 marinens
219 1321 88 20 delfond
322 1321 12 20 6
344 1321 40 20 746
385 1317 46 34 000
448 1321 40 22 kr.,
503 1321 139 26 flygvapnets
657 1321 87 20 delfond
761 1321 24 20 12
795 1321 40 20 215
844 1321 41 20 000
898 1321 32 20 kr.
946 1321 39 20 och

93 1350 160 26 befästningars
268 1351 88 19 delfond
369 1351 12 20 7
391 1351 41 20 337
441 1351 41 20 000
495 1351 32 20 kr.

122 1386 42 20 RD
177 1386 95 20 besluter
283 1392 34 14 om
329 1386 130 26 avveckling
469 1392 28 14 av
509 1386 117 20 försvarets
638 1386 295 26 bostadsanskaffningsfond
945 1387 40 19 och

93 1416 135 25 uppdelning
239 1422 28 13 av
280 1416 127 20 densamma
420 1416 12 19 å
444 1416 92 23 arméns,
550 1416 108 20 marinens
671 1416 39 19 och
723 1416 139 26 flygvapnets
875 1416 111 20 delfonder

93 1451 28 14 av
134 1445 119 20 försvarets
265 1445 169 26 fastighetsfond
447 1446 25 19 fr.
483 1452 18 13 o.
511 1452 29 13 m.
554 1446 129 25 budgetåret
697 1446 96 25 1950/41,
806 1446 126 25 godkänner
944 1446 42 19 för-

93 1475 46 26 slag
154 1475 33 19 till
203 1476 45 19 stat
264 1475 33 20 för
312 1475 118 20 försvarets
445 1475 169 26 fastighetsfond
629 1475 34 20 för
678 1475 129 26 budgetåret
824 1475 87 26 1950/51
928 1476 58 19 samt

93 1504 89 20 anvisar
197 1504 32 20 till
245 1505 123 25 ersättning
383 1504 32 20 till
431 1504 118 21 försvarets
565 1505 168 26 fastighetsfond
750 1505 31 19 till
797 1505 85 20 arméns
898 1505 87 20 delfond

94 1534 25 20 19
129 1534 40 20 263
178 1534 42 20 000
231 1534 32 20 kr.
277 1534 33 26 (f),
323 1534 32 20 till
368 1535 108 19 marinens
489 1534 87 20 delfond
588 1535 13 19 6
610 1534 40 20 445
659 1534 41 20 000
712 1535 31 19 kr.
757 1535 32 25 (f),
802 1534 33 20 till
847 1534 139 27 flygvapnets

93 1563 89 21 delfond
194 1564 25 20 12
228 1564 40 20 826
277 1564 42 20 000
328 1564 32 20 kr.
372 1564 26 26 (f)
408 1565 58 19 samt
476 1564 33 20 till
519 1564 159 26 befästningars
689 1564 88 20 delfond
787 1564 12 20 7
809 1564 40 20 982
858 1564 41 20 000
908 1564 32 20 kr.
952 1564 32 26 (f).

122 1593 26 20 Se
160 1593 40 20 ock
213 1593 78 20 Armén
304 1594 70 26 (1949:
388 1594 40 26 48),
442 1593 175 27 Fastighetsfond,
631 1594 81 20 Statens
724 1594 108 20 allmänna
845 1594 65 26 (spec.
925 1594 59 20 1944:

96 1625 30 21 13,
146 1623 62 20 1950:
218 1623 38 26 H),
272 1623 164 21 Försvarsväsen
449 1623 79 27 (1943),
542 1624 241 26 Kapitalinvesteringar
794 1624 79 26 (1944),
887 1624 98 20 Reserva-

93 1653 131 26 tionsanslag
239 1653 70 26 (1947:
322 1654 26 25 2).

93 1694 255 25 FASTIGHETSFOND,
366 1695 120 20 STATENS
502 1690 160 25 ALLMÄNNA.

123 1731 17 19 1.
158 1730 42 20 RD
212 1731 143 25 bemyndigar
366 1731 63 20 KM:t
440 1732 34 18 att
485 1731 100 26 medgiva
597 1731 168 20 överskridande
776 1736 28 15 av
815 1731 26 20 de
852 1731 6 19 i
869 1732 73 19 staten
953 1730 33 21 för

93 1759 81 21 fonden
188 1760 34 20 för
234 1760 131 26 budgetåret
379 1760 88 26 1940/41
483 1760 69 20 under
565 1760 26 20 de
604 1760 57 20 olika
675 1760 140 20 delfonderna
829 1760 108 26 uppförda
950 1761 36 19 be-

92 1789 107 26 gränsade
211 1790 190 26 anslagsposterna
412 1790 33 20 till
456 1790 145 26 reparations-
613 1790 39 20 och
664 1790 244 20 underhållskostnader
918 1796 28 14 m.
956 1796 29 14 m.

93 1819 50 20 med
154 1820 34 19 ett
198 1819 147 27 sammanlagt
356 1819 78 27 belopp
445 1825 29 14 av
484 1820 65 26 högst
559 1819 41 21 500
608 1819 41 21 000
660 1820 31 19 kr.
703 1821 58 18 samt
771 1820 126 25 godkänner
907 1819 80 27 förslag

93 1848 33 20 till
138 1850 46 18 stat
194 1849 34 19 för
238 1849 81 20 fonden
330 1849 33 20 för
374 1849 130 26 budgetåret
516 1849 90 26 1941/42
616 1855 29 14 m.
655 1855 28 14 m.

122 1878 20 20 2.
158 1878 113 20 Memorial
287 1878 7 20 i
310 1878 42 20 anl.
370 1884 28 14 av
414 1879 75 20 KM:ts
505 1879 7 19 i
528 1879 285 26 statsverkspropositionen
829 1879 76 25 gjorda
922 1878 65 21 fram-

94 1907 104 26 ställning
212 1913 49 21 ang.
276 1908 76 26 anslag
365 1908 34 20 till
413 1908 121 26 ersättning
548 1908 33 20 till
596 1908 87 20 fonden:
699 1908 230 26 byggnadsstyrelsens
944 1908 43 20 del-

94 1937 52 20 fond
160 1937 72 26 lägges
246 1937 33 20 till
292 1938 166 26 handlingarna.

124 1973 17 19 1.
159 1973 42 19 RD
215 1973 127 26 godkänner
355 1973 80 26 förslag
448 1973 32 20 till
494 1975 45 18 stat
552 1973 33 20 för
598 1975 83 18 statens
695 1973 110 20 allmänna
819 1973 167 26 fastighetsfond

94 2002 34 20 för
141 2002 131 26 budgetåret
287 2002 90 27 1942/43
391 2009 28 14 m.
429 2009 29 14 m.

122 2032 20 20 2.
160 2032 41 20 RD
218 2032 118 26 medgiver,
352 2034 35 18 att
402 2033 123 25 överföring
540 2039 28 13 av
584 2039 26 13 en
626 2033 12 20 å
654 2034 83 19 statens
752 2033 128 26 järnvägars
896 2032 91 26 familje-

94 2062 156 25 pensionsfond
267 2062 93 20 bokförd
376 2062 104 26 fastighet
496 2062 32 20 till
544 2064 83 18 statens
642 2062 110 20 allmänna
768 2062 168 26 fastighetsfond
952 2063 35 19 må

94 2091 137 21 verkställas.

1004 178 26 19 AR
1052 181 54 20 LBED,
1128 153 101 30 Motioner
1277 153 89 30 Utskott
1410 153 32 61 skr
1434 153 28 61 iv.
1514 154 109 30 Protokoll

1133 211 32 16 FK
1168 207 23 30 |
1196 211 35 16 AK
1252 211 85 17 ISmllAvd]
1361 212 26 16 Nr
1507 212 32 16 FK
1605 213 35 15 AK

1004 413 27 19 451
1061 412 39 20 180
1110 408 26 34 |
1145 424 27 2 —I
1210 425 27 2 —I
1272 413 60 19 61—]1
1370 413 184 21 931202119:10
1558 408 23 34 |
1588 415 31 19 19:
1631 417 23 17 27

1004 780 28 19 46)
1075 780 26 19 62)
1146 792 26 1 —I!I
1211 792 26 2 —]
1272 781 61 18 61—1
1370 781 26 18 621
1423 781 38 20 1151
1488 781 66 20 13:16
1588 782 31 19 113:
1630 784 25 16 35

1004 910 28 20 471
1062 910 38 20 1081
1145 922 27 2 —I|
1217 922 20 2 —]
1272 911 60 19 61—]
1370 911 148 21 751187119:
1531 914 23 17 48
1566 906 14 35 |
1589 912 30 20 19:
1631 914 24 17 50

1004 1041 28 19 481
1062 1041 37 20 157
1112 1037 27 34 |
1145 1052 27 3 —I
1210 1053 27 2 —1I
1272 1041 60 19 61—1]1
1370 1042 91 20 791169
1489 1042 30 20 116:
1531 1044 23 17 47
1556 1037 27 34 |
1589 1043 31 20 16:
1632 1045 24 17 83

1005 1231 28 20 49|
1075 1231 22 20 711
1146 1243 91 2 —F—1F
1273 1231 60 20 6)-—]
1370 1232 27 20 421
1435 1232 84 20 88111:
1534 1234 37 17 100]
1589 1234 31 20 11:
1635 1235 36 18 162]

1006 1385 27 19 501
1063 1386 35 19 111
1147 1397 91 2 —]—]
1272 1385 61 20 61|—]
1371 1386 26 20 781
1424 1386 96 20 138114:
1534 1389 21 17 14
1558 1381 27 35 |
1589 1387 67 20 14:.94

1005 1730 25 19 411
1063 1730 39 19 160]
1146 1742 27 2 —I
1212 1742 26 2 —I
1273 1731 60 19 61—]1
1371 1731 91 20 9312131
1487 1731 69 20 26:22
1562 1726 22 34 |
1588 1732 68 20 26:17

1017 1885 8 12 »
1064 1878 39 20 [1:91]
1147 1890 27 2 —!I
1212 1879 122 19 —]10|]—]
1372 1879 26 19 651]
1436 1879 120 20 —175:54
1588 1880 33 20 135:
1632 1882 24 17 97

1050 1911 21 20 pt
1079 1910 38 16 218

1007 1973 28 19 421
1065 1973 38 19 166
1111 1969 26 34 |
1148 1985 27 2 —|
1213 1985 27 2 —1I
1274 1973 61 20 61—1
1372 1974 26 20 971
1423 1974 134 20 212117:49
1561 1969 23 34 |
1590 1975 31 20 17:
1633 1977 24 17 97

1018 2039 8 12 »
1065 2032 38 20 1167
1112 2028 27 35 I
1148 2044 27 2 —|
1213 2044 26 2 —J]
1274 2032 60 20 61—1]
1360 2033 39 20 1121
1423 2032 99 22 266119:
1533 2035 24 18 52
1563 2028 18 35 |
1591 2034 30 20 19:
1633 2036 23 17 61
