1844 2357
815 151 136 33 SAKREGISTER
1642 158 42 20 537

1024 223 41 35 oc
1239 248 50 17 cr
1406 231 54 17 Riks-

971 252 16 27 3
1024 252 31 40 208
1082 277 19 17 Mört
1290 250 44 46 2
1396 255 73 33 dagens
1525 261 119 18 Kamrarnas

968 279 19 37 jag
1024 300 17 23 2
1048 291 17 28 2
1102 278 74 17 ORSnEr
1215 279 34 46 1
1357 308 6 18 1
1400 287 57 31 skri-
1510 287 146 32 förhandlingar

970 313 18 27 2
1024 320 41 20 ER
1204 313 47 13 eller
1264 313 92 13 memorial
1368 301 21 42 |
1403 321 62 18 velser

965 344 17 12 &
1024 341 39 12 123

970 360 17 25 2
1024 354 35 29 les
1196 368 18 11 Zl
1239 373 16 17 >
1352 375 17 11 2
1453 375 17 12 2
1468 360 18 45 |
1499 375 55 18 Första
1569 360 24 45 |
1600 376 43 17 And

1048 385 11 8 =
1197 381 12 11 >
1352 388 11 5 z
1453 388 12 6 z
1527 381 40 12 rsta
1618 381 48 12 ndra

966 385 15 42 st
1023 384 36 40 28
1084 385 88 17 SES
1196 393 18 33 2
1238 392 18 30 å
1292 386 17 27 Z
1352 395 17 24 >
1409 382 9 44 Zz
1453 395 17 25 &
1468 391 19 35 |
1495 400 71 18 kamm.
1569 391 23 35 |
1597 400 70 17 kamm.

95 431 183 36 Folkskoleväsen.
1266 440 1 35 |

97 471 10 16 4
125 467 42 20 För
190 466 120 21 beredande
333 473 26 14 av
379 467 66 27 höjda
461 467 116 26 stipendier
592 468 22 20 åt
630 468 69 21 elever
714 468 37 21 vid
766 468 168 21 folkskolesemi-
949 468 56 21 1925]
1022 469 9 20 1:
1050 469 13 20 8
1202 470 12 21 6!
1244 471 11 20 11
1307 471 13 20 8/
1352 472 56 20 9818
1418 473 52 20 Al731
1502 472 68 21 19:32
1572 466 10 37 |
1602 472 69 21 21:56

140 497 69 19 narier
228 497 84 20 anvisas
331 497 33 20 för
382 497 125 27 budgetåret
524 496 126 29 1925/1926
667 500 30 19 ett
712 500 60 18 extra
787 499 146 20 reservations-
1014 504 55 22 p.-151

140 526 74 26 anslag
229 533 27 14 av
273 527 26 20 75
309 527 43 20 000
368 527 31 20 kr.
1074 532 1 17 I
1181 546 2 8 I
1439 534 2 25 |

97 590 10 15 5
126 585 42 20 Till
192 585 137 21 anordnande
353 593 26 13 av
402 586 162 21 studentkurser
586 586 37 21 vid
645 587 260 21 folkskoleseminarierna
927 588 7 19 i|
972 595 9 11 »
1022 588 41 21 11:8
1181 560 2 47 |
1202 589 53 21 si
1307 590 13 20 S|]
1352 596 25 15 9418
1395 591 75 21 Al74]
1502 591 68 20 19:32
1574 586 14 35 |
1602 592 69 20 21:56

140 615 123 26 Strängnäs,
287 616 76 26 Växjö,
390 616 124 20 Stockholm
538 616 40 21 och
600 617 95 24 Kalmar,
717 624 26 14 av
767 617 166 26 parallellavdel-
1009 617 22 34 Ip.
1034 617 37 34 152
1181 610 2 28 |
1439 629 1 19 I

141 645 76 26 ningar
228 645 35 20 vid
274 645 259 21 folkskoleseminarierna
544 647 7 19 i
562 647 129 26 Linköping,
703 647 72 25 Skara,
788 647 145 25 Landskrona,

140 675 75 24 Umeå,
231 675 101 20 Karlstad
348 675 40 21 och
403 675 67 21 Luleå
486 678 56 18 samt
553 683 26 13 av
589 677 172 26 preparandkurs
772 677 36 21 vid
820 677 113 21 folkskole-

140 705 124 20 seminariet
279 705 7 20 i
302 705 66 20 Luleå
387 706 85 20 anvisas
490 706 33 20 för
541 706 126 26 budgetåret
686 705 125 29 1925/1926
828 708 31 19 ett
875 709 59 18 extra

140 735 215 26 reservationsanslag
370 742 26 14 av
413 736 42 20 250
465 735 42 21 000
523 736 31 20 kr.

96 805 9 14 6
123 800 43 20 Till
185 800 137 21 bestridande
342 807 26 14 av
383 801 182 26 hyresersättning
580 801 34 21 till
630 802 122 20 rektorerna
768 802 36 21 vid
820 803 113 20 folkskole-|
972 809 9 11 »
1022 803 42 21 |1:8
1202 805 12 19 6)
1245 804 10 20 11]
1308 804 13 20 8)
1356 810 23 16 94|8
1396 797 74 29 Ale]
1502 806 68 21 19:32]
1603 805 69 22 21:56

138 830 154 20 seminarierna
307 831 7 19 i
331 831 127 26 Linköping,
483 831 72 23 Skara,
578 831 96 25 Kalmar,
693 832 68 25 Lund,
778 832 101 21 Karlstad
894 833 40 20 och
1004 830 27 35 Ip.
1035 838 36 23 153

139 860 75 25 Umeå,
238 862 52 18 utan
309 862 43 19 rätt
367 861 33 20 för
416 861 65 26 sagda
496 861 94 20 rektorer
605 863 32 19 att
652 862 13 20 å
680 862 208 26 hyresersättningen
905 864 28 19 åt-

75 893 1 41 |
139 890 63 26 njuta
217 889 164 28 dyrtidstillägg,
398 891 85 21 anvisas
499 891 33 20 för
547 891 125 26 budgetåret
689 890 125 30 1925/1926
831 894 31 19 ett
874 895 60 18 extra

140 920 74 25 anslag
229 926 26 14 av
273 920 26 20 13
310 920 43 20 600
369 920 31 21 kr.

75 974 1 14 |
96 983 9 16 7
124 980 41 19 För
181 979 120 21 beredande
317 987 26 13 av
357 980 139 26 hyresbidrag
506 980 34 20 till
550 980 67 21 lärare
628 981 36 20 vid
675 981 259 21 folkskoleseminarierna
934 970 22 41 |
973 989 8 11 »
1022 982 42 21 |1:8
1182 980 2 29 I
1202 983 12 20 6]
1245 983 11 20 11]
1308 984 13 20 8/1
1353 985 56 20 95|8
1418 985 53 20 Al74l
1503 985 68 21 19:32]
1603 985 69 22 21:56

75 992 1 53 |
139 1009 7 20 i
163 1009 125 21 Stockholm
305 1010 40 20 och
361 1010 112 26 Göteborg,
490 1012 52 18 utan
558 1012 42 19 rätt
615 1011 33 20 för
657 1011 158 21 vederbörande
826 1012 66 20 lärare
903 1013 32 19 att
1014 1023 17 17 p.
1037 1017 34 18 154
1182 1011 2 39 |

75 1047 1 3 I
140 1040 13 19 å
169 1039 166 26 hyresbidragen
357 1040 86 26 åtnjuta
466 1040 164 27 dyrtidstillägg,
654 1041 84 21 anvisas
761 1041 33 21 för
810 1041 135 30 budgetåret
931 1035 15 40 |

142 1068 126 28 1925/1926
284 1071 31 19 ett
330 1072 60 18 extra
406 1070 164 26 förslagsanslag
585 1077 26 14 av
630 1070 26 20 14
665 1070 42 21 000
724 1071 31 20 kr.
1440 1075 2 12 I

97 1133 10 16 8
125 1128 41 20 Till
191 1129 130 26 förhyrande
344 1136 26 13 av
387 1130 56 20 vissa
459 1129 81 21 lokaler
555 1130 33 20 för
603 1130 231 21 folkskoleseminariet
849 1131 7 20 i
873 1131 61 20 Göte-|
973 1138 8 10 >»
1022 1131 42 21 |1:8
1203 1132 11 20 6!
1245 1132 11 20 1!
1309 1133 12 20 81
1353 1134 118 20 95|8Al75|
1503 1133 68 21 19:321
1604 1134 69 21 21:56

75 1165 2 16 I
141 1158 51 26 borg
208 1160 56 19 samt
279 1159 34 20 till
329 1159 61 20 dessa
406 1159 91 21 lokalers
513 1161 165 25 uppvärmning,
696 1160 112 27 belysning
823 1161 40 20 och
880 1161 54 20 städ-
1010 1158 21 35 Ip.
1034 1166 37 23 155

140 1188 52 26 ning
208 1195 28 13 m.
254 1195 36 18 m.,
307 1189 84 20 anvisas
407 1189 33 20 för
456 1189 124 27 budgetåret
595 1188 126 26 1925/1926
733 1192 30 19 ett
773 1193 60 18 extra
844 1197 90 14 reserva-

140 1218 133 26 tionsanslag
288 1225 26 14 av
331 1218 64 21 2675
412 1219 31 20 kr.

97 1282 10 15 9
125 1277 41 20 För
182 1277 114 21 utförande
310 1285 26 13 av
347 1279 56 20 vissa
414 1278 189 27 ändringsarbeten
614 1280 12 19 å
636 1280 187 26 gymnastikhuset
834 1280 37 20 vid
881 1280 53 20 folk-|
973 1288 9 10 >»
1023 1281 41 20 |1:8
1203 1282 12 20 6!
1246 1282 10 20 1
1309 1282 13 20 81
1354 1287 25 16 9518
1399 1283 73 20 Al751)
1504 1283 68 20 19:32]
1605 1283 68 22 21:56

141 1307 183 21 skoleseminariet
340 1309 7 19 i
363 1308 106 26 Göteborg
485 1309 84 20 anvisas
584 1309 34 20 för
630 1309 125 27 budgetåret
767 1309 126 27 1925/1926
905 1311 29 19 så-
1015 1316 57 22 p-156

141 1344 46 13 som
203 1339 61 19 extra
279 1339 214 26 reservationsanslag
509 1340 30 19 ett
554 1339 78 27 belopp
648 1346 27 14 av
691 1339 27 21 20
728 1339 42 21 000
787 1340 30 20 kr.

85 1401 23 16 10
125 1397 43 20 Till
191 1397 113 26 inredning
327 1404 26 14 av
372 1398 42 20 den
430 1405 43 20 nya
488 1398 127 27 byggnaden
631 1399 36 20 vid
682 1399 231 21 folkskoleseminariet
928 1400 8 19 i|
974 1408 8 11 »
1024 1400 41 21 |1:8
1204 1401 12 20 6!
1246 1402 11 20 11
1310 1402 13 20 81
1354 1407 25 15 9618
1398 1402 74 21 Al7s|
1504 1401 68 22 19:82]
1604 1403 69 21 21:56

140 1427 102 20 Karlstad
265 1429 57 19 samt
344 1428 32 20 till
392 1428 67 26 inköp
475 1435 26 14 av
517 1428 270 27 undervisningsmateriell
803 1430 40 19 och
858 1429 78 20 böcker
1015 1435 57 23 p.157

140 1457 34 20 för
196 1457 95 20 nämnda
315 1458 139 20 seminarium
474 1459 84 19 anvisas
573 1459 33 20 för
622 1459 125 26 budgetåret
764 1458 125 29 1925/1926
906 1461 30 18 ett

141 1489 60 18 extra
216 1487 215 26 reservationsanslag
447 1495 26 13 av
490 1488 27 20 30
527 1488 42 20 000
586 1488 31 20 kr.

85 1551 22 15 11
126 1546 37 20 RD
180 1546 115 26 medgiver,
312 1548 31 19 att
359 1547 33 20 till
408 1547 66 26 inköp
491 1554 26 14 av
527 1547 271 27 undervisningsmateriell
808 1549 40 20 och
859 1549 77 20 böcker|
974 1557 9 11 »
1024 1549 41 21 1|1:8
1205 1550 11 20 6!
1247 1551 11 20 11
1310 1550 13 20 81
1355 1555 25 16 9618
1399 1551 74 20 Al76|
1505 1551 68 21 19:32
1575 1546 18 35 |
1605 1552 69 20 21:56

141 1576 34 20 för
197 1576 231 21 folkskoleseminariet
443 1577 7 20 i
466 1577 68 20 Umeå
553 1578 36 19 må
607 1584 27 14 av
649 1578 36 20 det
701 1578 113 25 överskott,
831 1585 46 14 som
894 1578 41 20 kan
1017 1590 16 17 p.
1035 1575 38 36 158

142 1606 135 26 uppkomma
292 1607 13 19 å
320 1606 26 20 de
365 1607 33 20 för
416 1607 134 26 uppförande
569 1614 26 13 av
611 1608 122 26 byggnader
748 1608 33 20 för
796 1608 95 20 nämnda
907 1615 28 13 se-

141 1636 117 20 minarium
282 1636 101 20 anvisade
405 1637 73 26 anslag
493 1638 13 19 å
521 1637 91 27 tillhopa
636 1638 12 19 2
659 1637 42 20 084
711 1637 42 21 000
772 1638 39 24 kr.,
828 1638 108 20 användas

141 1667 31 18 ett
189 1665 78 27 belopp
284 1672 25 14 av
325 1666 63 26 högst
404 1666 27 20 30
442 1666 42 21 000
500 1667 31 20 kr.

86 1730 23 15 12
127 1725 82 20 Motion
233 1732 47 19 ang.
305 1725 74 27 anslag
396 1726 33 20 för
451 1726 134 27 uppförande
604 1734 25 13 av
648 1727 156 21 rektorsbostad
824 1727 37 21 vid
877 1728 59 20 semi-
1084 1729 40 20 107
1206 1729 118 21 GEERS
1498 1729 33 21 19:
1542 1725 54 36 32d|
1607 1730 68 22 21:56

142 1755 69 20 nariet
226 1755 7 20 i
247 1755 67 20 Umeå
325 1756 7 19 i
342 1756 146 26 huvudsaklig
498 1757 211 20 överensstämmelse
720 1757 50 20 med
781 1764 26 14 av
818 1757 119 21 arkitekten
947 1755 1 5 |

143 1785 25 20 G.
185 1785 121 20 Holmdahl
321 1786 108 20 utarbetat
445 1786 79 27 förslag
539 1787 76 20 avslås.

87 1849 23 15 13
127 1845 42 19 För
192 1844 137 21 anordnande
353 1845 36 21 vid
412 1845 231 22 folkskoleseminariet
658 1847 7 20 i
682 1847 124 20 Stockholm
823 1854 26 14 av
865 1854 26 14 en
906 1850 32 18 ut-|
976 1856 9 10 »
1026 1848 41 20 |1:8
1206 1848 12 21 6)
1249 1849 11 20 1!
1312 1850 13 20 8/
1357 1854 25 16 9718
1400 1849 75 22 Al7el
1507 1849 68 21 19:86]
1607 1850 69 21 21:56

143 1874 162 26 bildningskurs
321 1875 33 20 för
369 1875 67 21 lärare
452 1875 37 21 vid
505 1876 142 27 hjälpklasser
659 1877 33 20 för
703 1877 98 26 psykiskt
812 1877 127 21 efterblivna
1018 1889 17 16 Ip.
1041 1883 34 18 159

144 1904 52 20 barn
220 1905 85 20 anvisas
328 1905 33 20 för
384 1905 127 26 budgetåret
528 1905 125 26 1925/1926
670 1908 31 19 ett
716 1908 60 19 extra
792 1908 146 20 reservations-

143 1934 75 26 anslag
233 1941 26 13 av
270 1934 14 20 4
293 1934 42 21 900
346 1935 39 24 kr.;
397 1935 33 20 till
441 1935 137 26 anskaffning
588 1943 26 14 av
625 1936 82 20 möbler
717 1937 40 20 och
768 1937 170 26 undervisnings-

144 1964 106 20 materiell
269 1964 33 20 för
320 1964 65 26 sagda
404 1965 51 20 kurs
473 1966 85 20 anvisas
576 1966 34 20 för
625 1965 125 27 budgetåret
767 1966 125 27 1925/1926
909 1968 30 19 ett

144 1995 61 19 extra
220 1994 215 26 reservationsanslag
450 2002 26 14 av
493 1995 64 20 1500
573 1995 39 25 kr.;
629 1996 41 20 och
685 1995 109 27 medgiver
809 1996 45 25 RD,
871 1998 31 19 att
913 2003 27 14 av

144 2023 26 20 de
189 2023 78 26 medel,
287 2030 46 14 som
349 2026 36 18 äro
401 2024 94 21 avsedda
509 2025 34 20 till
559 2025 77 21 arvode
652 2026 22 20 åt
689 2025 159 21 föreståndaren
864 2026 33 20 för
913 2026 26 20 de

144 2053 37 21 vid
196 2053 231 22 folkskoleseminariet
437 2055 7 19 i
456 2055 124 20 Stockholm
592 2055 122 21 anordnade
724 2056 168 26 provårskurser,
904 2056 36 20 må

78 2105 28 17 68.
121 2107 92 19 Sakregister
221 2108 13 15 I.
