1849 2357
821 153 136 33 SAKREGISTER
1651 159 42 20 137

952 224 1 17 I

952 409 1 27 |

104 438 174 28 Avskrivningar
294 439 37 21 och
347 439 127 27 eftergifter.
952 437 1 18 |

147 469 80 21 hennes
245 470 142 26 tjänstgöring
405 471 71 19 såsom
495 472 14 19 t.
526 471 15 20 f.
559 470 160 27 postexpeditör
740 470 36 21 vid
782 465 161 36 postkontoret
951 470 62 21 1923

146 500 7 19 i
171 499 96 21 Vansbro
283 499 41 21 den
342 499 26 21 19
385 501 52 25 sept.
455 500 57 20 1918
528 501 139 26 uppkommit
683 500 7 20 i
706 500 41 20 den
764 507 26 14 av
810 500 70 20 henne
899 507 54 14 om-|

147 529 152 21 händerhavda
314 530 84 24 kassan,
419 532 56 18 samt
494 532 31 19 att
544 530 36 21 det
599 530 84 27 belopp,
704 530 48 21 från
771 537 47 14 vars
837 530 115 26 gäldande
935 525 18 36 |

147 560 75 19 fröken
238 560 88 25 Elfving
341 560 91 20 sålunda
448 560 85 26 befrias,
550 561 35 19 må
604 567 26 13 ur
648 560 132 26 postverkets
800 560 152 26 räkenskaper

149 589 115 20 avskrivas.

1413 232 54 17 Riks-

1404 262 72 22 dagens
1533 263 118 17 Kamrarnas

1418 292 46 17 skri-
1519 292 144 23 förhandlingar

1411 322 62 17 velser

1247 250 92 17 Utskotts-

1090 275 94 31 Motioner
1235 279 112 18 utlåtanden

1212 309 47 17 eller
1272 309 97 18 memorial

1507 376 66 17 Första
1576 372 24 31 |
1607 376 66 18 Andra

1503 400 70 17 kamm.
1572 396 28 31 |
1604 401 71 17 kamm.

974 255 22 144 I8SBEPSAIA

1032 302 17 104 J98[9ALIYS
1032 243 17 47 Ia][9

1051 372 16 54 doad
1051 300 22 65 sy:ler
1051 225 21 70 Tun

1092 386 34 17 FK
1145 387 35 17 IAK
1305 382 7 36 Zz

1205 368 17 58 Tues

1246 375 18 48 "PAV

1360 377 17 45 BpIs

1413 387 17 27 IN

1460 378 18 45 BvpIg

1338 416 2 17 |

1339 440 1 23 |

1339 464 1 11 I

104 647 9 15 6
132 643 38 19 RD
190 642 113 26 medgiver,
323 645 32 18 att
374 643 24 20 G.
416 644 24 19 A.
458 643 59 26 Berg,
538 644 24 19 N.
580 644 24 19 A.
621 643 126 26 Degerman,
768 643 21 20 C.
807 643 91 23 Ekman,
917 644 23 20 F.|
980 651 8 11 »
1029 644 41 20 1193
1209 645 11 19 6!
1251 645 10 20 1]
1300 645 26 20 67
1401 645 37 20 141
1508 646 32 20 28:
1553 650 23 16 18
1578 642 14 34 |
1609 642 33 34 27:
1653 651 25 15 34

147 672 106 25 Isaksson,
274 672 20 21 J.
310 673 19 20 J.
346 673 127 24 Johansson,
490 673 20 20 J.
528 674 23 19 A.
569 673 98 24 Larsson,
687 673 25 20 E.
728 673 93 24 Nilsson,
842 673 24 20 A.
885 674 54 19 Wik-
1081 686 2 14 |

147 704 65 18 ström
229 703 40 19 och
285 703 24 19 E.
326 703 24 19 A.
367 699 84 24 Öhman
471 704 36 19 må
526 703 78 20 befrias
628 703 47 20 från
699 703 48 20 dem
772 704 28 26 på
823 703 69 26 grund
915 710 26 14 av
1081 701 1 3 I

147 732 114 26 skiljedom
285 732 111 26 åliggande
419 732 123 27 skyldighet
565 734 37 23 att,
619 733 7 19 i
642 732 117 27 anledning
783 739 26 14 av
832 733 109 20 bristande
1189 738 1 6 ]
1338 736 1 15 |

146 761 96 21 leverans
258 762 33 20 till
308 764 81 18 statens
404 763 113 26 järnvägar
533 769 26 14 av
575 762 82 27 sliprar,
675 762 33 21 till
724 762 95 20 nämnda
829 763 112 26 järnvägar

145 792 73 25 utgiva
234 792 42 20 vite
292 792 40 20 och
348 792 130 20 skadestånd
494 792 34 20 till
539 792 84 27 belopp,
636 799 44 13 som
693 793 7 19 i
711 792 230 26 statsrådsprotokollet
1338 803 1 11 |

145 823 97 18 närmare
259 822 98 25 angivits,
374 824 57 18 samt
446 823 32 19 att
493 822 26 20 de
535 822 85 26 belopp,
636 822 48 20 från
700 822 68 20 vilkas
787 822 104 26 gäldande
908 822 32 20 be-
1338 819 1 31 |

145 851 73 20 mälda
234 858 99 19 personer
348 851 91 21 sålunda
455 852 84 24 befrias,
556 852 36 20 må
608 858 25 14 ur
643 853 81 19 statens
734 852 123 26 järnvägars
867 852 73 20 räken-
1188 840 2 25 |
1338 856 1 32 |

145 881 77 26 skaper
238 881 115 21 avskrivas.
1188 883 2 23 |

102 939 10 16 7
130 934 38 20 RD
179 935 116 25 medgiver,
306 936 32 19 att
348 935 132 26 Linköpings
491 935 120 27 domkyrka
621 936 36 19 må
668 935 78 20 befrias
756 935 48 20 från
815 935 125 26 erläggande
941 930 19 36 |
979 943 8 10 >»
1028 936 41 20 1103
1208 937 12 20 8
1299 937 26 20 37
1401 937 40 20 169
1507 937 33 20 33:
1552 937 82 20 1132:
1646 942 39 16 184

146 971 26 13 av
188 964 42 20 den
246 965 28 26 på
291 964 26 20 16
337 965 23 20 år
379 965 119 26 belöpande
516 967 62 18 ränta
590 966 13 19 å
617 965 215 26 riksgäldskontorets
850 965 100 29 kapital-|

145 994 87 20 fordran
248 995 39 20 hos
302 994 136 27 domkyrkan
453 995 33 20 för
501 995 36 20 två
556 995 34 20 till
608 994 134 27 domkyrkan
761 995 125 20 utlämnade
904 995 47 20 lån
935 990 18 35 |

146 1024 66 21 sådan
228 1024 71 21 denna
314 1025 169 26 kapitalfordran
500 1025 78 20 befann
594 1025 32 26 sig
643 1025 130 20 beträffande
786 1025 36 20 det
832 1032 40 13 ena
883 1025 58 20 lånet
1080 1029 2 25 |

145 1054 41 20 den
204 1054 12 20 5
232 1055 44 26 jan.
293 1055 40 20 och
349 1055 133 20 beträffande
498 1055 36 20 det
549 1054 67 21 andra
632 1054 40 21 den
690 1054 28 21 14
733 1055 53 20 febr.
804 1055 64 20 1906.

102 1113 10 15 8
130 1108 38 20 RD
184 1108 114 26 medgiver,
315 1110 32 18 att
363 1108 50 21 med
428 1108 156 26 återbetalning
599 1115 27 13 av
640 1108 36 21 det
686 1109 90 20 svenska
787 1109 153 26 församlingen
940 1104 18 35 |
978 1116 9 11 >»
997 1104 27 35 |
1035 1109 27 20 95
1208 1109 53 21 SET
1299 1110 26 21 et
1414 1110 27 20 62
1507 1111 68 20 20:53
1577 1106 23 35 |
1608 1111 33 20 20:
1653 1116 24 16 57

144 1138 8 20 i
168 1138 89 20 London
273 1138 33 20 till
326 1138 105 26 gäldande
451 1146 26 13 av
495 1138 164 26 församlingens
683 1138 64 21 skuld
770 1139 33 20 för
826 1139 48 20 dess
897 1146 43 19 nya

145 1168 168 26 kyrkobyggnad
336 1168 50 20 med
410 1168 129 21 tillhörande
561 1168 81 21 lokaler
664 1168 107 27 beviljade
787 1169 101 20 räntefria
903 1169 36 19 lån

145 1198 12 19 å
174 1197 27 20 60
211 1197 42 20 000
270 1198 30 20 kr.
318 1199 37 19 må
370 1199 62 20 anstå
446 1198 69 21 under
530 1198 44 20 fem
591 1199 29 24 år,
636 1198 77 20 räknat
728 1198 47 20 från
786 1198 40 20 och
837 1198 48 20 med
898 1198 42 21 den

145 1227 27 20 20
189 1228 44 26 maj
253 1227 66 25 1923;
337 1228 54 20 dock
408 1228 49 20 med
472 1228 85 24 villkor,
577 1230 31 18 att
626 1228 71 20 därest
716 1228 59 20 inom
794 1228 95 20 nämnda
908 1228 31 20 tid

144 1257 128 27 försäljning
287 1264 27 14 av
329 1258 165 26 församlingens
509 1258 74 26 gamla
598 1258 69 26 kyrka
682 1258 7 20 i
705 1258 84 20 Princes
800 1258 80 26 Square
892 1260 48 24 äger

144 1294 56 18 rum,
216 1287 151 27 lånebeloppet
382 1288 74 20 varder
472 1287 117 26 återgäldat
605 1288 23 20 så
643 1289 58 19 snart
716 1288 38 20 ske
769 1288 42 20 kan
823 1288 54 20 efter
887 1294 53 20 upp-

144 1317 68 20 buren
227 1317 68 20 likvid
312 1319 56 18 samt
384 1319 31 19 att
434 1318 33 20 för
485 1318 69 20 lånets
573 1317 91 21 sålunda
683 1317 111 26 förlängda
813 1317 127 27 åtnjutande
1271 1334 2 3 I

145 1347 72 20 ställes
233 1347 105 25 säkerhet,
355 1354 45 14 som
417 1354 27 14 av
459 1347 153 21 statskontoret
626 1347 129 26 godkännes.
1271 1353 2 16 I

102 1406 7 15 1
129 1400 38 20 RD
182 1400 116 26 medgiver,
320 1402 32 19 att
370 1401 26 20 de
412 1401 33 20 för
463 1401 113 21 utförande
596 1408 26 14 av
640 1403 31 19 ett
686 1402 7 19 i
709 1401 231 27 statsrådsprotokollet
954 1400 57 22 1924]
1034 1401 27 20 37
1194 1402 26 20 10
1300 1402 26 20 10
1414 1402 26 21 69
1507 1402 32 20 18:
1551 1407 24 16 27
1577 1397 22 34 |
1608 1403 68 20 17:38

144 1430 124 21 omförmält
284 1430 208 27 utdikningsföretag
508 1432 59 20 inom
578 1431 175 27 krononybygget
764 1431 114 21 Bredträsk
889 1431 51 21 eller
1272 1432 1 30 |

144 1460 139 21 Pettersudde
301 1467 26 13 nr
344 1460 10 20 1
372 1461 7 20 i
395 1461 137 27 Arvidsjaurs
551 1461 77 21 socken
648 1468 26 13 av
693 1461 139 21 Norrbottens
851 1461 36 20 län
905 1468 34 13 an-

145 1491 82 25 svariga
242 1491 36 19 må
294 1490 78 21 befrias
388 1491 47 20 från
449 1491 123 27 skyldighet
582 1493 32 18 att
624 1491 116 20 återbetala
750 1491 42 21 vad
802 1498 27 13 av
838 1491 8 20 i
857 1498 83 14 samma

145 1520 106 26 protokoll
270 1520 148 26 omförmälda,
439 1521 41 20 den
501 1521 25 20 17
545 1521 41 27 juli
609 1521 53 20 1903
683 1521 106 27 beviljade
812 1521 128 26 statsbidrag

145 1550 33 20 till
193 1550 104 26 företaget
312 1551 114 26 uppburits
442 1551 67 26 jämte
525 1551 52 20 därå
592 1551 119 26 belöpande
726 1553 67 18 ränta.

102 1615 9 15 2
130 1610 82 20 Motion
235 1616 35 14 om
294 1610 98 21 befrielse
413 1610 33 21 för
469 1610 19 21 J.
513 1610 122 21 Andersson
658 1611 6 19 i
684 1611 76 26 Attorp
776 1610 163 27 Västergården,
944 1606 10 35 |
978 1618 8 10 >
1134 1610 86 27 30010
1299 1612 27 19 28
1506 1611 69 21 28:53
1578 1607 19 35 |
1608 1612 69 21 28:47

145 1640 25 19 A.
195 1639 90 25 Brodén,
312 1642 61 23 ägare
396 1640 34 20 till
454 1638 37 29 !/,,
516 1640 81 21 mantal
621 1641 77 26 Attorp
722 1640 155 27 Västergården
900 1641 40 20 och
1134 1638 2 33 |

146 1669 20 20 S.
183 1669 129 25 Andersson,
329 1671 61 24 ägare
406 1670 34 20 till
457 1669 27 27 !/,
500 1670 83 20 mantal
598 1670 131 26 Lanthagen,
748 1670 48 20 från
812 1670 49 20 dem
878 1670 62 26 ålagd
1144 1666 29 38 Er

146 1699 289 27 återbetalningsskyldighet
457 1700 34 20 till
514 1700 81 20 kronan
619 1700 131 20 beträffande
770 1702 30 18 ett
818 1700 48 20 från
883 1700 56 20 1906
1188 1702 2 20 I

145 1730 33 19 års
194 1729 111 20 allmänna
320 1729 263 27 frostminskningsanslag
598 1730 70 20 såsom
685 1730 128 26 statsbidrag
826 1730 34 20 till
870 1729 70 21 utdik-

145 1759 52 25 ning
212 1765 26 14 av
253 1759 143 20 frostförande
407 1759 91 24 marker,
510 1759 128 21 tillhörande
649 1759 56 20 Lilla
715 1760 40 19 och
767 1760 60 20 Stora
838 1759 102 27 Gamlarp

145 1789 7 19 i
168 1787 49 21 Jäla
232 1789 79 20 socken
327 1789 7 19 i
350 1789 129 26 Skaraborgs
495 1789 42 25 län,
554 1789 129 20 utanordnat
699 1789 77 27 belopp
793 1796 25 14 av
832 1789 13 20 2
855 1789 42 20 200
908 1789 26 20 kr

145 1818 67 27 jämte
228 1820 61 18 ränta
305 1818 51 20 därå
372 1819 76 20 avslås.

103 1883 9 15 3
130 1878 11 20 I
165 1877 116 27 anledning
300 1885 26 13 av
343 1879 82 20 motion
442 1885 34 13 om
494 1878 98 21 befrielse
608 1878 32 20 för
656 1878 155 21 länsassessorn
826 1879 25 19 A.
868 1878 72 24 Adler,|
979 1886 9 10 >
1135 1878 47 21 [244]
1209 1878 12 20 6]
1251 1872 23 26 11
1299 1879 28 20 84
1400 1878 40 21 197
1507 1879 69 20 37:39
1579 1875 19 36 |
1608 1879 34 20 36:
1653 1884 24 16 68

146 1907 187 21 länsbokhållaren
349 1908 23 20 T.
390 1908 71 26 Thege
477 1909 39 19 och
533 1910 59 18 extra
608 1908 188 20 länsbokhållaren
812 1908 20 20 8.
848 1908 94 26 Wiegert

144 1937 48 20 från
216 1938 42 19 viss
282 1937 49 21 dem
355 1938 62 26 ålagd
433 1938 290 27 återbetalningsskyldighet
738 1938 96 20 anhåller
849 1938 45 24 RD,
911 1939 31 19 att
1136 1958 1 5 |

144 1967 62 20 KM:t
229 1968 81 20 täcktes
334 1968 126 20 föranstalta
478 1975 34 13 om
529 1968 115 25 utredning
659 1968 175 26 skyndsammast
849 1968 92 26 möjligt,
1189 1967 2 14 I
1231 1963 1 36 |

144 1998 8 19 i
175 1997 72 20 vilken
271 1998 132 26 omfattning
421 1998 136 26 utbetalning
572 2005 26 13 av
614 1998 166 26 dyrtidstilllägg
795 1999 13 19 å
823 1998 118 25 avlönings-
1231 2002 1 13 I

145 2027 77 24 medel,
239 2034 46 14 som
302 2027 155 21 utbekommits
473 2028 7 20 i
496 2028 55 20 form
568 2034 26 14 av
610 2027 49 21 kost
674 2027 51 21 eller
740 2027 76 21 bostad
832 2028 40 20 och
886 2028 55 24 kost,

145 2058 35 24 ägt
195 2063 48 14 rum
259 2057 34 21 till
309 2057 232 27 kontrolltjänstemän.
1136 2071 1 13 I
1231 2052 2 30 |

80 2109 27 17 18.
123 2111 89 18 Sakregister
222 2112 12 14 I.
