1843 2358
68 442 1 14 I

68 460 1 11 I

67 473 2 9 I

805 158 136 16 SAKREGISTER

1629 158 42 20 369

957 252 22 145 IBSBEpsAIA

1034 297 22 46 lem
1034 222 22 65 Idun

1015 299 17 105 198[9ALIYS
1016 240 16 47 I9[9

1033 370 17 54 ”doid

1070 213 31 3 |

1172 218 2 29 |

1230 248 93 18 Utskotts-

1061 273 106 31 Motioner
1172 283 2 29 |
1219 278 111 18 utlåtanden

1172 314 1 16 |
1194 308 47 18 eller
1253 309 99 17 memorial

1397 230 53 18 Riks-

1387 260 73 23 dagens

1401 291 47 17 skri-

1393 321 63 18 velser

1515 262 119 18 Kamrarnas

1501 291 145 24 förhandlingar

1342 377 18 45 BPIS

1396 387 17 27 IN

1490 372 66 33 Första
1570 365 2 35 |
1590 377 66 17 Andra

1487 396 64 31 kamm.,
1570 401 2 33 |
1586 401 72 17 kamm,.

1443 377 18 45 BpIs

87 428 178 39 Dyrtidstillägg.
934 436 1 10 i

933 455 2 13 I

74 469 25 15 22
117 464 37 20 RD
173 465 108 26 medgiver
297 467 31 19 att
343 466 22 20 åt
381 466 232 28 lärarinnepersonalen
629 467 37 21 vid
681 468 101 20 Fredrika
798 468 126 21 Bremerför-
933 469 60 22 1921

132 494 92 21 bundets
248 495 336 28 lanthushållningsseminarium
609 498 13 20 å
637 498 108 20 Rimforsa
768 499 36 19 må
819 498 68 21 under
903 499 22 20 år

133 524 55 20 1921
206 525 39 20 och
261 525 117 21 tillsvidare
394 527 68 20 under
477 528 23 19 år
517 527 56 21 1922
590 528 50 26 utgå
656 527 157 27 dyrtidstillägg
825 529 7 19 i
843 528 92 26 huvud-/

132 554 68 26 saklig
224 556 211 21 överensstämmelse
459 557 48 20 med
524 557 26 20 de
566 557 110 21 allmänna
692 558 98 25 grunder,
807 565 45 14 som
869 558 66 26 gälla
921 550 15 38 |

132 584 131 21 beträffande
283 585 157 27 dyrtidstillägg
459 587 22 20 åt
499 587 150 21 motsvarande
665 587 97 27 personal
779 588 36 20 vid
831 588 93 20 lanthus-

133 614 122 21 hållsskola.

91 678 4 14 1
117 674 40 19 För
173 674 118 21 beredande
307 682 26 14 av
349 675 157 27 dyrtidstillägg
522 677 23 19 år
561 676 57 20 1922
632 678 22 20 åt
665 678 56 20 vissa
732 680 59 18 extra
802 670 122 38 provinsial-
933 677 63 22 1922

131 703 78 25 läkare,
226 704 65 26 enligt
307 705 150 21 motsvarande
472 706 93 26 grunder
580 713 46 14 som
643 707 68 21 under
722 708 22 20 år
760 707 62 25 1921,
834 708 90 26 beviljas

132 734 26 25 på
174 734 126 26 tilläggsstat
317 735 32 20 för
365 736 23 19 år
405 735 56 21 1922
478 738 30 18 ett
523 736 164 27 förslagsanslag
703 744 26 14 av
747 738 25 20 15
782 737 42 21 000
841 738 30 20 kr.

88 810 9 14 2
116 805 37 19 RD
171 805 124 26 godkänner
311 807 78 26 förslag
406 808 33 20 till
452 808 126 26 kungörelse
595 809 49 20 med
661 809 109 21 allmänna
786 809 91 27 grunder
892 809 33 21 för

130 834 158 29 dyrtidstillägg
303 837 22 20 åt
341 837 209 26 befattningshavare
565 838 7 20 i
588 840 80 19 statens
679 839 67 27 tjänst
756 839 50 21 med
816 839 109 27 undantag

131 864 54 21 dock
201 866 7 19 i
225 866 40 20 vad
282 867 65 25 angår
363 867 45 21 dels
420 868 25 20 de
457 868 68 20 under
535 868 285 27 jordbruksdepartementet
831 869 104 25 hörande
919 860 15 39 |

131 895 215 27 befattningshavare,
357 897 45 21 dels
413 898 40 20 ock
461 898 209 26 befattningshavare
679 899 36 21 vid
724 899 85 21 flottans
818 900 106 26 pensions-
933 918 2 11 |

131 924 62 21 kassa
209 926 39 20 och
262 928 80 19 statens
353 928 79 20 anstalt
443 928 33 20 för
486 928 150 27 pensionering
647 936 25 14 av
683 929 161 21 folkskollärare
855 936 29 13 m.
896 929 28 24 fl.;
924 920 10 39 |

130 955 40 20 och
187 956 114 26 medgives,
318 958 31 19 att
365 957 33 21 till
414 958 209 26 befattningshavare
639 959 36 20 vid
689 959 128 27 postverket,
830 959 95 26 telegraf-

131 985 79 27 verket,
235 988 80 19 statens
338 988 119 26 järnvägar,
474 990 80 19 statens
570 989 182 25 vattenfallsverk,
769 989 157 27 dyrtidstillägg

131 1014 33 20 för
180 1016 22 19 år
220 1015 55 21 1922
292 1017 40 20 och
348 1017 66 21 första
429 1018 96 20 halvåret
542 1017 56 22 1923
615 1019 35 20 må
666 1019 51 26 utgå
732 1026 26 13 av
774 1019 26 20 de
811 1019 77 25 medel,
900 1026 26 14 av

131 1044 58 21 vilka
211 1046 83 21 verkets
310 1046 52 21 eller
377 1048 160 20 institutionens
553 1048 151 21 omkostnader
719 1049 7 19 i
737 1049 68 26 övrigt
816 1049 108 20 bestridas.

89 1121 9 13 3
117 1116 40 20 För
174 1116 135 22 bestridande
328 1125 26 14 av
370 1119 157 27 dyrtidstillägg
543 1120 68 20 under
626 1121 23 19 år
666 1120 56 20 1922
739 1121 22 20 åt
776 1120 91 21 svenska
886 1121 39 26 sjö-

131 1148 145 25 manspräster
291 1148 6 20 i
314 1149 56 20 vissa
393 1149 115 21 utländska
531 1150 138 20 hamnstäder
692 1151 84 20 anvisas
793 1151 27 25 på
835 1150 90 26 tilläggs-

132 1177 42 19 stat
189 1176 33 21 för
237 1184 84 14 samma
336 1179 23 20 år
374 1180 31 19 ett
419 1179 165 27 förslagsanslag
599 1186 26 14 av
642 1180 78 21 24000
737 1180 31 20 kr.
783 1182 56 18 samt
849 1180 33 20 för
893 1180 32 20 be-

131 1206 109 21 stridande
256 1214 26 14 av
298 1208 158 27 dyrtidstillägg
467 1210 22 20 åt
499 1210 160 26 ifrågavarande
670 1210 178 26 sjömanspräster
858 1210 68 20 under

131 1235 59 21 tiden
208 1236 10 20 1
236 1237 104 26 jan.—30
352 1239 49 26 juni
418 1238 57 21 1923
492 1240 27 26 på
535 1241 59 19 extra
611 1241 42 19 stat
668 1240 33 20 för
717 1240 64 25 sagda
797 1240 32 20 tid
845 1241 29 19 ett
886 1240 39 20 för-

131 1265 131 28 slagsanslag
277 1275 26 13 av
321 1268 26 20 10
357 1268 43 21 000
416 1269 30 20 kr.

67 1329 1 38 |
89 1341 8 15 4
116 1337 40 20 För
173 1338 119 22 beredande
308 1340 68 20 under
392 1341 23 19 år
432 1340 56 21 1922
504 1341 39 20 och
555 1341 57 20 förra
623 1341 95 21 halvåret
731 1341 55 20 1923
799 1348 25 14 av
835 1341 89 27 dyrtids-

132 1367 73 26 tillägg
227 1369 21 20 åt
272 1370 100 20 nordiska
394 1373 94 18 museets
512 1371 104 26 personal,
635 1371 49 21 med
701 1371 109 26 undantag
825 1378 26 14 av
867 1371 57 21 vakt-

130 1397 39 20 och
182 1398 210 28 arbetarpersonalen
404 1400 36 21 vid
452 1400 224 27 friluftsavdelningen
687 1402 13 19 å
711 1401 101 25 Skansen,
825 1403 99 19 ävensom

131 1427 22 20 åt
168 1429 126 24 personalen
310 1430 36 20 vid
362 1430 211 25 livrustkammaren,
590 1431 7 20 i
613 1431 41 21 den
670 1432 50 19 mån
737 1431 152 26 avlöningarna
904 1432 22 19 åt

132 1457 133 21 sistnämnda
288 1460 98 25 personal
403 1461 19 26 ej
439 1461 51 25 utgå
505 1460 71 21 direkt
591 1467 26 14 av
633 1461 130 25 statsmedel,
780 1461 84 20 anvisas
880 1461 46 20 dels

131 1487 27 25 på
182 1487 128 27 tilläggsstat
333 1490 34 20 för
390 1490 23 20 år
433 1490 56 20 1922
506 1492 31 19 ett
552 1490 165 27 förslagsanslag
733 1498 26 14 av
776 1490 41 21 100
827 1490 43 21 000
886 1491 39 24 kr.,

131 1516 45 21 dels
196 1518 38 19 ock
251 1519 27 25 på
294 1521 60 18 extra
370 1521 42 19 stat
427 1520 33 20 för
476 1520 59 20 tiden
553 1520 10 20 1
581 1520 105 26 jan.—30
702 1521 47 26 juni
768 1521 55 20 1923
841 1522 30 19 ett
886 1521 39 20 för-

132 1546 130 28 slagsanslag
278 1555 25 14 av
320 1549 27 20 45
358 1549 42 21 000
416 1550 31 20 kr.

67 1600 1 27 |
89 1610 9 14 5
117 1605 37 20 RD
170 1606 123 26 godkänner
309 1609 79 26 förslag
404 1609 33 21 till
453 1609 137 27 kungörelser
606 1610 49 20 med
672 1610 109 20 allmänna
792 1610 91 26 grunder
893 1610 33 20 för

132 1635 158 29 dyrtidstillägg
308 1639 22 20 åt
346 1640 55 19 vissa
417 1645 92 21 grupper
525 1646 26 14 av
567 1640 76 24 lärare;
660 1640 39 20 och
716 1640 114 26 medgives,
847 1642 32 18 att
893 1640 33 20 för

132 1665 58 21 tiden
207 1667 40 20 den
266 1668 9 19 1
293 1668 41 26 juli
352 1668 56 21 1922
425 1669 44 21 tills
483 1669 72 21 vidare
566 1669 33 21 till
610 1669 48 21 dess
671 1670 135 20 annorlunda
816 1669 110 21 förordnas

132 1695 157 28 dyrtidstillägg
312 1699 36 19 må
371 1699 50 26 utgå
444 1700 22 19 åt
488 1699 58 21 vissa
569 1699 117 21 lärarinnor
701 1700 37 20 vid
753 1700 125 20 fackskolan
894 1700 33 20 för

132 1725 71 27 huslig
219 1727 100 21 ekonomi
335 1729 6 19 i
358 1729 96 26 Uppsala
469 1731 56 19 samt
541 1729 36 21 vid
593 1730 57 20 vissa
661 1729 199 21 statsunderstödda
874 1730 52 20 läro-

132 1756 102 21 anstalter
249 1757 33 20 för
298 1758 126 21 utbildande
441 1766 25 13 av
478 1759 117 21 lärarinnor
606 1760 7 20 i
624 1760 131 20 handarbete
765 1760 7 20 i
783 1759 145 26 huvudsaklig

132 1785 95 26 enlighet
247 1788 50 20 med
316 1788 26 20 de
358 1788 110 21 allmänna
483 1789 99 26 grunder,
599 1796 46 14 som
661 1790 56 26 gälla
733 1789 131 21 beträffande
881 1789 45 27 dyr-

132 1815 117 28 tidstillägg
264 1818 22 20 åt
302 1818 157 26 övningslärare
474 1819 36 21 vid
528 1819 173 26 privatläroverk,
718 1819 55 21 dock
788 1822 32 18 att
833 1820 33 20 för
876 1819 61 23 lära-
926 1811 15 38 |

132 1845 62 20 rinna
209 1847 36 20 vid
262 1848 143 21 omförmälda
420 1849 111 20 fackskola
547 1849 158 27 dyrtidstillägg
720 1850 37 20 må
772 1850 50 26 utgå
838 1849 90 21 allenast

132 1875 12 19 å
160 1875 83 21 hälften
259 1884 26 14 av
301 1877 41 21 den
353 1878 34 20 för
398 1879 57 26 varje
466 1879 39 20 fall
517 1879 111 21 bestämda
638 1880 222 25 minimiavlöningen,
872 1881 56 19 samt

132 1905 22 19 åt
169 1905 67 22 lärare
253 1907 35 20 vid
300 1908 56 20 vissa
367 1908 219 26 sjukvårdsanstalter
597 1910 7 19 i
615 1909 95 27 enlighet
721 1909 50 21 med
782 1909 25 20 de
819 1909 119 21 allmänna
922 1901 21 39 |

131 1935 99 26 grunder,
250 1943 45 14 som
312 1938 57 25 gälla
384 1938 33 20 för
433 1938 67 21 lärare
516 1939 36 20 vid
568 1939 53 20 folk-
638 1939 39 21 och
694 1939 126 25 småskolor;
838 1939 39 20 och
882 1936 38 35 an:
924 1947 14 20 |

132 1964 56 20 visas
204 1966 33 20 till
254 1967 135 21 bestridande
406 1975 26 14 av
448 1968 143 21 kostnaderna
607 1969 33 20 för
655 1969 157 27 dyrtidstillägg
828 1969 22 20 åt
865 1969 73 23 ovan-|

132 1995 94 20 nämnda
250 1996 148 28 lärargrupper
413 1999 13 19 å
441 1998 129 26 tilläggsstat
592 1999 33 20 för
644 1999 23 20 år
684 1998 56 21 1922
757 2001 31 18 ett
802 1999 136 25 förslagsan-

132 2023 45 26 slag
196 2032 26 13 av
239 2026 27 19 33
276 2026 42 21 837
329 2027 42 20 000
388 2028 31 20 kr.
436 2030 57 18 samt
508 2029 13 19 å
536 2031 61 18 extra
612 2030 43 19 stat
670 2029 33 20 för
718 2028 59 21 tiden
796 2029 9 20 1
823 2029 43 26 jan.
875 2028 52 20 —30

130 2053 49 26 juni
197 2054 56 21 1923
270 2058 29 19 ett
316 2057 164 26 förslagsanslag
496 2065 25 13 av
539 2058 27 20 14
576 2058 42 20 200
628 2058 42 21 000
687 2058 30 20 kr.
891 2069 3 3 $

65 2104 27 17 47.
108 2108 91 18 Sakregister
209 2110 11 14 I.

964 1350 7 10 >

1018 809 28 21 84

1013 1121 41 20 160

1013 1342 41 20 162

1014 1610 41 21 180

1065 832 1 3 |
1081 811 23 18 82
1118 798 55 39 [200-1
1191 811 12 20 6
1234 810 22 21 17

1065 827 95 43 1109-1202,
1165 856 1 7 |
1255 862 1 3 |
1283 841 26 20 65

1075 871 34 18 112
1123 854 50 44 204]
1255 870 1 3 |

1118 901 45 28 1209

1235 1342 10 20 k

1284 1597 38 34 81
1306 1593 13 47 |

1384 472 46 21 371

1491 473 69 21 47:86
1565 469 19 35 |
1592 474 33 20 59:
1636 479 25 16 97

1450 680 74 21 2118

1490 812 33 20 29:
1536 812 25 20 1d

1490 842 33 20 30:
1527 838 9 33 1

1490 872 33 20 30:
1535 878 24 14 65

1584 812 33 21 32:
1628 813 41 20 56d

1631 843 24 20 JG

1585 873 32 20 34:
1629 878 9 15 5

1584 903 32 19 35:
1629 908 9 14 2

1491 1122 33 20 35:
1536 1128 3 14 32
1563 1118 18 34 |
1583 1123 34 20 41:

1571 1336 96 28 141:136

1490 1610 33 21 35:
1583 1611 33 20 41:
1629 1616 38 16 136
