1793 2327
749 77 222 20 SAKREGISTER

1621 77 37 19 157

80 263 274 25 Bostadsproduktionen

124 293 262 25 investeringsanslaget
398 293 34 20 till
445 293 121 20 tertiärlån
578 293 35 20 till
625 293 47 20 viss
684 292 283 26 bostadsbyggnadsverk-

125 323 92 20 samhet
232 322 38 21 må
285 323 137 24 disponeras
437 323 32 20 ett
483 322 84 25 belopp
582 328 28 14 av
624 322 13 20 4
646 322 41 20 000
697 322 42 20 000
755 322 44 23 kr.;
815 322 43 20 och
873 322 93 20 anvisar

125 352 39 20 RD
182 352 36 20 till
236 352 292 26 kapitalmedelsförluster
545 352 43 20 och
606 352 197 25 ränteeftergifter
820 352 13 20 å
850 352 61 20 vissa
928 351 39 21 bo-

125 382 227 25 stadsbyggnadslån
366 382 11 20 7
387 382 41 20 000
438 382 42 20 000
493 382 41 23 kr.,
547 382 34 20 till
594 381 174 26 hyresrabatter
779 381 37 21 för
827 381 91 21 mindre
929 381 37 20 be-

125 412 113 23 medlade,
251 411 112 21 barnrika
376 411 103 25 familjer
491 411 26 21 47
527 411 42 21 000
579 411 41 21 000
633 412 42 23 kr.,
687 412 34 20 till
734 411 116 21 särskilda
862 411 104 20 bostads-

126 441 103 21 rabatter
240 441 42 21 900
292 442 42 20 000
346 441 42 24 kr.,
400 441 35 21 till
446 441 82 25 bidrag
539 441 35 20 till
586 441 134 25 främjande
731 447 28 14 av
769 441 197 25 bostadsbyggan-

125 472 28 20 de
168 471 30 25 på
214 471 160 25 landsbygden
391 471 26 20 15
427 471 41 20 000
478 471 42 20 000
536 471 42 24 kr.,
593 471 35 20 till
643 471 82 25 bidrag
740 471 35 20 till
790 471 134 20 inrättande
939 477 28 14 av

125 500 193 26 pensionärshem
336 501 24 20 11
371 501 42 20 000
423 501 42 20 000
482 501 42 23 kr.,
540 501 35 20 till
591 500 82 26 bidrag
688 501 35 20 till
739 501 47 20 viss
802 500 164 26 upplysnings-

124 530 151 21 verksamhet
290 531 45 20 rör.
350 530 230 25 byggnadstekniska
596 530 78 25 frågor
690 530 40 20 100
740 530 42 20 000
798 530 41 23 kr.,
854 531 35 19 till
905 530 61 20 låne-

125 559 88 21 fonden
229 559 37 21 för
280 559 218 26 bostadsbyggande
514 560 42 20 450
565 559 42 21 000
617 560 41 20 000
674 560 38 23 kr;
728 560 44 20 och
787 559 117 26 medgiver
919 560 47 23 RD,

126 590 34 19 att
172 589 153 25 preliminära
337 589 77 20 beslut
427 594 51 20 ang.
492 589 45 23 lån,
551 595 50 14 som
614 589 66 20 skola
692 589 56 25 utgå
760 589 53 20 från
826 589 141 20 lånefonden

125 619 37 20 för
175 619 225 25 bostadsbyggande,
415 619 38 20 må
467 619 37 20 för
517 619 137 25 budgetåret
669 618 91 21 1952/53
773 619 118 20 meddelas
905 619 60 20 intill

125 649 33 20 ett
168 648 85 26 belopp
264 655 29 14 av
305 649 42 20 380
356 648 42 21 000
408 648 41 21 000
462 649 45 23 kr.;
520 649 43 19 och
575 648 93 21 anvisar
679 649 39 20 RD
730 649 35 20 till
777 648 141 21 lånefonden
930 648 36 20 för

124 678 250 25 maskinanskaffning
391 678 63 20 inom
471 678 253 25 byggnadsindustrien
740 678 64 20 4000
814 677 41 21 000
872 678 42 24 kr.,
931 678 34 20 till

124 708 133 25 tilläggslån
271 708 34 20 till
320 708 47 20 viss
380 707 368 26 bostadsbyggnadsverksamhet
762 707 41 21 180
812 707 42 21 000
864 708 41 20 000
920 707 45 24 kr.;

124 738 44 20 och
186 738 117 25 medgiver
321 737 47 24 RD,
387 738 34 19 att
438 737 151 25 preliminära
606 737 76 20 beslut
699 742 52 20 ang.
769 737 46 24 lån,
833 743 50 14 som
900 737 66 20 skola

124 767 56 25 utgå
194 767 54 20 från
261 767 106 25 anslaget
380 767 34 20 till
428 767 133 25 tilläggslån
574 767 35 20 till
622 767 48 20 viss
683 767 283 25 bostadsbyggnadsverk-

125 797 99 23 samhet,
237 796 38 21 må
288 796 37 20 för
338 796 137 25 budgetåret
489 796 91 20 1952/53
593 796 118 21 meddelas
723 796 61 20 intill
797 797 33 20 ett
842 796 84 26 belopp
938 802 28 14 av

125 826 42 21 210
177 826 42 21 000
229 826 42 21 000
284 826 46 23 kr.;
344 826 43 20 och
400 826 94 20 anvisar
507 826 39 20 RD
558 826 35 20 till
607 826 38 20 lån
657 826 35 20 till
705 826 147 25 uppförande
864 826 43 20 och
920 826 46 20 för-

124 856 104 25 bättring
242 862 29 14 av
285 856 253 20 lantarbetarbostäder
553 856 40 20 100
608 856 42 23 kr.,
664 856 34 20 till
713 855 39 21 lån
765 856 35 20 till
815 856 151 20 anordnande

125 892 29 14 av
165 886 127 20 kollektiva
304 886 120 20 tvätterier
435 885 13 21 2
458 885 41 21 000
509 885 42 21 000
563 885 34 21 kr.
609 887 61 19 samt
681 886 35 20 till
728 885 140 21 lånefonden
880 886 37 20 för
927 885 39 21 bo-

125 916 187 25 stadsbyggande
321 915 14 20 å
344 915 141 25 tilläggsstat
495 916 19 19 II
526 915 26 20 75
562 915 41 20 000
613 915 42 21 000
665 915 34 21 kr.

124 976 40 20 RD
174 976 94 20 anvisar
277 976 35 20 till
323 975 291 25 kapitalmedelsförluster
622 975 44 20 och
676 975 197 25 ränteeftergifter
882 975 13 20 å
904 975 62 20 vissa

123 1005 258 26 bostadsbyggnadslån
392 1005 25 20 10
427 1005 42 20 000
479 1005 42 20 000
531 1005 42 23 kr.,
582 1005 35 20 till
627 1004 199 22 bostadsrabatter
836 1005 26 20 75
872 1005 42 20 000
923 1004 42 21 000

124 1035 42 24 kr.,
178 1035 36 20 till
225 1035 82 25 bidrag
318 1035 34 20 till
365 1035 47 20 viss
423 1034 401 25 bostadsförbättringsverksamhet
835 1034 28 21 25
872 1034 42 21 000
923 1034 42 21 000

124 1065 42 23 kr.,
182 1065 35 20 till
233 1065 81 25 bidrag
329 1065 35 20 till
379 1065 134 20 inrättande
528 1070 29 14 av
570 1064 193 25 pensionärshem
779 1064 26 20 12
814 1064 42 20 000
866 1064 42 20 000
923 1064 42 23 kr.,

124 1095 35 19 till
170 1095 81 24 bidrag
261 1095 35 20 till
307 1094 47 20 viss
365 1094 305 25 upplysningsverksamhet
680 1094 45 20 rör.
736 1094 229 25 byggnadstekniska

124 1124 79 25 frågor
226 1124 79 20 50000
328 1124 35 20 kr.
386 1125 61 19 samt
469 1124 34 20 till
527 1123 141 21 lånefonden
690 1123 37 20 för
748 1123 218 25 bostadsbyggande

124 1153 42 21 540
176 1153 42 21 000
227 1153 43 21 000
288 1154 38 22 kr;
344 1153 44 20 och
406 1153 116 25 medgiver
540 1153 47 24 RD,
604 1154 35 19 att
655 1153 151 25 preliminära
822 1153 76 20 beslut
915 1157 51 20 ang.

125 1183 45 23 lån,
182 1189 50 14 som
244 1183 59 20 skall
315 1183 55 25 utgå
382 1183 53 20 från
447 1182 141 21 lånefonden
599 1183 36 20 för
645 1183 223 25 bostadsbyggande,
880 1182 38 21 må
929 1183 36 19 för

124 1212 138 25 budgetåret
275 1212 94 25 1953/54
381 1212 119 20 meddelas
512 1212 61 20 intill
585 1214 33 19 ett
629 1212 82 25 belopp
723 1219 29 14 av
763 1212 42 20 480
815 1212 42 20 000
866 1212 41 21 000
921 1212 44 23 kr.;

123 1242 44 20 och
192 1243 94 19 anvisar
310 1242 39 20 RD
366 1242 35 20 till
427 1242 140 20 lånefonden
584 1242 37 20 för
637 1242 249 25 maskinanskaffning
901 1242 64 20 inom

124 1272 253 25 byggnadsindustrien
392 1271 13 20 4
414 1272 41 20 000
465 1272 42 20 000
521 1272 34 20 kr.
568 1272 44 20 och
625 1272 35 20 till
673 1271 133 26 tilläggslån
819 1272 34 20 till
867 1272 47 20 viss
927 1271 38 20 bo-

124 1301 337 26 stadsbyggnadsverksamhet
476 1301 27 20 70
511 1301 42 20 000
563 1301 42 21 000
620 1301 45 24 kr.;
681 1301 43 20 och
739 1301 116 26 medgiver
870 1301 47 24 RD,
932 1302 33 19 att

125 1331 151 25 preliminära
287 1331 77 20 beslut
375 1336 51 20 ang.
439 1331 45 23 lån,
496 1337 50 14 som
557 1331 59 20 skall
628 1330 55 26 utgå
695 1331 53 20 från
759 1331 104 25 anslaget
874 1331 35 20 till
920 1331 45 20 till-

125 1361 104 25 läggslån
240 1361 35 20 till
288 1361 47 20 viss
346 1360 374 26 bostadsbyggnadsverksamhet,
732 1360 38 21 må
781 1360 37 21 för
829 1360 136 26 budgetåret

125 1390 93 21 1953/54
234 1390 118 21 meddelas
369 1390 61 20 intill
447 1391 33 20 ett
496 1390 84 25 belopp
597 1396 28 15 av
642 1390 41 20 190
693 1390 42 21 000
744 1390 42 21 000
803 1391 45 23 kr.;'
866 1391 43 20 och
926 1396 39 14 an-

124 1420 63 20 visar
200 1420 39 20 RD
253 1420 35 20 till
302 1420 39 20 lån
354 1420 34 20 till
402 1420 147 25 uppförande
562 1420 43 20 och
618 1420 142 26 förbättring
772 1426 28 14 av
813 1420 152 21 lantarbetar-

124 1449 110 21 bostäder
247 1449 40 21 100
301 1450 34 20 kr,
348 1451 60 19 samt
420 1450 35 20 till
468 1449 38 20 lån
519 1450 34 20 till
566 1450 151 20 anordnande
729 1456 29 14 av
769 1450 126 21 kollektiva
907 1450 58 20 tvät-

124 1480 70 20 terier
205 1479 12 21 2
227 1479 42 20 000
279 1479 42 21 000
332 1479 35 21 kr.

124 1532 39 20 RD
181 1533 124 25 medgiver,
322 1534 34 19 att
372 1533 74 20 under
462 1533 136 25 budgetåret
616 1533 91 20 1953/54
723 1533 151 25 preliminära
889 1533 77 20 beslut

124 1568 38 14 om
173 1562 46 23 lån,
231 1568 50 14 som
292 1562 60 20 skall
363 1562 56 25 utgå
430 1562 53 20 från
494 1562 141 21 lånefonden
646 1563 36 19 för
692 1562 224 26 bostadsbyggande,
927 1562 38 21 må

124 1592 118 20 meddelas
251 1592 61 20 intill
322 1593 32 19 ett
364 1592 83 25 belopp
457 1598 28 14 av
495 1592 41 20 510
546 1592 42 20 000
598 1592 41 20 000
649 1592 35 20 kr.

124 1622 39 20 RD
180 1622 124 25 medgiver,
321 1623 35 19 att
371 1622 75 20 under
462 1621 136 26 budgetåret
616 1621 91 21 1953/54
723 1622 151 25 preliminära
888 1622 77 20 beslut

124 1657 38 14 om
176 1651 46 24 lån,
236 1657 50 14 som
300 1651 59 20 skall
373 1651 55 25 utgå
442 1651 53 20 från
509 1651 104 25 anslaget
626 1651 35 20 till
674 1651 132 26 tilläggslån
819 1652 35 20 till
867 1651 47 21 viss
927 1651 38 20 bo-

124 1680 344 26 stadsbyggnadsverksamhet,
491 1680 38 21 må
552 1681 117 20 meddelas
692 1681 61 20 intill
776 1682 33 20 ett
830 1681 84 25 belopp
937 1687 28 14 av

124 1710 41 21 205
175 1710 41 21 000
226 1710 42 21 000
280 1711 34 20 kr.

124 1740 39 20 RD
174 1740 93 20 anvisar
277 1740 35 20 till
323 1739 290 25 kapitalmedelsförluster
622 1740 43 21 och
675 1740 197 25 ränteeftergifter
881 1740 13 21 å
903 1741 62 19 vissa

123 1769 257 26 bostadsbyggnadslån
391 1770 26 20 13
426 1769 42 21 200
478 1769 42 21 000
531 1770 41 23 kr.,
582 1770 34 20 till
626 1770 199 21 bostadsrabatter
834 1770 28 21 86
872 1770 41 20 000
923 1770 41 21 000

124 1799 42 24 kr.,
177 1799 36 20 till
225 1799 81 26 bidrag
318 1799 34 21 till
364 1800 47 20 viss
423 1799 401 26 bostadsförbättringsverksamhet
835 1800 27 20 30
872 1800 41 20 000
922 1800 42 20 000

124 1829 42 23 kr.,
180 1829 36 21 till
230 1829 82 25 bidrag
325 1829 34 20 till
373 1829 135 21 inrättande
521 1835 28 14 av
562 1829 193 25 pensionärshem
769 1830 41 20 100
824 1830 42 24 kr.;
880 1829 85 26 medgi-

124 1865 46 17 ver,
182 1860 34 19 att
226 1859 75 20 under
311 1859 137 25 budgetåret
459 1859 91 20 1954/55
561 1859 76 21 beslut
646 1865 39 14 om
695 1859 81 26 bidrag
786 1860 35 20 till
831 1860 134 20 inrättande

124 1894 29 15 av
162 1889 193 24 pensionärshem
366 1888 37 21 må
413 1889 118 20 meddelas
540 1889 61 20 intill
611 1890 32 19 ett
652 1889 84 25 belopp
745 1896 28 14 av
784 1889 26 20 10
820 1889 41 21 000
871 1889 42 21 000
923 1890 41 23 kr.,

124 1918 94 20 anvisar
227 1918 35 20 till
273 1918 82 25 bidrag
364 1919 35 19 till
409 1919 47 19 viss
466 1919 305 25 upplysningsverksamhet
782 1920 44 19 rör.
836 1919 129 25 byggnads-

123 1948 109 20 tekniska
253 1948 79 25 frågor
354 1948 40 20 100
415 1948 42 24 kr.,
477 1948 35 20 till
533 1948 140 20 lånefonden
693 1948 36 20 för
748 1948 218 26 bostadsbyggande

125 1978 41 20 400
176 1978 42 20 000
228 1978 41 20 000
286 1978 41 23 kr.,
343 1978 124 25 medgiver,
483 1978 33 20 att
531 1978 151 25 preliminära
696 1978 77 20 beslut
787 1983 51 20 ang.
854 1978 46 24 lån,
915 1984 50 15 som

125 2008 60 20 skall
198 2008 55 24 utgå
266 2007 53 20 från
332 2007 141 20 lånefonden
487 2007 36 20 för
535 2007 223 26 bostadsbyggande,
771 2008 38 20 må
822 2008 36 20 för
870 2008 95 25 budget-

125 2037 49 20 året
186 2037 91 20 1954/55
289 2037 117 20 meddelas
416 2037 62 20 intill
489 2038 32 19 ett
531 2037 83 25 belopp
625 2043 28 14 av
663 2037 42 20 550
715 2037 42 20 000
767 2038 41 20 000
819 2038 42 23 kr.,
872 2038 93 20 anvisar

124 2067 35 19 till
173 2066 141 21 lånefonden
327 2066 37 20 för
376 2066 249 25 maskinanskaffning
637 2067 64 20 inom
713 2067 252 25 byggnadsindustrien

113 2096 75 20 4000
198 2096 42 20 000
257 2096 42 24 kr.,
316 2096 35 20 till
367 2096 133 24 tilläggslån
516 2096 35 20 till
567 2096 47 20 viss
631 2096 334 26 bostadsbyggnadsverksam-

989 189 23 20 År

1036 193 52 20 Prop.

1122 169 88 16 Motioner

1275 169 70 16 Utskott

1394 180 57 17 Skriv.

1511 169 91 16 Protokoll

1119 223 29 16 FK
1148 219 27 30 |
1183 223 30 16 AK

1236 221 85 19 SmllAvd|
1346 223 26 16 Nr

1413 210 22 11 nr

1492 223 28 16 FK
1590 223 32 16 AK

989 974 30 22 53]

988 1533 31 22 54

989 1622 30 22 54]

1042 977 42 20 138

1035 1536 50 20 2:11

1035 1624 49 20 2:11

1036 1744 34 19 LT

1037 1778 48 15 57—

1050 1807 22 16 65

1037 1833 50 20 1:26

1040 1867 46 16 1-—2

1037 1893 50 20 1:19

1112 976 42 21 120
1177 977 42 20 1180

1112 1006 40 20 121
1177 1007 43 20 1303

1111 1036 41 20 411
1177 1037 42 20 [305

1104 1066 54 20 -4161
1177 1066 43 21 313

1177 1096 43 21 523

1176 1126 43 20 525

1169 1156 53 20 -530

1111 1536 43 20 286
1176 1536 43 20 1382

1110 1565 44 20 288
1176 1566 43 20 1385

1110 1624 44 21 288
1176 1625 43 20 1382

1126 1743 28 20 86
1157 1739 14 35 |
1177 1744 41 19 127

1112 1773 108 20 1281129

1112 1803 41 20 147
1158 1799 14 35 |
1177 1803 40 20 131

1112 1833 42 20 148
1178 1833 41 21 1140

1111 1863 108 20 2571372

1111 1893 43 20 285
1177 1893 43 20 1378

1111 1923 42 20 287
1177 1923 42 20 1382

1111 1952 44 20 288
1158 1948 15 36 |
1177 1953 43 20 384

1112 1982 40 21 301
1177 1982 43 20 1386

1112 2012 43 20 383
1153 2008 19 35 |
1177 2012 42 20 387

1177 2042 43 20 389

1176 2071 44 20 489

1260 977 13 20 6)
1295 988 26 3 —
1337 977 41 20 153

1260 1739 29 35 6|
1295 1739 34 35 —]
1328 1739 50 35 123

1400 977 44 20 296

1416 1536 29 20 64

1416 1625 29 20 64

1401 1744 43 20 294

1459 978 36 20 22:
1511 977 84 21 72d122:
1611 977 41 20 98d

1475 1537 20 20 6:
1523 1536 29 21 7dl
1576 1536 20 20 6:
1613 1536 40 20 15d

1460 1744 35 20 20:
1512 1744 140 20 19d/20:102d
