1817 2351
171 59 41 21 114

1231 145 91 29 Motioner
1371 144 89 30 Utskott
1505 145 57 36 Skriv.
1624 148 94 16 Protokoll

1097 169 25 20 År
1119 165 16 32 |
1144 173 54 20 Prop.

1523 189 21 11 nr

1226 203 32 15 FK
1263 198 23 30 |
1289 202 34 16 AK
1346 187 85 53 Smi/Avd
1444 198 37 30 Nr
1601 203 32 15 FK
1701 202 33 16 AK

189 239 82 20 Barna-
287 239 36 20 och
340 238 158 27 ungdomsvård.

187 275 33 20 för
232 275 167 20 verksamheten
412 276 58 19 samt
483 275 143 26 bemyndigar
638 275 64 20 KM:t
714 276 35 19 att
761 274 108 21 fastställa
883 274 193 27 personalförteck-

187 305 51 26 ning
252 305 33 20 för
299 306 83 19 statens
396 305 72 20 skolor
483 305 129 20 tillhörande
626 305 78 20 barna-
718 305 40 19 och
773 304 196 27 ungdomsvården;
985 305 39 19 och
1038 310 38 14 an-

187 335 58 20 visar
256 335 43 20 RD
311 335 33 20 till
355 335 128 26 avlöningar
496 335 60 20 1677
565 334 41 20 000
618 335 31 20 kr.
663 335 32 25 (f),
708 334 33 20 till
754 334 155 20 omkostnader
921 335 8 19 1
941 334 41 20 216
990 334 41 20 000
1043 334 31 20 kr.

186 364 27 27 (f)
223 366 58 19 samt
291 364 33 20 till
335 364 204 27 byggnadsarbeten
549 370 29 14 m.
588 370 29 14 m.
630 364 60 20 1573
699 364 42 20 000
751 364 31 20 kr.
794 364 35 26 (r);
841 364 40 20 och
891 364 88 20 anvisar
990 364 41 20 RD
1043 364 33 20 till

186 394 77 27 bidrag
272 394 33 20 till
316 394 80 21 driften
406 400 28 14 av
444 394 47 20 icke
501 394 87 26 statliga
600 394 72 20 skolor
681 394 130 20 tillhörande
821 394 78 20 barna-
910 394 39 20 och
960 394 116 26 ungdoms-

186 424 82 20 vården
280 424 8 20 1
300 424 41 21 300
349 424 41 20 000
400 424 32 20 kr.
443 424 33 26 (f),
487 424 33 20 till
530 424 230 26 fortbildningskurser
769 424 33 20 för
812 424 216 26 befattningshavare
1039 423 37 20 vid

186 454 72 20 skolor
274 454 131 20 tillhörande
422 454 78 20 barna-
517 454 40 20 och
575 454 189 26 ungdomsvården
767 449 41 36 23
807 449 50 36 000
874 454 32 20 kr.
924 453 28 27 (r)
969 455 58 19 samt
1043 453 33 20 till

186 484 76 26 bidrag
273 484 33 20 till
318 484 125 20 inrättande
454 490 28 14 av
493 484 226 26 inackorderingshem
731 483 27 21 80
767 483 41 21 000
819 484 31 20 kr.
863 483 35 27 (r).

1237 542 27 2 —I|
1302 542 27 2 —|
1364 530 61 19 61—]
1464 530 24 20 171
1528 530 27 20 531
1593 530 55 20 8:16
1651 526 27 34 |
1694 530 56 20 8:38

1189 562 10 17 6
1450 562 37 17 s.
1471 558 16 31 2

215 532 18 19 1.
250 531 42 20 RD
306 531 117 27 medgiver,
438 533 35 18 att
486 531 48 20 från
548 531 244 26 reservationsanslaget
805 531 33 20 till
852 532 83 19 statens
949 530 72 21 skolor
1035 530 89 21 till-|48

186 561 96 21 hörande
293 561 77 21 barna-
380 561 40 20 och
431 561 196 26 ungdomsvården:
639 561 204 26 byggnadsarbeten
853 567 29 14 m.
892 567 29 14 m.
932 561 35 20 må
978 560 56 21 intill
1044 562 33 18 ett
1147 567 15 12 öv

186 591 79 27 belopp
275 597 28 14 av
312 591 27 21 85
348 591 41 20 800
398 591 31 20 kr.
440 591 107 20 bestridas
557 591 45 20 dels
611 591 119 20 kostnader
739 591 34 20 för
781 590 194 27 ändringsarbeten
985 591 12 20 å
1006 592 71 18 tvätt-

185 621 150 26 inrättningen
348 621 38 20 vid
399 621 82 20 Lövsta
495 621 98 20 skolhem
608 621 40 19 och
661 620 126 27 yrkesskola
801 620 45 20 dels
860 620 40 20 ock
914 620 94 26 angivna
1022 626 55 14 mer-

185 651 119 20 kostnader
313 650 33 20 för
355 650 135 27 uppförande
500 656 28 15 av
537 650 232 27 personalbostadshus
779 650 37 20 vid
825 650 77 20 Folåsa
912 650 39 20 och
961 650 116 20 Gräskärrs

185 680 105 21 skolhem.

213 710 20 20 2.
250 710 42 20 RD
301 710 117 26 medgiver,
427 711 35 19 att
469 709 33 21 till
510 710 127 26 Bistaborgs
646 710 73 26 yrkes-
727 710 40 19 och
775 709 111 21 hemskola
895 711 58 18 samt
960 709 117 26 Margrete-|
1107 715 9 13 »
1120 705 28 36 |
1166 709 12 19 2
1237 720 27 2 —I
1302 720 26 2 —|
1363 708 61 19 61—]
1464 708 24 20 171
1527 708 26 20 531
1592 708 55 20 8:16
1651 703 23 36 |
1693 708 56 20 8:38

185 740 64 20 lunds
259 739 126 27 yrkesskola
396 740 35 20 må
442 745 29 15 av
482 740 37 20 det
529 740 13 20 å
552 740 119 20 riksstaten
681 740 34 19 för
725 739 131 26 budgetåret
867 739 90 26 1947/48
968 739 108 26 uppförda
1147 741 50 16 8./21
1449 745 15 12 s.
1476 739 11 17 3

185 770 191 26 förslagsanslaget
387 769 33 21 till
433 770 76 26 bidrag
522 769 33 20 till
568 769 80 20 driften
660 775 29 14 av
701 769 47 20 icke
761 769 88 26 statliga
862 769 72 20 skolor
946 769 130 20 tillhörande

185 800 78 20 barna-
278 800 39 20 och
332 799 190 27 ungdomsvården
537 799 52 26 utgå
604 799 77 26 bidrag
695 805 28 14 av
737 799 127 20 statsmedel
878 799 34 20 för
925 799 109 20 täckande
1049 805 27 14 av

186 829 184 21 driftunderskott
382 829 50 20 med
444 835 55 20 resp.
514 829 23 20 11
548 829 41 20 000
602 829 39 20 och
654 829 27 20 60
689 829 41 20 000
742 829 32 20 kr.

213 859 19 20 3.
249 859 42 20 RD
305 859 127 27 godkänner
445 859 80 26 förslag
538 865 36 14 om
587 859 166 26 förstatligande
767 865 28 14 av
809 859 127 26 Bistaborgs
949 858 74 27 yrkes-
1037 858 39 20 och
1107 864 8 12 »
1125 852 20 38 |
1154 858 38 19 1:7.
1206 852 15 38 |
1237 869 27 2 —|
1302 868 27 3 —]
1364 857 61 19 61—]
1448 856 40 20 2091
1513 856 120 21 408127:5
1679 856 33 21 127:
1717 852 10 38 5

185 889 111 20 hemskola
305 890 58 19 samt
370 895 29 14 av
407 889 167 20 verksamheten
582 888 37 21 vid
628 888 213 21 Skarvik-Tallåsens
849 888 98 20 skolhem
956 888 39 20 och
1003 888 74 26 yrkes-
1144 891 20 19 pt
1174 889 31 21 36,

185 919 60 20 skola
258 921 104 18 ävensom
375 920 41 19 rör.
430 919 184 26 omorganisation
627 924 29 14 av
668 918 127 26 Bistaborgs
809 918 40 20 och
862 918 128 26 Sonestorps
1003 918 74 26 yrkes-
1140 919 31 21 37,
1182 919 25 17 39

185 949 40 20 och
236 949 129 23 hemskolor,
376 948 120 26 Lingatans
507 949 39 19 och
558 948 212 20 Skarvik-Tallåsens
781 948 97 20 skolhem
889 948 40 20 och
939 947 138 27 yrkesskolor
1152 947 40 20 214

185 980 58 19 samt
253 978 77 21 Folåsa
341 978 104 24 skolhem;
457 978 40 20 och
507 978 127 26 godkänner
644 978 42 20 RD
697 978 161 26 avlöningsstat
867 978 34 19 för
910 979 84 18 statens
1005 977 72 20 skolor

185 1008 132 20 tillhörande
338 1008 77 20 barna-
437 1008 39 20 och
498 1008 190 26 ungdomsvården
709 1009 58 18 samt
788 1008 87 20 anvisar
896 1007 32 20 till
949 1007 128 26 avlöningar

185 1038 13 20 2
207 1038 41 20 234
257 1038 40 20 700
307 1038 32 20 kr.
350 1038 26 26 (f)
388 1038 39 20 och
437 1037 33 21 till
481 1037 155 20 omkostnader
647 1038 9 19 1
667 1037 40 20 445
716 1037 41 20 000
767 1037 32 20 kr.
811 1037 32 25 (f);
855 1037 40 19 och
905 1037 111 25 medgiver
1026 1037 49 23 RD,

185 1069 35 19 att
235 1068 48 19 från
299 1067 244 26 reservationsanslaget
559 1066 32 20 till
608 1068 83 18 statens
708 1066 72 20 skolor
795 1066 131 20 tillhörande
942 1066 78 20 barna-
1036 1066 39 19 och

185 1097 198 26 ungdomsvården:
397 1096 203 27 byggnadsarbeten
613 1102 28 14 m.
652 1102 28 14 m.
693 1096 36 20 må
741 1096 57 20 intill
810 1097 33 19 ett
855 1096 78 26 belopp
946 1101 29 15 av
988 1095 39 20 130
1036 1095 41 20 800

185 1127 31 20 kr,
227 1126 107 20 bestridas
343 1126 69 20 under
421 1126 71 26 punkt
501 1126 34 20 3:0
544 1126 7 20 i
560 1125 240 27 statsrådsprotokollet
809 1125 94 26 angivna
912 1125 165 20 merkostnader

185 1156 34 20 för
231 1156 91 26 tidigare
336 1156 113 20 beslutade
463 1156 204 26 byggnadsarbeten
680 1155 38 20 vid
732 1152 64 23 Östra
811 1155 82 26 Spångs
907 1155 40 20 och
960 1155 117 20 Hammar-

185 1186 91 26 gårdens
290 1185 97 21 skolhem
400 1187 58 18 samt
471 1185 115 26 Långanäs
598 1185 126 26 yrkesskola
737 1187 58 18 samt
808 1185 88 20 anvisar
908 1184 33 20 till
955 1184 76 26 bidrag
1043 1184 33 20 till

186 1215 79 20 driften
283 1221 28 14 av
328 1215 46 20 icke
392 1215 88 26 statliga
497 1215 72 20 skolor
585 1215 130 20 tillhörande
733 1215 78 19 barna-
828 1215 39 19 och
886 1214 189 26 ungdomsvården

186 1244 61 21 1200
256 1245 41 20 000
308 1245 32 20 kr.
353 1245 33 26 (f).

213 1286 43 20 RD
268 1286 89 20 anvisar
368 1286 33 20 till
413 1286 66 26 inköp
492 1292 28 14 av
532 1286 127 26 Bistaborgs
672 1285 235 26 ungdomsvårdsskola
920 1286 12 19 å
945 1285 131 26 tilläggsstat
1152 1284 40 20 303
1202 1278 27 36 |
1237 1295 27 2 —|
1301 1295 28 3 —J]
1364 1283 60 19 6|—]1
1448 1282 185 21 2331454136:6
1680 1283 55 20 136:8

187 1316 8 20 I
207 1316 41 20 300
256 1316 41 20 000
308 1316 31 20 kr.
352 1316 34 26 (r).
1099 1314 69 20 Hl:
1178 1309 10 36 5

215 1364 17 20 1.
250 1364 41 19 RD
302 1363 117 27 medgiver,
430 1365 35 18 att
474 1369 28 14 av
512 1363 174 26 behållningen
663 1358 23 36 å
697 1362 243 27 reservationsanslaget
950 1362 32 20 till
992 1364 84 18 statens
1079 1358 14 36 |
1096 1362 28 19 49]
1166 1362 12 19 2
1237 1372 27 3 —I
1301 1372 28 3 —1I
1364 1360 61 20 61—]
1464 1361 24 19 171
1530 1360 24 20 181
1593 1361 55 19 5:59
1650 1356 28 35 |
1694 1360 19 20 5:
1725 1362 24 18 79

185 1393 72 20 skolor
273 1393 131 21 tillhörande
421 1393 77 20 barna-
515 1393 39 20 och
572 1393 196 26 ungdomsvården:
787 1393 204 26 byggnadsarbeten
1007 1398 68 14 m.m.
1148 1398 14 12 s.
1176 1393 23 17 18

185 1425 34 18 ett
233 1423 80 26 belopp
327 1429 28 14 av
368 1423 27 20 70
404 1422 41 21 000
457 1423 32 20 kr.
503 1423 36 20 må
552 1423 114 20 användas
679 1422 33 20 till
725 1422 351 26 bestridandeav
891 1418 19 35 i
913 1422 163 26 statsrådspro-

185 1453 92 20 tokollet
290 1455 52 18 över
354 1452 161 21 socialärenden
528 1452 34 20 för
575 1452 41 20 den
629 1452 12 20 3
654 1452 44 26 jan.
714 1452 53 20 1949
780 1452 94 26 angivna
888 1452 119 20 kostnader
1019 1453 57 18 samt

185 1483 88 20 anvisar
284 1482 33 20 till
330 1484 84 18 statens
427 1482 72 20 skolor
512 1482 130 20 tillhörande
655 1482 78 20 barna-
746 1482 39 20 och
799 1481 197 27 ungdomsvården:
1010 1481 67 26 bygg-

185 1512 146 20 nadsarbeten
342 1518 29 14 m.
381 1518 29 14 m.
422 1512 12 20 å
446 1512 132 26 tilläggsstat
591 1512 21 19 II
624 1512 24 19 51
659 1511 41 20 000
712 1512 31 19 kr.
756 1511 34 26 (r).

212 1542 19 20 2.
249 1542 42 19 RD
302 1541 127 27 godkänner
438 1541 79 20 mellan
528 1543 175 24 representanter
712 1541 34 20 för
757 1541 63 20 KM:t
830 1543 58 18 samt
898 1541 103 20 städerna
1012 1540 65 20 Göte-]|
1107 1546 8 13 »
1124 1534 30 38 |
1166 1539 26 20 85
1200 1534 25 38 |
1237 1550 27 2 —I
1302 1550 27 2 —I
1364 1538 12 20 6
1398 1550 27 2 |—]|
1451 1538 38 20 1701
1513 1538 97 20 286119:
1622 1540 25 17 28
1656 1534 15 38 |
1681 1538 66 20 19:32

185 1572 53 25 borg
248 1572 40 19 och
299 1571 127 21 Stockholm
436 1571 108 26 ingångna
555 1571 61 20 avtal
627 1573 40 18 rör.
680 1571 44 20 dels
734 1572 84 18 statens
829 1570 147 26 övertagande
988 1576 37 20 per
1035 1570 41 20 den

187 1602 8 19 1
212 1601 40 26 juli
271 1601 53 20 1949
334 1607 28 14 av
369 1601 42 20 den
418 1601 103 20 städerna
528 1600 67 27 enligt
602 1601 27 19 43
637 1601 29 24 $2
673 1606 66 14 mom.
748 1600 199 26 barnavårdslagen
963 1600 114 26 åliggande

185 1630 403 26 ungdomsvårdsskoleverksamheten
604 1631 40 19 och
660 1630 166 26 förstatligande
842 1630 6 19 i
864 1630 107 20 samband
988 1629 89 20 därmed

184 1666 28 14 av
223 1660 74 20 Eknäs
307 1660 74 27 yrkes-
391 1660 40 20 och
441 1660 111 20 hemskola
563 1661 57 19 samt
631 1660 108 26 Fagareds
749 1660 40 19 och
799 1659 120 27 Lingatans
929 1659 97 20 skolhem
1037 1659 40 20 och

184 1690 137 26 yrkesskolor
336 1692 104 18 ävensom
456 1690 74 26 övriga
545 1690 90 20 därmed
651 1689 216 26 sammanhängande
882 1689 78 26 frågor,
977 1688 45 21 dels
1037 1688 40 20 ock

184 1720 88 20 förvärv
284 1726 29 14 av
325 1719 132 26 fastigheten
470 1720 97 25 Fagared
582 1720 27 22 18;
623 1720 40 19 och
676 1719 95 20 besluter
783 1719 42 20 RD
838 1719 58 20 vissa
908 1718 151 26 förändringar
1071 1718 6 20 i

184 1749 265 27 personalförteckningen
460 1749 34 20 för
504 1751 84 18 statens
599 1749 72 20 skolor
681 1749 130 20 tillhörande
822 1749 78 20 barna-
911 1749 39 19 och
962 1748 116 26 ungdoms-

184 1779 89 24 vården;
288 1779 40 20 och
342 1779 127 26 godkänner
484 1779 42 20 RD
541 1779 161 26 avlöningsstat
716 1779 33 19 för
763 1780 84 18 statens
861 1778 72 20 skolor
946 1778 131 20 tillhörande

184 1809 78 20 barna-
276 1809 40 20 och
332 1809 190 26 ungdomsvården
539 1810 58 18 samt
611 1809 88 19 anvisar
713 1808 33 20 till
762 1809 83 19 statens
860 1808 72 20 skolor
947 1807 130 21 tillhörande

184 1839 77 20 barna-
273 1839 40 19 och
326 1839 197 25 ungdomsvården:
536 1838 33 20 till
581 1838 128 26 avlöningar
721 1838 12 20 2
743 1838 40 20 690
792 1837 41 21 000
845 1838 31 20 kr.
890 1837 33 26 (f),
937 1837 32 20 till
981 1837 96 20 omkost-

183 1868 68 20 nader
263 1869 13 19 2
284 1862 41 37 000
324 1862 50 37 000
388 1868 32 20 kr.
435 1868 26 26 (f)
474 1869 58 19 samt
546 1868 32 19 till
592 1868 204 26 byggnadsarbeten
810 1873 28 14 m.
848 1873 29 14 m.
891 1867 41 20 567
942 1866 40 21 700
995 1867 31 20 kr.
1041 1866 34 27 (r),

183 1898 33 20 till
228 1898 76 26 bidrag
316 1897 33 21 till
362 1898 80 20 driften
454 1904 28 13 av
495 1898 46 19 icke
553 1897 89 26 statliga
654 1897 73 20 skolor
738 1897 131 20 tillhörande
881 1897 78 20 barna-
971 1897 40 19 och
1024 1901 53 22 ung-

183 1928 145 20 domsvården
344 1927 40 21 746
386 1922 49 35 000
450 1928 31 19 kr.
498 1927 26 26 (f)
540 1929 58 18 samt
613 1927 33 20 till
662 1927 206 25 fortbildningskurs
884 1926 33 20 för
933 1926 143 26 befattnings-

183 1957 80 20 havare
290 1957 130 20 tillhörande
447 1957 78 20 barna-
548 1957 40 19 och
611 1957 190 25 ungdomsvården
825 1956 26 20 10
859 1956 41 20 200
922 1956 32 20 kr.
978 1956 34 26 (r);
1036 1956 40 19 och

182 1987 127 26 godkänner
329 1987 42 19 RD
390 1987 117 25 ändringar
522 1993 28 13 av
566 1987 123 25 grunderna
705 1986 33 20 för
752 1986 134 25 statsbidrag
902 1985 32 20 till
950 1985 126 20 inackorde-

182 2017 115 25 ringshem.

212 2058 17 20 1.
247 2058 42 20 RD
297 2058 88 20 anvisar
393 2058 32 19 till
433 2059 84 19 statens
525 2057 73 20 skolor
605 2057 130 20 tillhörande
744 2057 77 20 barna-
830 2057 39 19 och
878 2056 196 26 ungdomsvården:
1076 2051 19 36 |
1096 2055 27 20 50]
1165 2055 13 20 2
1236 2066 28 3 —)|
1302 2066 26 2 —I
1363 2055 61 19 6!|—]|
1464 2054 25 20 16

183 2088 204 26 byggnadsarbeten
401 2093 28 14 m.
440 2093 28 14 m.
482 2088 12 19 å
507 2087 132 26 tilläggsstat
654 2087 21 20 II
688 2087 26 20 52
723 2087 41 19 000
777 2087 31 19 kr.
822 2087 34 26 (r).
1153 2087 36 17 8.9
1479 2088 6 15 id

1176 563 7 16 PEN

1095 1284 13 20 PS

1111 1284 12 20 S

1527 2054 13 20 ND

1542 2054 11 20 3

1592 2055 18 20 6:
1622 2056 8 17 8
1693 2054 40 20 67
