1857 2361
823 165 136 15 SAKREGISTER

86 432 1 32 |
106 438 138 37 Ersättning.

86 474 31 26 17

109 1280 9 15 6

88 1766 1 3 |
110 1770 9 15 8

1649 160 42 20 443

976 257 22 145 1YSBEPSAIA

1034 304 17 105 T9S[9ALIYS
1033 244 18 48 199

1053 374 17 55 "doad
1048 323 31 54 syfte
1052 227 23 55 uns

1249 251 93 18 Utskotts-

1237 281 111 18 utlåtanden

1213 311 46 18 eller
1272 311 97 18 memorial

1414 234 53 17 Riks-

1404 264 73 22 dagens

1418 294 46 17 skri-

1411 323 62 18 velser

1533 260 117 28 Kamrarnas
1689 221 2 63 |

1519 293 144 23 förhandlingar

1360 380 18 45 BPpIS

1414 389 17 28 IN

1462 380 17 45 vpIs

1508 378 66 17 Första
1588 378 2 25 |
1608 377 65 18 Andra

1504 398 70 31 kamm.
1589 404 1 33 |
1605 402 70 17 kamm.

136 474 37 20 RD
188 473 123 26 godkänner
328 473 79 21 mellan
424 473 61 20 KM:t
498 473 40 20 och
550 473 82 20 kronan
643 479 76 19 genom
731 472 213 27 kasernkommittén,

150 505 13 19 å
178 511 40 13 ena
241 503 68 25 sidan,
334 505 57 19 samt
413 503 134 26 Jönköpings
571 502 54 25 stad,
642 503 12 20 å
670 503 67 20 andra
756 502 68 26 sidan,
840 503 105 26 ingången

151 533 125 28 preliminär
291 533 213 21 överenskommelse.

136 605 37 20 RD
190 605 123 26 godkänner
328 604 80 21 mellan
425 604 61 20 KM:t
500 604 40 20 och
551 604 82 20 kronan
644 610 76 20 genom
732 604 213 26 kasernkommittén,

151 636 12 19 å
178 642 41 13 ena
234 634 68 24 sidan,
319 636 56 19 samt
391 634 64 21 Borås
471 634 55 26 stad,
543 634 12 20 å
570 633 67 21 andra
653 633 68 26 sidan,
738 634 104 26 ingången
854 634 91 27 prelimi-

152 667 38 18 när
205 664 213 21 överenskommelse.

137 737 37 20 RD
189 736 124 26 godkänner
328 736 80 20 mellan
424 735 61 21 KM:t
501 736 39 20 och
552 735 80 20 kronan
644 741 77 19 genom
733 735 212 25 kasernkommittén,

151 767 13 20 å
180 773 40 13 ena
244 766 68 26 sidan,
337 768 56 18 samt
416 765 74 20 staden
515 765 107 25 Karlstad,
639 765 12 20 å
667 764 66 21 andra
752 765 68 25 sidan,
840 766 106 26 ingången

152 796 123 26 preliminär
291 795 215 21 överenskommelse.

136 862 37 20 RD
189 861 123 26 godkänner
328 861 79 20 mellan
424 861 61 20 KM:t
501 861 39 20 och
552 861 82 20 kronan
645 867 76 19 genom
733 861 213 27 kasernkommittén,

151 892 11 20 å
179 898 40 14 ena
234 891 68 25 sidan,
319 893 57 19 samt
393 891 115 26 Strängnäs
524 890 54 25 stad,
596 891 11 20 å
624 890 65 21 andra
706 890 68 27 sidan,
785 891 105 26 ingången
902 898 43 20 pre-

151 922 86 20 liminär
253 921 213 21 överenskommelse.

136 988 37 20 RD
190 987 123 26 godkänner
329 987 79 20 mellan
425 987 61 20 KM:t
502 987 39 20 och
552 986 81 21 kronan
645 993 77 19 genom
733 986 212 27 kasernkommittén,

151 1018 12 20 å
179 1024 40 13 ena
242 1017 68 24 sidan,
334 1018 57 19 samt
414 1016 80 21 Malmö
514 1016 53 24 stad,
584 1017 12 19 å
612 1016 67 21 andra
697 1016 68 25 sidan,
782 1017 103 26 ingången
902 1024 43 20 pre-

152 1047 87 20 liminär
254 1047 213 20 överenskommelse.

136 1113 82 20 Motion
237 1119 35 14 om
292 1112 115 26 utredning
426 1112 39 20 och
481 1112 79 26 förslag
575 1119 47 19 ang.
639 1113 117 25 ersättning
772 1112 32 21 till
821 1112 126 22 Badelunda

152 1143 104 20 kommun
273 1143 7 19 i
297 1142 167 21 Västmanlands
484 1142 35 20 län
538 1142 33 20 för
590 1142 41 20 den
651 1142 147 21 skatteförlust
814 1142 132 21 kommunen

152 1172 48 21 lidit
224 1179 76 19 genom
324 1171 129 26 avsöndring
476 1179 26 13 av
521 1178 26 14 en
564 1171 33 21 del
614 1178 26 14 av
656 1172 77 20 Hesslö
749 1172 146 20 kronodomän
912 1173 34 20 till

152 1202 84 27 flygfält
252 1202 75 20 avslås.

137 1274 37 20 RD
191 1274 115 25 medgiver,
324 1275 31 18 att
372 1273 60 20 KM:t
448 1273 35 20 må
499 1273 33 20 till
550 1272 134 21 bestridande
701 1280 25 13 av
742 1273 56 20 vissa
814 1273 7 20 i
838 1274 106 20 statsråds-

152 1304 128 27 protokollet
289 1305 49 18 över
346 1302 337 27 justitiedepartementsärenden
692 1303 41 20 den
744 1302 26 21 14
777 1303 52 20 febr.
839 1303 56 20 1930
903 1310 42 14 om-

152 1334 100 20 förmälta
268 1333 141 26 ersättningar
422 1340 26 13 av
459 1333 36 20 det
506 1333 6 20 i
525 1333 103 20 rikstaten
639 1333 32 20 för
682 1333 125 26 budgetåret
819 1332 126 28 1929/1930

152 1363 106 27 uppförda
273 1363 186 26 förslagsanslaget
474 1362 33 21 till
523 1362 137 21 oförutsedda
677 1363 87 25 utgifter
777 1365 48 24 taga
836 1363 6 20 i
854 1364 91 26 anspråk

152 1395 30 19 ett
198 1393 78 27 belopp
293 1400 26 13 av
336 1393 11 19 5
359 1392 41 21 724
417 1393 30 20 kr.
467 1392 26 21 76
510 1394 40 19 öre.

138 1460 37 20 RD
190 1459 124 26 godkänner
330 1458 79 20 mellan
426 1458 62 20 KM:t
503 1458 39 20 och
553 1458 82 20 kronan
646 1465 76 19 genom
733 1458 212 25 kasernkommittén,

152 1490 13 19 å
181 1496 39 14 ena
236 1489 68 24 sidan,
321 1490 57 19 samt
394 1488 75 21 staden
485 1488 150 25 Kristianstad,
653 1489 11 19 å
681 1488 65 21 andra
762 1488 68 24 sidan,
841 1488 104 27 ingången

153 1519 124 26 preliminär
300 1518 216 24 överenskommelse;
542 1518 39 20 och
606 1518 108 26 medgiver
732 1519 44 24 RD,
793 1520 31 18 att
840 1518 41 21 den
897 1521 48 22 rätt,

153 1549 81 21 kronan
254 1549 35 20 må
308 1550 39 24 äga
366 1548 33 20 till
415 1548 41 20 den
473 1548 67 24 mark,
557 1555 45 13 som
620 1548 66 26 enligt
701 1548 71 20 KMt:s
789 1548 69 20 beslut
875 1548 41 21 den
933 1549 13 20 4

153 1579 43 26 maj
213 1578 56 21 1833
281 1585 26 14 av
320 1578 155 20 Kristianstads
486 1577 64 21 stads-
562 1578 40 20 och
613 1578 260 26 garnisonsförsamlingar
883 1579 62 25 tagits

153 1609 6 20 i
176 1609 54 20 bruk
247 1609 32 19 för
294 1608 204 26 begravningsplats,
515 1609 52 19 utan
583 1607 98 27 vederlag
697 1608 103 20 överlåtes
815 1609 13 19 å
843 1608 101 20 Kristian-

152 1638 58 21 stads
233 1638 184 25 stadsförsamling
440 1639 101 19 ävensom
561 1639 31 19 att
608 1638 81 20 kronan
705 1639 87 25 avsäger
807 1638 32 26 sig
854 1639 91 26 anspråk

153 1669 27 26 på
196 1668 104 26 vederlag,
318 1668 6 20 i
341 1668 41 20 den
398 1668 51 20 mån
466 1667 76 21 sådant
558 1668 19 26 ej
594 1668 35 19 må
645 1668 55 20 hava
716 1668 75 26 utgått,
808 1668 33 20 för
856 1667 41 21 den
913 1675 31 19 ge-

152 1705 50 14 nom
219 1698 94 20 nämnda
329 1697 71 21 beslut
415 1697 75 27 gjorda
506 1697 134 27 upplåtelsen
656 1704 26 14 av
698 1704 83 14 samma
796 1697 67 21 mark,

137 1765 38 20 RD
190 1764 124 26 godkänner
330 1763 79 21 mellan
426 1764 59 20 KM:t
501 1764 39 19 och
552 1763 81 20 kronan
644 1770 76 19 genom
732 1763 213 27 kasernkommittén,

153 1795 12 19 å
176 1801 40 14 ena
226 1794 69 24 sidan,
306 1795 56 19 samt
374 1794 118 20 Vaxholms
501 1793 54 26 stad,
565 1794 12 20 å
588 1793 65 21 andra
662 1793 67 24 sidan,
738 1794 106 26 ingången
853 1794 92 26 prelimi-

152 1826 47 19 närt
219 1824 63 24 avtal,
302 1824 55 20 dock
373 1824 49 20 med
439 1824 25 20 de
481 1823 113 26 ändringar
610 1823 131 21 beträffande
757 1823 28 26 $$
804 1823 17 24 1,
840 1823 19 25 3,
877 1824 11 20 9
906 1824 39 20 och

153 1854 26 20 13
196 1854 40 21 och
252 1853 49 21 med
318 1853 36 21 det
370 1854 73 26 tillägg
458 1854 20 26 ($
496 1853 42 26 23),
555 1860 46 14 som
617 1860 26 14 av
659 1854 221 26 departemetschefen
893 1854 52 20 före-

152 1884 82 26 slagits;
252 1884 39 20 och
308 1884 109 26 medgiver
432 1884 44 24 RD,
494 1885 31 19 att
536 1883 33 21 till
581 1883 119 21 Vaxholms
711 1883 125 27 församling
847 1884 36 20 må
893 1885 51 19 utan

152 1914 117 26 ersättning
285 1914 104 20 överlåtas
405 1914 151 26 äganderätten
572 1913 34 20 till
622 1925 28 2 —
666 1914 93 20 förutom
776 1913 25 21 de
818 1914 6 19 i
842 1913 56 21 1912
912 1914 33 20 års

152 1944 55 20 RD:s
223 1944 71 20 beslut
311 1944 93 20 avsedda
420 1943 115 21 områdena
551 1944 32 19 för
594 1943 68 26 kyrka
673 1944 39 20 och
723 1943 119 27 kyrkogård
854 1955 28 3 —-
892 1945 53 19 även

152 1973 41 21 den
209 1974 33 20 för
257 1973 225 27 kyrkoherdeboställe
498 1973 141 26 disponerade
655 1973 67 25 mark,
735 1980 52 18 som,
799 1974 7 19 i
817 1973 69 21 likhet
896 1974 50 20 med

152 2003 65 26 sagda
237 2004 33 20 för
288 2003 68 27 kyrka
375 2004 39 20 och
433 2003 120 27 kyrkogård
570 2003 97 21 använda
683 2003 109 25 områden,
809 2004 12 19 å
837 2003 109 21 statsråds-

151 2033 128 26 protokollet
302 2033 113 26 vidfogade
439 2033 49 20 med
512 2033 41 20 litt.
572 2033 23 20 A.
617 2033 130 20 betecknade
764 2033 59 20 karta
839 2033 107 20 utmärkts

151 2063 50 21 med
217 2063 35 20 blå
268 2064 51 25 färg.

960 473 56 21 1929

960 604 58 22 1930

1032 474 54 20 2211

1040 1274 27 21 80

1302 1459 27 20 86

1402 475 41 20 296

1417 737 26 20 52

1417 862 31 34 53/

1417 987 27 21 64

1417 1274 32 20 66/

1403 1458 46 22 148)

1501 471 33 34 36:
1546 440 44 69 200,
1601 471 33 34 43:
1647 472 44 45 121]

1589 507 1 13 I

1690 532 2 22 |

1510 606 80 31 10:43
1579 602 15 39 |
1611 606 66 21 11:57

1509 737 133 21 10:48:11:
1653 742 25 16 87

1510 862 31 21 10:
1553 868 24 16 43
1578 858 22 34 |
1611 862 67 21 11:57

1510 988 66 21 14:31

1511 1110 31 34 14:
1545 1110 32 34 32
1632 1114 54 20 :87d

1510 1274 32 21 14:

1639 1768 3 12 :
1655 1757 36 27 86
1676 1753 16 41 |
