1848 2359
73 436 198 28 Dyrtidstillägg.

811 156 135 16 SAKREGISTER

1636 152 38 21 381

541 211 16 2 SS
767 211 35 2 RER
939 212 2 19 I

962 250 21 145 18S3EPSYIY

1019 296 18 105 J9S[9ALLYS
1019 237 17 47 199

1038 367 17 54 ”doad
1039 295 22 65 sy:fen
1038 220 22 70 uns

1077 274 94 17 Motioner

1224 240 104 31 Utskotts-
1376 215 2 49 |

1222 274 111 18 utlåtanden

1199 304 45 17 eller
1258 304 98 18 memorial

1218 353 129 14 Are

1218 371 43 9 el

1236 370 25 43 Zz]
1325 393 1 12 |
1346 373 17 31 =

1219 406 18 23 Ja
1325 406 33 23 (SS

1400 226 52 18 Riks-

1390 256 73 23 dagens

1405 286 45 18 skri-

1397 316 62 18 velser

1519 253 117 31 Kamrarnas
1675 248 2 33 |

1504 287 145 22 förhandlingar

1593 371 66 18 Andra

1591 396 69 17 kamm.

1493 371 67 17 Första

1490 395 70 18 kamm.

137 467 79 21 månad
232 468 22 20 år
271 467 56 21 1926
344 468 92 25 uppnått
452 474 26 13 en
495 466 147 21 levnadsålder
658 473 25 14 av
701 466 26 20 60
744 467 23 19 år
782 466 52 20 eller
844 466 87 21 däröver

137 498 84 20 anvisas
244 498 33 20 för
300 497 125 26 budgetåret
449 495 124 29 1926/1927
599 498 30 19 ett
651 498 60 19 extra
726 496 164 26 förslagsanslag
905 489 36 32 av
929 485 6 41 |

139 527 63 21 1300
211 527 42 21 000
277 527 38 24 kr.;
340 527 38 20 och
402 527 104 20 förklarar
522 527 44 25 RD,
583 528 31 19 att
629 526 180 27 dyrtidstillägget
824 526 33 20 till
873 526 58 27 varje

137 557 60 27 dylik
221 557 36 21 vid
280 558 104 25 ingången
408 564 25 13 av
449 557 41 26 juli
514 556 79 21 månad
614 557 23 19 år
654 555 56 21 1926
727 556 32 20 till
776 556 88 26 pension
880 556 61 25 eller
928 551 10 37 |

136 587 89 20 därmed
248 587 118 26 jämförligt
388 586 114 21 understöd
527 586 46 20 från
595 585 132 26 statsverket,
747 584 194 22 statsunderstödd
925 580 15 37 |

137 617 219 27 pensionsinrättning
375 616 51 20 eller
445 616 108 20 Vadstena
572 616 224 26 krigsmanshuskassa
813 614 128 32 berättigad
925 610 16 40 |

136 647 15 20 f.
169 647 19 20 d.
207 647 207 26 befattningshavare
438 646 55 20 skall
516 647 51 25 utgå
590 645 49 21 med
659 647 29 19 ett
704 645 78 27 belopp
798 652 25 14 av
841 645 41 20 150
905 645 35 53 ad

137 677 39 20 och
200 676 114 26 medgives,
339 678 30 19 att
393 676 179 27 dyrtidstillägget
595 676 36 20 må
654 675 33 21 till
706 675 157 21 vederbörande
878 675 15 20 f.
911 675 19 20 d.

137 707 207 26 befattningshavare
368 706 57 24 eller,
449 713 35 14 om
509 706 42 20 han
569 706 68 20 under
652 705 59 21 tiden
729 705 10 20 1
756 705 41 27 juli
815 700 125 32 1916—30
923 696 16 42 |

135 737 48 25 juni
201 736 55 21 1927
274 736 81 24 avlidit,
372 736 33 20 till
421 737 54 19 hans
491 736 99 20 stärbhus
607 736 26 25 på
650 742 25 14 en
691 736 54 25 gång
755 735 105 21 utbetalas
871 736 6 19 i
889 735 51 24 den
925 731 14 35 |

136 766 95 26 ordning,
249 773 44 14 som
312 773 25 14 av
353 766 60 20 KM:t
431 766 135 21 bestämmes.

71 830 1 18 |
93 837 8 14 4
120 832 40 20 För
185 832 118 21 beredande
327 839 25 13 av
377 832 158 27 dyrtidstillägg
558 835 19 17 åt
596 832 55 20 vissa
667 834 58 18 extra
742 820 183 42 provinsialläkare
938 824 2 21 |

71 1310 1 12 |
93 1315 9 15 6
121 1310 41 21 För
182 1311 135 20 bestridande
333 1318 26 13 av
375 1310 143 21 kostnaderna
534 1311 32 19 för
582 1310 158 26 dyrtidstillägg
755 1310 22 20 åt
794 1310 136 25 befattnings-

135 863 84 20 anvisas
243 863 32 20 för
299 862 123 26 budgetåret
448 861 125 28 1926/1927
599 864 30 18 ett
651 864 58 17 extra
726 861 163 26 förslagsanslag
904 868 36 17 av
925 857 14 36 |

135 892 65 20 4000
217 892 30 20 kr.

939 924 1 20 |

92 958 10 14 5
121 952 36 20 RD
176 952 93 20 besluter
287 952 91 26 ändring
397 952 5 20 i
420 952 189 20 bestämmelserna
625 958 45 18 ang.
688 951 157 26 dyrtidstillägg
860 951 22 20 åt
897 951 25 20 be
929 949 11 37 |

134 982 182 26 fattningshavare
328 982 6 19 i
346 984 79 18 statens
440 982 65 26 tjänst
520 983 31 19 att
565 981 64 20 lända
639 981 33 20 till
683 980 138 21 efterrättelse
832 981 25 20 fr.
870 987 18 14 o.
900 987 28 13 m.
939 989 1 5 |

135 1011 41 21 den
197 1011 10 21 1
228 1012 40 26 juli
287 1011 66 24 1926;
373 1012 39 20 och
429 1011 93 21 besluter
538 1011 44 25 RD,
599 1013 31 18 att
646 1010 157 27 dyrtidstillägg
818 1011 22 20 åt
855 1010 74 21 befatt-

136 1042 140 25 ningshavare
298 1042 39 20 och
358 1042 135 26 pensionärer
509 1040 35 22 vid
561 1041 128 26 postverket,
706 1040 167 26 telegrafverket,
891 1043 38 18 sta-

136 1074 46 17 tens
201 1072 112 26 järnvägar
332 1072 39 20 och
390 1073 79 19 statens
486 1070 174 22 vattenfallsverk
676 1071 51 20 eller
742 1070 36 21 vid
794 1077 26 14 av
836 1070 93 20 nämnda

135 1102 51 20 verk
207 1103 113 24 övertagna
336 1101 81 26 företag
433 1101 51 20 eller
497 1101 141 26 inrättningar
648 1100 61 21 skola
724 1101 51 26 utgå
786 1107 25 14 av
823 1100 26 20 de
860 1100 70 20 medel

135 1138 26 14 av
177 1131 58 20 vilka
251 1131 84 21 verkets
351 1131 52 21 eller
418 1131 160 21 institutionens
595 1130 151 21 omkostnader
761 1131 7 19 i
779 1130 68 26 övrigt
858 1130 71 20 bestri-

136 1161 44 24 das,
197 1163 56 19 samt
269 1163 38 25 att,
324 1161 38 20 där
378 1161 158 21 arbetslönerna
552 1160 35 22 vid
604 1161 84 20 arméns
703 1160 39 21 och
753 1160 108 20 marinens
872 1159 57 22 verk-

135 1190 71 21 städer
219 1191 39 20 och
269 1191 95 20 fabriker
375 1191 49 20 med
435 1191 51 20 flera
496 1190 152 27 anläggningar
659 1192 35 19 äro
705 1190 121 27 uppdelade
836 1190 6 20 i
854 1190 75 25 grund-
927 1186 9 35 |

135 1220 60 21 löner
213 1221 39 20 och
272 1221 163 26 dyrtidstillägg,
455 1220 143 21 kostnaderna
616 1221 34 20 för
668 1220 183 27 dyrtidstilläggen
871 1220 59 20 skola

136 1250 104 21 bestridas
256 1251 47 20 från
319 1251 158 20 vederbörande
493 1250 131 21 underhålls-
641 1250 51 21 eller
703 1250 226 26 anskaffningsanslag.

136 1340 77 21 havare
229 1341 7 20 i
248 1342 80 19 statens
339 1341 68 27 tjänst
417 1341 84 20 anvisas
513 1340 32 20 för
556 1340 125 26 budgetåret
693 1338 125 29 1926/1927
831 1341 30 19 ett
871 1341 69 28 extra
926 1334 11 39 |

135 1370 166 27 förslagsanslag
316 1378 26 13 av
360 1370 41 21 170
411 1370 43 21 000
471 1370 30 20 kr.

122 1430 35 20 RD
180 1430 114 26 medgiver,
319 1432 31 19 att
374 1430 68 20 under
461 1430 58 20 tiden
538 1430 9 19 1
565 1429 41 27 juli
628 1429 114 20 1926—530
758 1429 47 26 juni
824 1428 54 21 1927
896 1430 34 19 må

136 1460 32 20 till
191 1460 234 26 lantbruksingenjörer
444 1460 39 20 och
503 1462 59 18 extra
580 1459 232 26 lantbruksingenjörer
831 1460 99 19 ävensom

135 1489 33 20 till
184 1490 259 26 lantbruksstipendiater,
460 1489 58 21 vilka
530 1489 111 20 förordnas
652 1491 31 18 att
693 1489 7 20 i
711 1489 220 25 lantbruksingenjörs

136 1519 60 20 ställe
216 1520 69 20 utföra
302 1520 134 25 förrättning,
453 1520 33 19 för
502 1519 41 20 den
560 1519 31 20 tid
606 1518 153 21 förordnandet
775 1525 66 17 varar,
858 1515 83 24 utöver
926 1511 16 39 |

136 1548 157 27 dyrtidstillägg
308 1551 28 24 på
351 1549 69 26 grund
437 1556 26 14 av
479 1549 35 20 lön
531 1549 52 20 eller
599 1548 83 25 arvode,
699 1555 26 14 av
741 1548 124 21 statsmedel
881 1549 50 25 utgå

136 1578 91 21 tillskott
250 1579 71 21 därtill
346 1580 26 26 på
397 1579 68 26 grund
481 1586 26 13 av
523 1579 118 20 inkomster
656 1579 33 19 för
706 1578 70 21 arbete
792 1578 67 26 enligt
874 1579 56 23 taxa,

135 1608 120 21 beräknade
278 1610 33 19 för
334 1616 25 13 en
383 1616 38 13 var
445 1609 208 26 befattningshavare
677 1608 32 21 till
730 1608 64 20 2600
813 1608 30 20 kr.
860 1608 34 20 för
909 1608 23 20 år

134 1638 85 24 räknat;
247 1639 39 20 och
312 1639 106 20 förklarar
440 1639 45 24 RD,
510 1640 31 19 att
564 1638 132 21 beträffande
720 1638 98 25 tillskott,
838 1644 46 13 som
901 1644 29 13 nu

135 1670 92 23 nämnts,
245 1668 25 21 de
287 1676 46 18 ang.
350 1668 158 27 dyrtidstillägg
523 1669 33 20 för
572 1668 149 21 motsvarande
737 1668 32 20 tid
784 1667 98 27 gällande
897 1667 33 20 be-

135 1698 134 21 stämmelser
285 1698 59 21 skola
360 1699 7 20 i
384 1699 129 26 tillämpliga
529 1698 58 21 delar
603 1698 64 20 lända
680 1698 33 21 till
724 1697 145 24 efterrättelse,
881 1697 49 20 med

135 1730 41 18 rätt
194 1729 33 20 för
246 1729 61 20 KM:t
326 1730 31 19 att
372 1728 99 21 meddela
487 1728 26 21 de
529 1730 96 18 närmare
641 1728 137 24 föreskrifter,
795 1734 45 14 som
857 1727 84 30 kunna
921 1723 20 38 |

135 1765 50 13 vara
208 1758 136 27 erforderliga
367 1759 33 20 för
423 1759 138 26 tillämpning
584 1765 26 13 av
626 1758 61 20 dessa
704 1757 169 24 bestämmelser;
890 1757 50 26 och
924 1753 15 37 |

134 1789 84 20 anvisas
234 1789 33 19 för
282 1795 29 13 nu
327 1789 92 25 angivna
434 1788 101 21 ändamål
547 1789 69 19 såsom
628 1788 92 20 tillskott
730 1788 33 20 till
774 1787 157 27 STERE

134 1818 33 20 för
185 1818 234 27 lantbruksingenjörer
434 1819 39 20 och
490 1818 252 26 lantbruksstipendiater
758 1818 32 20 för
806 1817 124 26 budgetåret

136 1847 124 28 1926/1927
278 1850 30 19 ett
324 1851 59 18 extra
400 1848 164 27 förslagsanslag
580 1855 25 13 av
622 1848 27 20 22
659 1848 42 20 000
718 1848 30 20 kr.

91 1912 9 13 8
121 1908 35 19 RD
181 1907 98 26 besluter,
304 1910 31 18 att
358 1908 41 20 den
419 1915 25 13 av
460 1908 37 20 RD
523 1907 55 21 1921
595 1907 114 26 godkända
724 1907 140 26 kungörelsen
881 1906 59 21 med
926 1902 14 36 /

134 1937 110 20 allmänna
267 1938 93 26 grunder
382 1938 33 20 för
438 1937 157 27 dyrtidstillägg
618 1938 22 20 åt
663 1937 65 20 lärare
745 1937 35 20 vid
796 1935 144 29 lantmanna-
927 1931 11 37 |

134 1967 71 20 skolor
223 1967 39 21 och
282 1967 217 21 lanthushållsskolor
515 1969 56 18 samt
586 1967 185 20 lantbruksskolor
788 1967 35 20 må
838 1966 49 20 med
903 1966 36 20 de
922 1962 14 36 |

134 1996 120 27 ändringar,
279 2004 45 13 som
349 1997 46 21 dels
419 1997 137 26 riksdagarna
581 1996 56 21 1922
656 1997 39 20 och
713 1996 56 20 1923
788 1996 86 20 beslutit
889 1986 34 43 och
938 1990 1 35 |

134 2026 45 21 dels
195 2027 7 19 i
219 2027 231 26 statsrådsprotokollet
466 2027 125 25 föreslagits,
608 2027 25 19 fr.
651 2034 17 12 o.
687 2033 28 13 m.
733 2026 39 20 den
792 2026 9 20 1
819 2026 40 27 juli
874 2025 54 21 1926

133 2056 39 20 och
200 2056 117 21 tillsvidare
344 2059 39 23 äga
409 2057 85 20 fortsatt
520 2056 146 27 tillämpning;
695 2056 38 20 och
760 2056 114 25 medgives,
899 2057 31 19 att

939 437 62 61 1926

968 1914 6 10 >

1047 831 11 19 a

1038 866 10 17 R

1049 865 11 18 Lo

1018 824 52 28 1:5|

1015 865 55 24 p.521

1032 951 10 19 1

1021 985 34 18 För

1017 1009 42 18 flera

1021 1033 33 18 HT

1024 1063 27 17 ge-

1012 1086 59 13 mens.|

1020 1105 32 17 frå-
1069 1104 2 23 |

1017 1135 41 16 gor:
1069 1128 2 10 |

1009 1153 39 17 avd.
1057 1152 14 25 4)

1018 1309 40 20 1:56

1016 1344 45 22 p-60

1019 1429 40 20 1:9

1022 1463 33 23 p.8

1074 950 95 21 205/212

1074 981 42 20 206
1128 979 40 21 [221

1128 1010 42 20 250

1196 951 52 21 SE

1588 952 32 20 14:
1631 942 46 30 64d|

1575 897 1 38 |

1488 951 31 21 14:
1531 937 45 49 40d]

1575 1036 1 22 I

1495 1309 32 20 15:
1539 1315 23 15 52
1575 1328 1 4 |

1496 1429 31 19 19:
1540 1434 5 14 1
1595 1429 68 20 20:18

1596 1902 32 34 20:
1640 1912 21 14 21
1677 1922 1 3 |

1664 4 184 35 REVERIE
