1841 2358
166 156 43 21 540
901 163 136 15 SAKREGISTER

184 440 183 22 Folkskoleväsen.

171 476 25 16 37
213 471 39 20 RD
268 471 93 20 besluter
376 471 8 20 i
399 471 59 25 fråga
472 477 35 14 om
519 470 26 21 de
555 471 34 20 för
599 470 223 27 fortsättningsskolan
833 470 98 26 gällande
942 471 82 20 huvud-

229 501 82 26 sakliga
333 501 93 26 grunder
449 501 39 20 och
505 500 166 25 bestämmelser,
689 500 45 21 dels
750 502 31 18 att
796 501 7 19 i
819 501 141 25 skoldistrikt,
977 507 46 14 som

228 530 37 21 vid
288 530 113 25 folkskola,
426 530 128 21 tillhörande
578 531 69 25 någon
666 537 26 14 av
711 530 133 21 folkskolans
860 531 163 24 huvudformer,

228 560 52 21 eller
303 560 36 21 vid
362 560 84 21 mindre
469 560 108 21 folkskola
601 567 26 13 av
650 560 97 21 D1-form
764 560 105 21 anordnat
885 561 139 26 obligatorisk

229 590 77 27 sjunde
313 591 98 24 årsklass,
418 590 287 27 fortsättningsskolekursen
713 591 36 19 må
755 590 74 21 kunna
836 591 91 20 omfatta
934 591 90 20 allenast

229 627 26 14 en
279 621 84 20 årskurs
387 620 50 21 med
456 621 67 20 minst
544 620 40 20 180
601 620 258 26 undervisningstimmar,
876 620 45 21 dels
938 621 39 20 ock
993 623 32 18 att

229 650 41 21 den
287 650 38 25 tid,
341 651 69 20 under
425 650 73 21 vilken
514 650 125 27 skolpliktig
654 650 55 21 skall
725 657 51 14 vara
791 650 87 27 skyldig
893 652 31 19 att
940 651 84 25 deltaga

228 681 8 20 i
255 680 181 27 undervisningen
454 681 37 20 vid
506 680 209 26 fortsättningsskola
731 680 49 21 med
796 680 76 21 endast
888 687 25 14 en
930 681 93 24 årskurs,

229 711 36 20 må
288 711 74 20 kunna
385 718 26 13 av
434 711 134 20 skoldistrikt
586 710 119 21 utsträckas
720 710 57 21 intill
794 711 42 20 540
852 710 171 27 undervisnings-

228 741 94 20 timmar.

171 817 24 16 38
213 812 39 20 FK
270 812 70 20 avslår
358 813 82 20 motion
460 819 35 14 om
515 813 42 20 viss
573 812 90 26 ändring
679 812 7 20 i
702 812 13 26 $
732 812 27 20 36
776 812 89 26 stadgan
881 813 32 20 för
928 813 95 20 fortsätt-

227 842 139 26 ningsskolan
382 841 148 28 (avhämtning
545 849 26 13 av
587 842 112 26 försumlig
715 842 110 27 lärjunge).

171 919 24 16 39
213 914 51 20 Med
282 914 138 20 uteslutande
439 921 26 13 av
484 914 36 20 det
539 914 43 20 ord.
600 913 185 27 förslagsanslaget
801 914 12 20 å
830 913 41 21 115
882 913 42 21 000
941 914 31 20 kr.
990 914 33 20 till

228 944 182 26 understödjande
434 951 27 13 av
483 944 170 20 folkskolebarns
674 943 109 21 ferieresor
805 944 101 26 uppföres
929 946 30 18 ett
978 944 44 20 ord.

228 974 165 26 förslagsanslag
416 974 33 20 till
472 973 182 27 understödjande
673 980 26 13 av
718 973 170 21 folkskolebarns
908 974 58 20 ferie-
983 974 40 20 och

228 1003 129 21 studieresor
372 1010 27 14 av
415 1003 27 21 90
452 1003 43 21 000
511 1004 31 20 kr.

171 1073 25 16 40
213 1069 38 20 RD
263 1069 103 24 anhåller,
377 1071 32 18 att
419 1069 61 19 KM:t
490 1068 81 21 täcktes
582 1068 86 21 utfärda
679 1069 150 20 bestämmelse
840 1076 26 14 av
876 1069 37 20 det
920 1069 103 25 innehåll,

229 1100 31 18 att
282 1099 67 20 lärare
366 1099 36 20 vid
419 1098 114 25 småskola,
550 1098 66 21 lärare
632 1099 36 20 vid
684 1099 83 20 mindre
783 1099 108 20 folkskola
906 1099 38 20 och
961 1099 62 20 biträ-

229 1128 70 20 dande
315 1128 67 21 lärare
397 1128 37 20 vid
449 1128 108 21 folkskola
572 1129 37 19 må
623 1129 34 19 för
672 1129 148 26 uppflyttning
830 1129 7 20 i
848 1129 64 25 högre
923 1129 100 26 lönegrad

228 1158 157 26 tillgodoräkna
396 1159 31 25 sig
438 1158 40 21 den
489 1158 31 20 tid
529 1158 43 20 han
581 1158 121 26 uppehållit
709 1158 80 21 vakant
796 1158 225 27 folkskollärartjänst.

171 1222 24 16 41
213 1218 38 20 RD
268 1218 102 25 anhåller,
387 1219 32 19 att
434 1218 62 20 KM:t
511 1218 72 20 täckes
598 1218 87 26 vidtaga
700 1218 66 20 sådan
782 1218 91 26 ändring
885 1219 8 19 i
904 1218 13 26 &
930 1218 26 20 51
968 1218 53 21 folk-

229 1247 156 27 skolestadgan,
409 1250 32 18 att
463 1248 102 26 tillsynen
584 1249 50 19 över
649 1248 129 25 skolgången
794 1248 120 26 uppdrages
930 1249 22 19 åt
968 1248 54 21 skol-

229 1278 67 20 rådet.

173 1353 24 15 42
215 1349 38 19 FK
269 1348 69 21 avslår
353 1349 82 20 motion
451 1355 35 14 om
502 1348 115 26 utredning
632 1350 40 19 rör.
689 1348 66 21 sådan
772 1349 107 26 ändring
860 1344 23 35 i
890 1349 89 26 stadgan
990 1349 33 20 för

229 1379 232 25 fortsättningsskolan,
485 1380 31 18 att
539 1378 209 26 fortsättningsskola
767 1379 27 26 på
809 1379 74 20 landet
898 1380 36 19 må
950 1379 73 20 kunna

229 1409 92 20 omfatta
337 1408 76 21 endast
428 1415 26 13 en
470 1408 91 21 årskurs.

189 1479 8 15 1
215 1474 41 20 AK
274 1474 69 20 avslår
362 1474 82 20 motion
462 1480 36 14 om
514 1474 103 26 slopande
633 1480 26 14 av
675 1474 327 26 kristendomsundervisningen
1017 1475 7 19 i

229 1503 67 21 rikets
311 1503 124 21 folkskolor.

188 1580 9 15 2
215 1575 41 20 För
272 1575 138 20 överförande
426 1575 25 20 fr.
468 1582 18 13 o.
504 1582 28 13 m.
550 1575 41 20 den
609 1575 8 20 1
636 1575 42 27 juli
690 1575 56 20 1926
758 1582 26 13 av
795 1575 230 21 folkskoleseminariet

229 1605 8 20 i
253 1605 68 20 Umeå
336 1606 28 25 på
379 1605 44 20 ord.
440 1607 42 18 stat
498 1606 69 19 såsom
584 1605 220 20 dubbelseminarium
821 1612 28 13 m.
867 1612 28 14 m.
912 1606 61 26 höjes
984 1606 41 20 den

230 1635 8 20 i
253 1635 37 20 det
311 1641 160 19 gemensamma
492 1635 44 20 ord.
556 1635 236 26 reservationsanslaget
807 1635 34 20 till
857 1635 167 21 folkskolesemi-

230 1665 98 20 narierna
343 1665 104 26 ingående
463 1667 85 24 posten:
560 1665 268 20 Folkskoleseminarierna
838 1665 50 20 med
900 1665 27 20 25
940 1665 41 20 370
993 1665 31 20 kr.

230 1694 34 21 till
282 1694 63 20 1799
356 1695 42 20 070
414 1694 42 25 kr.;
473 1695 39 20 och
528 1694 105 21 förklarar
648 1695 44 23 RD,
706 1696 35 19 att
755 1695 97 26 följande
867 1695 8 20 i
891 1695 94 20 nämnda
996 1702 29 13 re-

230 1724 193 26 servationsanslag
438 1724 105 26 ingående
554 1724 105 21 särskilda
669 1727 71 24 poster
750 1724 60 21 skola
821 1725 61 26 höjas
894 1725 50 20 med
954 1725 70 20 nedan

230 1755 93 25 angivna
338 1754 85 27 belopp,
440 1754 109 26 nämligen
565 1754 90 20 arvoden
668 1755 22 19 åt
700 1754 186 21 seminarieläkare
897 1755 50 20 med
960 1755 10 20 1
982 1755 42 20 000

230 1784 31 20 kr.
278 1784 33 20 till
328 1784 28 20 28
366 1784 42 20 000
425 1784 38 24 kr.,
481 1784 92 20 arvoden
589 1785 22 19 åt
627 1784 274 21 seminariebibliotekarier
917 1785 49 20 med
982 1785 42 20 400

229 1814 32 20 kr.
283 1814 34 20 till
338 1814 27 20 10
375 1814 42 20 300
434 1814 38 24 kr.,
489 1814 93 20 arvoden
598 1815 22 19 åt
636 1814 96 20 biträden
748 1814 37 20 vid
801 1815 163 20 seminariernas
981 1815 43 20 rek-

230 1844 169 26 torsexpedition
422 1844 50 20 med
496 1844 42 20 200
558 1844 31 20 kr.
608 1843 34 20 till
660 1843 64 21 7400
741 1844 41 24 kr.;
800 1845 105 19 motioner
920 1851 35 13 om
972 1851 51 20 upp-

229 1873 89 21 förande
334 1874 13 20 å
362 1873 44 21 ord.
432 1875 42 19 stat
498 1880 26 13 av
540 1880 26 14 en
581 1873 124 27 lärartjänst
720 1874 7 20 i
742 1874 123 26 gymnastik
881 1874 39 20 och
937 1874 35 20 lek
988 1874 35 20 vid

230 1903 112 21 Karlstads
358 1903 140 21 seminarium
515 1903 75 21 avslås.

187 1974 10 15 3
215 1969 42 20 Till
269 1968 137 21 anordnande
418 1975 26 14 av
455 1969 162 20 studentkurser
628 1969 39 20 och
679 1969 236 26 parallellavdelningar
923 1969 37 20 vid
969 1970 57 20 vissa

230 1998 233 21 folkskoleseminarier
481 2001 101 18 ävensom
601 2005 26 14 en
646 1999 171 26 preparandkurs
836 1999 36 20 vid
888 1999 136 21 folkskolese-

231 2029 100 19 minariet
345 2029 8 19 i
368 2028 68 21 Luleå
452 2029 84 20 anvisas
551 2029 33 19 för
600 2028 125 26 budgetåret
741 2026 126 30 1926/1927
884 2031 30 18 ett
925 2031 60 18 extra
995 2036 30 13 re-

1137 226 17 18 2
1497 233 54 18 Riks-

1113 243 12 11 &e

1060 256 17 26 2
1113 245 36 39 =E
1215 280 3 3 5
1323 246 103 42 Utskotts-
1488 263 72 22 dagens
1617 263 117 18 Kamrarnas

1060 287 16 12 >»
1113 282 12 9 |”
1137 285 17 11 —
1172 280 95 18 Motioner
1318 276 112 32 utlåtanden
1512 293 35 17 ki
1602 293 95 17 förhandli

1059 303 12 10 a
1113 301 41 20 FR
1305 310 35 18 ller
1353 310 99 18 memorial
1501 298 40 12 Ps
1623 298 124 17 ms

1059 317 18 27 :
1106 310 42 41 2.2
1294 316 10 11 -
1493 323 63 17 velser

1054 345 98 28 FER

1059 377 18 11 &
1113 369 36 27 lag
1287 370 58 22 gle
1441 379 17 18 2
1543 378 17 19 z2|
1589 377 68 17 Första
1661 369 23 35 |
1690 377 66 17 Andra

1059 387 66 21 AGE
1132 397 17 30 5
1175 388 32 17 TE
1217 388 40 36 (SE
1286 383 17 44 E
1328 394 17 30 å
1379 384 17 43 Zz
1441 399 17 24 5
1495 388 17 27 7
1542 399 17 24 &)
1585 401 70 17 kamm.
1661 394 22 33 |
1690 401 70 18 kamm.

1038 472 56 21 19251
1119 472 26 21 73
1292 473 52 20 6/11
1382 473 27 21 58
1483 472 41 21 145
1591 473 33 20 25:
1636 478 10 16 7
1665 469 14 35 |
1686 473 33 20 28:
1730 473 42 21 85d

1062 821 9 11 >
1089 809 23 34 |
1119 813 27 20 16
1278 814 26 20 121
1334 814 11 20 1
1398 814 12 20 8
1591 813 33 21 29:
1635 818 25 16 47

1063 923 8 10 >
1111 915 42 20 [208]
1184 915 81 20 401379)
1292 916 12 20 6)
1335 915 10 20 11
1383 915 28 20 94
1484 911 42 34 223
1592 915 33 20 33:
1636 920 25 16 97
1664 911 22 34 |
1693 915 34 20 36:
1738 920 26 16 70

1062 1078 8 10 >
1238 1070 66 20 601-60
1335 1069 76 21 EIE-95
1485 1070 41 20 213
1593 1070 33 20 33:
1637 1075 25 15 97
1665 1066 19 35 |
1694 1071 33 20 36:
1739 1075 24 16 70

1314 1158 2 10 |
1422 1159 2 22 I

1062 1227 8 11 »
1185 1219 26 20 15]
1237 1219 68 20 411121
1335 1219 11 20 1
1399 1218 12 20 9
1485 1219 42 20 298
1585 1219 33 20 37;
1630 1224 39 16 110]
1693 1220 54 20 29:9

1278 1248 68 21 lar
1399 1249 12 19 3

1172 1350 39 20 187
1279 1350 26 20 121
1335 1350 11 20 11
1385 1350 27 20 10
1585 1351 33 20 37:
1630 1355 39 16 110

1165 1441 2 20 I
1273 1453 1 11 |

1039 1467 42 44 1926
1224 1469 122 36 338131):
1687 1475 33 21 14:
1731 1476 42 20 god

1064 1584 8 11 »
1113 1576 42 20 |1:8
1172 1565 103 32 108231]
1293 1576 12 20 6|
1336 1576 10 20 1)
1384 1576 27 20 50
1486 1576 42 20 104!
1552 1577 67 20 5117:
1631 1577 41 20 39d|
1696 1577 68 20 17:22

1105 1617 17 16 p.
1124 1599 37 42 131
1273 1604 2 34 |

1273 1645 2 11 I

1532 1750 2 14 I

1064 1977 8 11 +
1114 1969 41 21 11:8
1225 1969 42 20 2131
1294 1970 12 20 61)
1336 1969 11 21 1|
1385 1970 27 20 50
1487 1969 42 21 104!
1556 1969 118 21 7|17:41d/
1684 1965 39 35 17:
1734 1969 41 20 22d

1105 2004 58 23 p.134

231 2058 192 27 servationsanslag
438 2065 26 14 av
482 2058 41 20 190
533 2058 42 21 000
592 2058 30 20 kr.
