1813 2335
77 2150 22 17 27

766 64 222 31 SAKREGISTER
1637 68 38 19 225

1002 179 15 20 j
1136 158 89 17 Motioner
1291 155 70 29 Utskott
1409 155 57 36 Skriv.
1515 155 102 30 Protokoll

1018 187 8 12 r
1028 179 18 28 |
1050 183 52 20 Prop.
1427 200 22 11 är

1133 212 29 17 FK
1163 207 25 31 |
1197 213 32 16 AK
1251 211 86 18 |SmllAvd]
1361 213 26 16 Nr
1507 213 29 16 FK
1605 213 32 16 AK

94 282 97 20 ENKEL
206 282 103 20 FRÅGA.

139 312 125 20 Uttalande
278 319 27 14 av
319 312 259 21 talmanskonferensen
592 313 118 25 angående
723 313 189 25 frågeinstitutet.
1004 312 29 22 59l
1074 324 26 4 —I
1144 325 25 3 —I
1209 325 25 3 —I
1262 325 73 4 —I—|
1369 325 25 3 —|
1434 325 26 3 —1J
1489 316 47 20 8:72
1551 308 28 36 |
1590 316 58 20 8:104

140 342 27 20 Se
178 342 43 19 ock
231 342 199 24 Frågeinstitutet.

93 389 100 20 ENKLA
210 389 124 21 FRÅGOR.
524 396 3 3 Ä

139 419 33 20 Nr
188 420 8 19 1
216 420 65 22 (herr
294 421 93 24 Spetz):
401 420 44 20 Om
459 421 44 19 den
517 427 18 13 s.
548 421 22 20 k.
584 421 129 20 räktvisten
726 421 85 20 mellan
825 421 100 20 svenska
938 421 42 20 och|
1003 420 27 22 51]
1074 434 25 2 —I
1144 434 26 3 —I
1210 434 79 3 —I—lI
1311 434 25 3 —|
1370 435 25 2 —I-
1435 435 26 2 —1]
1490 423 21 20 3:
1526 428 10 15 8

140 450 87 19 norska
238 449 94 21 fiskare.
1013 474 2 2 :

140 479 32 20 Nr
185 479 12 20 2
214 479 65 23 (herr
292 480 102 22 Cassel):
409 480 43 20 Om
466 480 129 25 ersättning
607 480 37 21 vid
658 480 140 25 tjänsteresa
810 481 51 19 med
874 485 56 20 egen
942 480 38 20 bil.|
1003 480 27 21 51]
1074 494 25 2 —I
1144 494 26 2 —I
1210 494 25 2 —I
1264 494 25 2 —
1311 494 25 2 —
1370 495 25 2 —JI
1435 483 75 20 —IJ17:
1528 487 20 15 10

140 509 31 19 Nr
187 509 12 20 3
218 509 65 23 (herr
297 509 116 20 Svehsson
429 510 6 19 i
450 510 59 23 Vä):
525 510 44 20 Om
584 510 130 25 ersättning
728 510 34 20 till
777 511 28 20 de
818 510 163 25 jordbrukare,
989 505 14 35 |
1003 509 27 22 51]
1074 523 26 3 —I
1144 524 26 2 —b
1209 524 79 3 —h—
1311 524 25 2 —
1370 524 91 3 —b—h
1509 524 26 3 —
1591 513 20 20 I
1627 517 10 16 5

141 545 50 13 som
204 539 29 24 på
246 539 75 24 grund
335 546 27 13 av
375 540 27 19 de
414 539 90 25 häftiga
517 540 115 19 snöfallen
644 541 7 19 i
664 540 68 20 södra
744 540 43 19 och
800 540 117 20 mellersta
930 540 51 20 Sve-

140 568 47 24 rige
198 568 43 20 fått
251 568 243 25 ekonomibyggnader
504 569 124 20 förstörda.

139 597 32 20 Nr
190 598 13 19 4
224 598 65 22 (herr
307 598 128 23 Dickson):
454 598 44 20 Om
517 598 107 25 åtgärder
642 600 48 19 mot
707 599 99 20 svenska
824 599 156 25 medborgare,|
1004 598 27 21 51l|
1074 612 25 2 —|-
1144 612 26 2 —I
1210 612 79 3 —k—l
1310 612 26 3 —b
1370 613 25 2 —I
1435 613 26 2 —LJ
1509 612 26 3 —
1590 601 21 20 4:
1628 606 21 15 12

140 633 50 13 som
202 632 83 20 genom
297 627 77 25 fylleri
386 628 54 20 eller
451 628 122 25 brottsliga
584 628 55 20 eller
650 629 6 19 i
668 630 72 19 annat
751 629 112 20 avseende
875 629 106 20 klander-

140 657 72 19 värda
224 657 140 25 handlingar
376 657 133 20 utomlands
522 658 185 20 misskrediterat
719 659 37 19 det
768 658 99 20 svenska
879 660 101 19 namnet,

140 686 32 20 Nr
186 686 12 20 5
217 687 65 22 (herr
296 687 72 20 andre
382 687 48 20 vice
444 687 136 20 talmannen
594 687 110 24 Olsson):
719 688 44 20 Om
777 688 107 25 åtgärder
898 688 36 20 för
948 689 33 19 att]
1003 687 27 21 51].
1074 701 26 2 —]
1144 701 26 2 —I
1210 701 78 2 .—b-
1310 701 26 2 —
1369 702 26 2 —I
1435 701 25 3 —I
1509 701 25 3 —
1591 690 20 20 6:
1627 695 10 15 5

140 716 93 20 minska
252 716 179 25 möjligheterna
449 717 36 19 för
503 717 151 25 utlänningar
671 718 34 19 att
722 718 7 19 i
747 717 112 21 samband
877 718 52 20 med
947 720 34 18 ut-

141 745 99 20 ländska
257 745 89 25 fartygs
362 746 71 20 besök
449 746 6 20 i
472 746 84 20 svensk
572 746 71 20 hamn
660 747 93 20 komma
769 747 23 20 in
808 748 7 19 i
831 748 78 20 landet
924 748 56 20 utan

141 775 102 24 reguljär
252 775 166 25 passkontroll.

140 804 31 20 Nr
188 804 13 20 6
221 805 65 22 (herr
302 805 128 23 Dickson):
448 805 44 20 Om
508 806 107 24 gällande
630 806 175 20 bestämmelser
821 813 37 14 om
874 806 107 21 befrielsel
1004 805 27 22 51]
1074 819 26 3 —I
1144 820 26 2 —I
1210 820 25 2 —-I
1264 820 24 2 —-
1311 820 25 2 —
1369 820 26 3 —I
1435 820 25 2 —I|
1509 820 25 2 —
1591 809 56 20 SE

140 834 36 19 för
195 834 100 20 svenska
315 834 157 25 medborgare,
492 841 50 14 som
561 836 40 19 äro
620 836 116 20 anställda
754 836 42 20 hos
815 836 112 21 utländsk
944 836 37 21 be-

140 863 131 26 skickning,
290 864 54 20 från
362 864 132 25 skyldighet
512 866 34 19 att
564 865 91 25 erlägga
673 865 63 22 skatt
754 866 36 20 för
808 866 129 21 inkomster
954 873 28 14 av

141 893 73 20 sådan
224 894 150 25 anställning.

140 923 32 20 Nr
186 923 10 20 7
213 924 65 22 (herr
289 923 94 21 Nilsson
396 924 6 20 i
414 924 150 24 Bästekille)
556 919 24 36 :
577 925 45 20 Om
633 925 86 25 import
731 932 28 14 av
771 925 72 25 frukt,
854 926 126 25 besprutadl
1004 925 27 21 51]
1074 938 26 3 —I
1144 938 26 3 —I
1210 939 126 2 —I——
1369 939 26 3 —I
1434 939 27 2 —I|
1509 939 26 3 —
1591 928 21 21 43
1627 932 21 16 27

141 953 51 20 med
204 953 229 25 kvicksilverhaltiga
444 955 115 24 preparat.

140 982 32 20 Nr
186 983 13 19 8
216 983 65 22 (herr
295 983 150 20 Christenson
459 984 7 20 i
480 984 110 23 Malmö):
605 984 125 25 Angående
742 991 29 14 av
784 985 38 20 RD
836 985 84 25 begärd
934 992 47 13 mo-|
1004 984 27 21 51]
1074 998 26 2 —|
1144 998 26 2 —|
1210 998 79 2 —I—-I
1310 998 26 2 —
1370 999 25 2 —I
1435 998 26 3 —I|
1509 999 25 2 —
1591 987 20 20 7:
1627 992 22 15 29

141 1012 145 25 dernisering
296 1018 27 14 av
334 1013 167 20 almanackans
512 1014 149 25 namnlängd.

140 1042 32 19 Nr
186 1042 13 20 9
217 1042 65 23 (herr
296 1042 103 23 Rosén):
413 1043 44 20 Om
472 1043 178 25 möjligheterna
665 1045 33 19 att
712 1044 109 21 avveckla
836 1043 194 22 kafferanso-151|
1074 1057 26 3 —|
1144 1057 26 3 —I
1238 1038 21 36 ll
1263 1058 25 2 —l
1311 1058 25 2 —
1369 1058 26 2 —I
1435 1058 26 2 —]
1509 1058 26 3 —
1591 1047 20 20 8:
1628 1051 21 15 16

141 1072 118 24 neringen.

140 1102 32 20 Nr
186 1102 26 20 10
229 1102 64 23 (herr
304 1102 134 20 Johansson
452 1103 6 19 i
471 1103 160 23 Stockholm):
644 1104 44 20 Om
701 1104 169 25 upplysningar
883 1104 98 20 rörande]
1004 1103 27 21 51]
1074 1117 26 2 —I|
1144 1117 26 2 —
1210 1117 25 2 —I
1264 1117 25 2 —-
1311 1117 25 2 —
1369 1118 26 2 —I
1435 1117 26 3 —I
1509 1117 26 3 —
1591 1106 20 20 8:
1627 1110 22 16 28

140 1138 28 13 en
178 1132 173 20 internationell
362 1132 124 25 utredning
496 1138 28 15 av
532 1133 62 20 vissa
605 1133 171 25 råvarufrågor.

140 1161 32 20 Nr
189 1161 23 20 11
233 1161 65 23 (herr
312 1161 107 25 Hagberg
433 1162 7 19 i
455 1162 111 23 Malmö):
582 1162 44 20 Om
641 1163 46 19 viss
702 1163 99 25 ändring
816 1169 27 14 av
859 1163 122 21 kvalifika-|1
1003 1162 28 21 51]
1074 1176 26 2 —I|
1144 1176 26 2 —I
1209 1176 27 2 =
1263 1176 26 3 —l
1310 1176 26 2 =
1369 1177 26 2 —I
1435 1177 25 2 —I
1509 1177 26 2 —
1577 1165 35 20 10:
1628 1170 21 15 10

141 1191 150 20 tionskraven
302 1191 36 20 för
347 1192 166 20 nämndemän.

140 1220 32 20 Nr
187 1220 25 20 12
230 1220 65 23 (herr
307 1220 105 26 Åqvist):
427 1221 45 20 Om
484 1221 141 25 tidpunkten
638 1222 37 20 för
687 1222 135 21 erhållande
835 1229 28 14 av
876 1223 104 20 tillstånd]
1004 1221 26 22 51]
1074 1235 26 2 —I
1144 1235 26 3 —I
1210 1236 25 2 —I
1263 1236 26 2 —I
1310 1235 26 3 —
1369 1236 26 2 —I
1435 1236 25 2 —I
1509 1236 26 3 —
1577 1225 35 20 110:
1627 1229 21 15 21

140 1251 34 19 att
184 1250 100 24 uppföra
294 1250 106 25 byggnad
411 1250 36 20 för
456 1251 182 20 tullkammaren
648 1252 6 19 i
664 1251 93 21 Örebro.

140 1279 32 20 Nr
186 1279 26 20 13
228 1280 65 22 (herr
307 1280 138 25 Gustafsson
458 1281 6 19 i
477 1280 138 26 Göteborg):
628 1281 44 21 Om
685 1282 124 25 utredning
821 1288 28 14 av
862 1284 119 19 semester-|
1004 1281 26 21 51]
1074 1295 26 2 —I
1144 1295 26 2 —I
1210 1295 25 2 —l
1288 1275 14 36 ll
1311 1295 25 2 —
1400 1275 14 36 Il
1435 1295 26 3 —I
1509 1295 26 3 —
1577 1284 34 20 12:
1618 1275 10 36 3

141 1310 110 25 frågorna
266 1310 36 20 för
315 1311 61 19 vissa
390 1316 108 19 grupper,
512 1317 49 14 som
575 1311 50 20 icke
639 1311 56 20 falla
708 1312 74 20 under
795 1312 185 25 semesterlagen.

140 1340 32 20 Nr
189 1340 27 20 14
235 1340 49 23 (fru
302 1340 73 20 Gärde
393 1340 143 24 Widemar):
553 1341 44 19 Om
613 1341 144 25 redogörelse
773 1341 36 20 för
824 1342 27 20 de
867 1342 114 25 åtgärder,
986 1336 19 35 |
1003 1340 27 22 51]
1074 1354 26 2 —b
1144 1354 26 2 —I
1238 1336 21 35 ll
1263 1355 25 2 —l
1310 1354 26 3 —-
1369 1355 26 2 —I
1435 1355 25 2 —b
1509 1355 26 2 —
1577 1343 34 21 18:
1628 1348 21 15 10

141 1375 50 15 som
204 1370 53 19 från
270 1370 205 25 myndigheternas
488 1369 50 22 sida
550 1371 109 24 vidtagits
672 1371 35 20 för
718 1371 130 20 beredande
860 1378 28 13 av
900 1372 81 20 ersätt-

141 1400 56 24 ning
210 1400 35 19 till
260 1400 27 20 de
301 1400 157 20 efterlevande
471 1400 35 20 till
520 1400 27 20 de
562 1401 98 20 svenska
675 1401 95 25 flygare,
784 1407 49 14 som
847 1401 134 20 omkommo

139 1429 38 20 vid
187 1429 214 25 Salerno-olyckan.

140 1459 32 19 Nr
187 1459 27 20 15
232 1459 65 22 (herr
312 1459 138 25 Gustafsson
466 1459 6 20 i
487 1459 71 20 Borås
572 1460 44 20 och
629 1460 54 20 herr
697 1466 44 14 von
754 1460 81 24 Seth):
850 1461 44 20 Om
908 1461 73 20 vidta-I
1003 1459 28 22 51]
1074 1473 26 2 —I|
1164 1473 6 3 I
1209 1473 79 3 ll
1310 1473 26 3 —
1369 1474 26 2 —
1417 1455 14 35 i
1435 1474 26 2 —
1509 1474 26 2 o—
1577 1462 34 20 15:
1627 1467 10 15 8

140 1489 74 24 gande
232 1495 28 13 av
277 1488 175 25 hjälpåtgärder
470 1489 51 20 med
539 1489 125 26 anledning
681 1496 27 14 av
725 1490 27 20 de
769 1490 212 26 översvämningar,

141 1524 50 13 som
201 1518 108 20 orsakats
319 1524 29 14 av
357 1518 61 20 årets
428 1518 98 21 vårflod.

140 1548 32 19 Nr
184 1548 26 20 16
223 1548 65 23 (herr
298 1548 227 24 Henriksson):
477 1544 47 35 Om
535 1549 192 24 genomförandet
737 1555 28 14 av
776 1549 205 26 riksförsäkrings-|
1003 1548 27 21 51]
1074 1562 25 2 —I
1144 1562 26 2 —I
1210 1562 25 2 —I
1264 1562 25 3 —
1310 1562 26 3 —
1370 1563 25 2 —I
1435 1563 26 2 —I
1509 1563 26 2 —
1577 1551 34 20 15:
1628 1556 21 15 13

141 1578 129 20 anstaltens
281 1578 205 25 omorganisation.

140 1608 32 19 Nr
190 1608 25 20 17
236 1608 95 23 (fröken
351 1608 186 23 Wetterström):
555 1608 44 20 Om
616 1608 236 25 löneklassplacering
868 1609 36 19 för
920 1609 60 20 vissal
1003 1607 27 21 51l
1074 1621 26 2 —I
1144 1621 26 2 —I
1210 1621 25 3 —I
1263 1622 25 2 —I
1310 1622 26 2 —
1369 1622 26 2 —Ib
1435 1622 26 2 —I
1509 1622 26 2 —
1577 1611 34 20 18:
1627 1615 10 15 8

140 1637 159 23 konsulenter,
319 1643 50 14 som
389 1637 147 25 överflyttats
556 1637 53 20 från
628 1637 299 26 hushållningssällskapen
947 1638 33 21 till

141 1666 278 21 lantbruksnämnderna.

139 1696 32 20 Nr
189 1696 26 20 18
236 1696 94 23 (fröken
349 1696 95 24 Vinge):
462 1696 45 20 Om
523 1697 133 20 inrättande
672 1703 28 14 av
715 1698 33 19 ett
764 1698 27 20 de
807 1697 173 26 vetenskapliga
1003 1696 27 21 l5l4
1074 1710 25 2 -—I)
1144 1710 26 3 —
1210 1710 126 3 Sko
1369 1710 26 3 —Lh
1435 1711 26 2 —h
1509 1711 26 2 —-
1576 1700 35 20 120:
1627 1704 10 15 3

139 1725 155 21 bibliotekens
303 1726 116 20 chefsråd.

140 1755 32 20 Nr
188 1755 26 20 19
233 1755 65 24 (herr
312 1755 91 24 Ståhl):
419 1756 44 20 Om
478 1756 157 25 uppförandet
649 1763 28 13 av
692 1757 204 20 studentbostäder
909 1758 7 19 i
930 1755 100 22 uni-|51l
1074 1769 26 3 —]
1144 1770 26 2 —I
1210 1770 25 2 —
1263 1770 26 2 I
1310 1770 26 2 —
1369 1770 26 3 —b
1457 1770 4 3 I
1509 1771 26 2 o—
1576 1759 73 20 120:135

139 1785 226 20 versitetsstäderna.

140 1816 32 19 Nr
188 1816 27 20 20
235 1816 65 23 (herr
315 1815 106 25 Hagberg
436 1816 7 19 i
459 1816 111 23 Malmö):
586 1816 45 20 Om:
646 1816 109 25 vidtagna
771 1816 107 25 åtgärder
893 1817 36 19 för
944 1816 37 21 be-]
1003 1815 27 21 51]
1074 1829 25 2 —I|
1144 1829 26 3 —I|
1210 1829 25 2 —I
1264 1830 25 2 I
1311 1830 25 2 I
1370 1830 25 2 —I
1435 1830 26 2 po
1509 1830 26 3 —
1576 1819 35 20 921:
1627 1823 10 16 3

140 1845 128 25 gränsning
278 1845 43 20 och
332 1845 150 25 samordning
492 1852 28 13 av
530 1846 256 25 utredningsväsendet.

140 1878 32 20 Nr
186 1878 25 20 21
231 1878 65 23 (herr
309 1878 130 24 Näsgård):
454 1878 44 20 Om
512 1878 125 25 utredning
651 1879 44 20 rör.
709 1879 126 25 ändringar
848 1880 7 19 i
869 1879 111 20 vattenla-l
1003 1880 27 22 51]
1074 1894 26 3 —I|
1144 1895 26 2 —I
1210 1895 26 2 |
1264 1895 25 2 —-I
1311 1895 25 3 —I
1369 1895 27 3 —LI
1435 1884 76 21 130:
1526 1889 10 15 4

140 1901 50 35 gen.
1001 1909 23 22 H

139 1937 32 20 Nr
186 1937 28 20 22
233 1937 65 23 (herr
312 1937 206 24 Mannerskantz):
535 1938 44 20 Om
594 1938 178 20 domänverkets
788 1938 193 25 försäljningspo-|
1003 1940 27 21 51]
1074 1954 26 2 —I
1145 1954 25 2 —I
1210 1954 26 3 —l
1264 1955 25 2 —l
1311 1955 25 2 —
1370 1955 25 2 —JI
1435 1944 113 20 —J|35:132

141 1967 51 20 litik
202 1967 38 20 vid
249 1967 96 20 höstens
356 1967 277 25 kronoskogsauktioner.
1004 1969 23 22 H
1516 1978 31 15 141

140 1998 32 19 Nr
183 1997 28 20 23
225 1997 50 23 (fru
285 1997 149 23 Sandström)
444 2003 4 14 :
460 1997 45 20 Om
516 1997 87 25 förslag
614 1997 34 20 till
661 1997 54 20 1952
726 1997 38 20 års
776 1998 37 19 RD
824 2004 38 13 om
873 1998 107 24 avdrags-I
1003 1999 27 21 51]
1074 2013 26 2 —I
1145 2013 26 3 —|
1210 2014 26 2 —I
1264 2014 25 2 —l
1311 2014 25 2 —|
1370 2014 25 2 —F
1435 2014 26 2 —|
1509 2015 26 2 —
1576 2003 35 20 128:
1628 2007 9 15 5

141 2027 46 20 rätt
197 2027 36 19 för
243 2027 204 20 studiekostnader
456 2027 38 19 vid
503 2026 186 25 beskattningen.
1004 2028 22 22 H

140 2057 32 19 Nr
188 2056 28 20 24
236 2056 65 24 (herr
318 2056 150 20 Christenson
485 2056 6 20 i
508 2056 110 24 Malmö):
635 2056 44 20 Om
696 2056 117 25 sänkning
828 2063 28 14 av
872 2057 109 20 choklad-I
1003 2058 27 21 51
1075 2072 25 2 —h
1168 2052 34 35 lo
1264 2073 26 2 bol
1311 2073 25 2 ol
1370 2073 91 3 bo)
1509 2073 26 3 oc
1576 2062 36 20 128:
1628 2066 9 15 6

140 2086 43 19 och
194 2085 207 26 konfityrskatten.
1005 2088 22 21 H
