1827 2358
174 69 41 20 128

192 249 177 26 Beredskapsstat,
387 249 85 20 allmän.

191 284 50 20 eller
253 285 250 26 arbetsmarknadsläget
516 285 37 20 det
565 285 117 26 medgiver,
695 291 55 20 resp.
764 291 35 14 om
812 285 40 20 och
864 285 7 20 i
884 285 40 20 den
937 285 51 20 mån
1001 291 26 14 en
1040 285 42 20 för-

191 315 95 26 sämring
300 320 28 15 av
344 315 251 26 arbetsmarknadsläget
610 315 37 20 det
662 315 104 26 påkallar,
783 314 137 21 beträffande
936 315 56 20 vissa
1007 315 75 26 anslag

190 344 51 20 eller
257 344 43 20 viss
316 350 70 21 grupp
403 351 28 14 av
447 344 75 27 anslag
538 344 101 24 förklara,
657 346 34 19 att
708 345 26 19 de
750 345 35 20 må
802 345 125 26 disponeras
944 345 33 20 för
993 345 88 20 därmed

190 375 96 20 avsedda
299 374 109 24 ändamål,
421 374 55 20 efter
488 374 61 20 RD:s
562 375 96 19 hörande
670 375 56 23 eller,
740 381 35 13 om
788 375 42 19 RD
843 374 18 26 ej
875 377 24 18 är
911 375 90 23 samlad,
1015 375 68 20 under

191 404 160 26 förutsättning
364 405 35 19 att
412 404 124 26 Konungen
549 404 50 20 låtit
611 404 186 26 riksdagskallelse
812 405 52 26 utgå
877 405 50 19 eller
941 405 42 20 RD
997 405 85 20 ändock

191 434 55 20 skall
262 434 59 20 inom
337 434 62 26 tjugo
415 434 67 26 dagar
497 434 170 24 sammanträda,
684 434 108 21 fastställa
808 434 80 21 allmän
904 434 178 27 beredskapsstat

192 464 33 20 III
235 466 35 18 att
280 464 65 20 lända
355 464 32 20 till
397 464 144 20 efterrättelse
552 464 47 20 från
610 464 40 20 den
661 464 112 26 tidpunkt,
784 464 251 26 arbetsmarknadsläget
1045 464 37 20 det

190 494 105 26 påkallar,
312 496 58 18 samt
386 494 63 20 ställa
466 494 26 20 de
508 494 12 20 å
537 496 73 18 staten
627 494 107 26 uppförda
751 494 102 26 anslagen
870 494 32 20 till
919 494 162 20 vederbörande

190 524 163 26 myndigheters
362 523 127 27 förfogande
498 524 33 20 för
540 524 89 20 därmed
638 524 96 20 avsedda
744 524 109 23 ändamål;
863 524 40 20 och
912 524 111 26 medgiver
1032 524 49 23 RD,

189 555 35 19 att
233 553 75 26 anslag
317 554 12 19 å
339 553 80 20 allmän
429 554 178 26 beredskapsstat
618 554 9 19 I
636 554 43 23 må,
690 560 34 13 om
734 554 114 26 riksdagen
858 553 18 26 ej
888 555 24 19 är
920 554 91 23 samlad,
1021 555 61 19 över-

190 583 84 20 skridas
285 583 69 20 under
364 583 159 26 förutsättning
533 585 34 18 att
578 583 123 26 Konungen
712 583 49 20 låtit
772 583 185 26 riksdagskallelse
969 584 52 26 utgå
1032 583 50 20 eller

191 613 41 20 RD
245 613 85 20 ändock
343 613 54 20 skall
410 613 58 20 inom
482 613 61 26 tjugo
555 613 67 26 dagar
634 613 170 20 sammanträda.

218 643 19 20 2.
251 643 41 20 RD
304 643 73 20 avslår
387 643 136 20 motionerna
536 643 46 20 FK:
593 643 40 20 344
645 643 39 20 och
696 643 40 20 346
748 645 58 18 samt
817 643 48 20 AK:
876 643 40 20 546
928 643 80 20 väckta
1020 643 6 20 i
1037 643 42 20 anl.

190 679 27 14 av
230 679 60 20 prop.
304 679 25 14 nr
341 672 47 21 281.

218 703 19 20 3.
253 703 112 20 Memorial
377 708 49 21 ang.
440 702 80 21 allmän
534 702 178 27 beredskapsstat
724 703 33 20 för
770 703 129 26 budgetåret
913 703 96 26 1944/45.

217 745 55 26 Ang.
286 744 81 20 allmän
380 744 178 26 beredskapsstat
570 745 34 19 för
616 744 130 26 budgetåret
760 744 96 27 1946/47.

220 787 17 19 1.
250 786 42 20 RD
304 786 117 26 medgiver,
433 788 35 18 att
479 786 41 20 den
532 786 33 20 till
575 786 70 26 grund
657 786 33 20 för
701 786 41 20 den
753 786 110 20 allmänna
875 786 205 26 beredskapsstaten

190 815 33 21 för
235 816 130 26 budgetåret
378 816 89 26 1946/47
480 816 99 26 liggande
590 816 223 26 investeringsplanen
825 816 33 20 för
869 817 84 19 statens
964 816 117 26 järnvägar

189 846 36 19 må
234 846 79 20 ändras
321 845 7 20 i
336 845 95 27 enlighet
438 846 50 19 med
496 846 44 19 vad
548 845 6 20 i
563 846 240 26 statsrådsprotokollet
811 848 52 18 över
870 846 211 20 kommunikations-

190 876 94 20 ärenden
296 876 33 19 för
340 876 41 19 den
394 875 25 20 14
430 876 53 19 febr.
497 875 52 20 1947
560 876 116 19 förordats.

218 906 19 19 2.
250 905 42 20 RD
304 905 117 26 medgiver,
433 907 35 18 att
479 905 41 20 den
532 905 33 20 till
576 905 69 26 grund
657 905 33 20 för
701 905 41 20 den
754 905 110 20 allmänna
876 905 205 26 beredskapsstaten

190 935 33 20 för
236 935 131 26 budgetåret
381 935 89 26 1946/47
484 935 99 26 liggande
596 935 222 26 investeringsplanen
832 935 33 20 för
878 935 63 20 civila
954 935 128 26 flygplatser

190 965 35 20 må
234 965 79 20 ändras
321 965 7 20 i
336 965 95 26 enlighet
439 965 49 20 med
497 965 43 20 vad
549 965 6 19 i
563 965 241 26 statsrådsprotokollet
812 967 51 18 över
871 965 211 20 kommunikations-

190 995 94 20 ärenden
294 995 34 20 för
337 995 41 20 den
390 995 25 19 14
424 995 54 20 febr.
491 995 51 20 1947
552 995 116 20 förordats.

218 1025 20 20 3.
248 1025 41 20 RD
298 1024 118 27 medgiver,
425 1026 35 19 att
468 1025 38 19 det
514 1025 12 20 å
535 1024 80 20 allmän
624 1025 179 26 beredskapsstat
810 1024 34 20 för
852 1025 130 25 budgetåret
992 1024 89 26 1946/47

190 1055 12 19 å
218 1054 197 26 kapitalbudgeten
432 1055 68 19 under
507 1056 84 18 statens
606 1054 128 26 järnvägars
750 1054 53 20 fond
812 1054 107 26 uppförda
935 1054 99 26 anslaget
1049 1054 32 19 till

190 1083 154 26 elektrifiering
354 1084 13 19 å
377 1084 27 20 25
413 1083 41 20 000
463 1083 41 20 000
514 1084 32 20 kr.
558 1084 39 19 och
609 1084 37 19 det
656 1084 12 20 å
680 1084 205 25 beredskapsstaten
897 1084 68 19 under
975 1083 107 20 luftfarts-

190 1113 81 20 fonden
284 1113 108 26 uppförda
406 1113 98 26 anslaget
516 1113 33 20 till
562 1113 115 26 byggande
691 1113 39 20 och
743 1113 132 26 förbättring
888 1119 28 14 av
929 1113 128 26 flygplatser
1069 1113 12 19 å

190 1143 12 20 9
212 1143 40 20 250
261 1143 41 20 000
314 1143 32 20 kr.
359 1145 104 18 ävensom
476 1143 37 20 det
525 1143 12 20 å
550 1143 205 26 beredskapsstaten
768 1143 12 20 å
793 1143 163 25 driftbudgeten
970 1143 68 19 under
1049 1142 32 20 5:e

191 1172 40 20 HT
241 1172 109 26 uppförda
361 1172 99 26 anslaget
470 1172 32 20 till
513 1172 102 26 åtgärder
625 1173 33 19 för
668 1172 220 20 arbetsmarknadens
899 1172 104 26 reglering
1013 1178 29 14 m.
1052 1178 29 14 m.

190 1202 12 20 å
213 1202 40 20 245
262 1202 41 20 000
312 1202 41 20 000
363 1202 32 20 kr.
406 1202 35 20 må
453 1202 68 20 under
530 1202 34 20 för
573 1202 206 26 beredskapsstaten
789 1202 100 26 gällande
899 1202 183 25 förutsättningar

190 1232 114 20 användas
314 1232 34 19 för
357 1232 58 19 vissa
425 1232 95 25 angivna
530 1232 97 23 arbeten;
639 1232 40 19 och
689 1232 143 26 bemyndigar
842 1232 42 19 RD
896 1232 63 19 KM:t
969 1233 35 18 att
1014 1231 68 20 under

190 1261 131 26 budgetåret
331 1261 96 26 1947/48,
438 1262 72 19 därest
518 1261 252 26 arbetsmarknadsläget
778 1262 23 19 så
810 1261 120 26 påfordrar,
940 1261 59 20 inom
1007 1267 74 14 ramen

189 1297 28 14 av
227 1292 33 19 ett
270 1291 78 26 belopp
358 1297 28 14 av
398 1291 39 20 150
445 1291 41 20 000
494 1291 42 20 000
544 1291 32 20 kr.
587 1291 98 20 meddela
696 1291 71 20 beslut
776 1297 36 13 om
822 1291 115 20 utförande
947 1297 28 14 av
984 1291 97 22 arbeten,

190 1321 33 19 för
239 1320 58 20 vilka
314 1320 75 26 anslag
405 1322 37 19 äro
459 1320 107 27 uppförda
583 1321 12 19 å
612 1320 80 21 allmän
709 1321 178 26 beredskapsstat
903 1321 33 19 för
952 1320 130 26 budgetåret

192 1350 96 26 1946/47.

219 1392 42 19 RD
277 1392 144 26 bemyndigar
437 1392 63 20 KM:t
516 1393 34 19 att
567 1392 68 20 under
650 1392 130 26 budgetåret
797 1391 97 27 1948/49,
911 1392 73 20 därest
999 1392 83 19 arbets-

190 1422 178 26 marknadsläget
381 1422 23 19 så
417 1422 120 26 påfordrar,
551 1422 58 19 inom
622 1428 74 13 ramen
709 1428 29 14 av
750 1424 33 17 ett
796 1422 78 26 belopp
888 1428 28 14 av
930 1421 42 20 150
982 1421 53 26 milj.
1048 1421 32 20 kr.

190 1451 99 20 meddela
301 1451 71 20 beslut
383 1457 35 14 om
430 1451 115 20 utförande
556 1457 28 14 av
595 1452 96 22 arbeten,
703 1451 33 20 för
747 1452 58 19 vilka
816 1451 75 26 anslag
902 1453 36 18 äro
950 1451 107 26 uppförda
1069 1451 11 20 å

190 1481 80 20 allmän
287 1481 178 26 beredskapsstat
481 1481 33 20 för
530 1481 130 26 budgetåret
677 1481 96 26 1946/47.

218 1523 42 19 RD
277 1523 144 26 bemyndigar
436 1523 63 20 KM:t
515 1524 34 19 att
565 1523 69 19 under
649 1523 130 26 budgetåret
796 1522 97 27 1949/50,
910 1523 73 20 därest
998 1522 83 20 arbets-

190 1552 177 26 marknadsläget
380 1553 23 19 så
416 1552 120 26 påfordrar,
550 1553 58 19 inom
622 1558 74 14 ramen
709 1559 28 13 av
750 1554 33 18 ett
795 1552 79 27 belopp
887 1558 28 14 av
930 1552 39 20 150
981 1552 53 26 milj.
1048 1552 31 19 kr.

189 1582 99 20 meddela
300 1582 72 20 beslut
383 1588 34 14 om
429 1582 115 20 utförande
556 1588 27 14 av
594 1582 97 23 arbeten,
703 1582 33 20 för
746 1582 58 20 vilka
816 1582 74 26 anslag
901 1584 37 18 äro
950 1582 107 26 uppförda
1068 1583 12 18 å

189 1612 81 20 allmän
287 1612 178 26 beredskapsstat
480 1612 34 19 för
529 1612 130 26 budgetåret
677 1612 96 26 1946/47.

218 1653 42 20 RD
275 1653 143 26 bemyndigar
432 1653 63 20 KM:t
509 1655 34 18 att
558 1653 68 20 under
640 1659 73 14 senare
728 1653 99 20 halvåret
842 1653 60 23 1950,
915 1653 72 20 därest
998 1653 82 19 arbets-

190 1683 177 26 marknadsläget
380 1683 23 20 så
417 1683 119 26 påfordrar,
550 1683 58 20 inom
621 1689 74 14 ramen
709 1689 27 14 av
749 1685 33 18 ett
795 1683 78 26 belopp
887 1689 28 13 av
929 1683 39 20 150
981 1682 53 26 milj.
1048 1682 31 20 kr.

189 1713 99 19 meddela
300 1713 71 19 beslut
382 1719 35 13 om
429 1712 115 20 utförande
555 1718 28 14 av
594 1713 97 23 arbeten,
703 1712 33 20 för
746 1713 58 20 vilka
816 1713 74 25 anslag
901 1714 37 18 äro
949 1712 107 26 uppförda
1068 1712 12 20 å

189 1742 81 20 allmän
281 1742 178 26 beredskapsstat
469 1742 33 20 för
512 1742 130 26 budgetåret
654 1742 96 26 1946/47.

219 1784 17 19 1.
254 1784 41 19 RD
306 1784 143 26 bemyndigar
459 1784 63 20 KM:t
531 1785 41 22 att,
584 1784 73 20 därest
666 1784 251 26 arbetsmarknadsläget
927 1784 23 19 så
960 1783 120 26 påfordrar,

189 1813 59 20 inom
256 1819 74 14 ramen
339 1819 28 14 av
375 1815 33 18 ett
416 1813 78 26 belopp
503 1819 27 14 av
541 1813 38 20 150
587 1813 100 27 miljoner
694 1814 32 19 kr.
735 1813 98 20 meddela
843 1813 71 20 beslut
922 1819 35 14 om
965 1813 116 20 utförande

189 1849 28 14 av
227 1843 98 23 arbeten,
336 1843 33 20 för
379 1843 59 20 vilka
448 1843 75 26 anslag
534 1843 100 26 uppförts
645 1843 12 20 å
667 1843 80 20 allmän
759 1843 178 26 beredskapsstat
947 1843 33 20 för
991 1843 91 26 budget-

189 1873 47 20 året
253 1872 97 27 1950/51.

217 1903 19 19 2.
254 1902 41 20 RD
312 1904 108 24 upptager
435 1902 26 20 de
477 1903 11 19 å
505 1902 80 20 allmän
602 1902 178 26 beredskapsstat
796 1903 33 19 för
844 1902 130 26 budgetåret
992 1901 87 27 1950/51

189 1932 121 26 hänförliga
328 1932 119 26 utgifterna
465 1932 27 26 på
509 1934 46 18 sätt
572 1932 37 20 det
626 1932 37 20 vid
680 1932 178 20 statsutskottets
875 1932 112 20 memorial
1004 1931 77 26 fogade

189 1962 81 26 bihang
286 1962 90 20 utvisar.

218 1992 25 20 Se
261 1992 40 19 ock
319 1991 137 20 Arbetslöshet
474 1991 69 26 (1945:
556 1993 17 21 3,
594 1991 58 20 1945:
666 1992 37 26 H),
724 1992 162 20 Försvarsväsen
896 1992 69 25 (1945:
980 1994 15 20 1,
1016 1993 17 21 3,
1054 1991 26 25 4),

191 2021 137 26 Uppskjutna
343 2021 89 20 ärenden
448 2021 70 26 (1950:
532 2024 15 20 1,
565 2021 26 26 8).

189 2068 255 21 BEREDSKAPSSTAT
468 2064 53 25 FÖR
545 2064 299 29 FÖRSVARSVÄSENDET;
868 2074 22 14 se
916 2069 164 20 Försvarsväsen

216 2099 70 26 (1942:
299 2101 30 21 27,
345 2098 59 21 1944:
419 2102 14 20 1,
449 2101 31 20 29,
496 2098 58 20 1946:
567 2100 31 21 30,
613 2098 59 20 1947:
685 2100 30 22 23,
731 2098 59 21 1948:
803 2101 30 21 27,
849 2098 58 20 1949:
921 2101 30 20 24,
967 2098 59 20 1950:
1039 2098 40 26 12).

1226 156 101 30 Motioner
1375 156 89 30 Utskott
1508 172 51 16 SKV.
1626 161 95 16 Protokoll

1101 180 26 20 År
1123 176 16 32 |
1149 184 54 20 Prop.
1525 201 23 11 Fo

1231 214 33 16 FK
1265 209 24 31 |
1294 214 35 16 AK
1351 214 84 16 [SmllAvdl
1459 214 26 16 Nr
1604 214 33 16 FK
1703 215 35 15 AK

1100 642 29 20 451!
1170 654 27 2 —
1227 642 201 20 13441546[10|]—]
1466 642 27 20 701
1530 654 28 2 —IJ
1582 642 69 20 26:33
1654 638 23 34 |
1683 643 68 19 26:16

1227 672 41 20 346
1454 674 35 17 8.1

1112 708 9 13 »
1126 698 22 33 |
1156 702 38 20 281
1241 714 28 2 —I|
1305 713 29 3 —J]
1368 702 60 19 61|—]
1452 701 41 20 230
1496 697 18 34 |
1517 702 41 20 470
1560 697 17 34 |
1582 702 33 20 27:
1626 703 25 18 32
1655 697 22 34 |
1683 702 33 20 27:
1727 704 25 17 28

1100 744 28 20 461
1157 744 37 19 2111
1241 755 28 2 —|
1306 755 27 2 —I|
1368 743 60 19 61|—
1428 739 10 35 |
1452 743 40 20 255
1491 739 19 35 1
1517 743 41 20 470
1557 739 19 35 I
1582 743 33 21 30:
1627 745 24 18 28
1679 744 55 20 |31:2

1101 785 26 20 47|
1158 785 39 20 1161
1241 797 28 2 —I
1306 797 27 2 —I
1368 785 60 19 61—i]|
1452 784 38 21 2011
1517 784 98 21 389129:
1626 786 24 18 36
1654 780 23 35 |
1683 785 33 20 32:
1727 787 25 17 39

1155 819 21 19 pt
1189 818 6 16 1
1454 816 102 18 s.113:3

1112 911 8 13 »
1135 899 18 34 |
1158 904 39 20 116]
1242 916 26 2 —I
1306 916 28 2 —I
1368 904 61 19 61—]
1453 904 38 19 2011
1517 903 40 21 3891
1582 904 33 20 29:
1626 905 25 18 36
1656 899 22 34 |
1683 904 33 20 32:
1728 906 24 18 39

1156 938 20 20 pt
1187 937 10 16 2
1454 941 15 11 s.
1481 936 76 17 315.4

1112 1030 8 13 »
1136 1019 14 35 |
1159 1023 38 20 116,1]
1241 1035 27 3 —I
1305 1035 29 3 —I1
1369 1023 60 20 61—
1453 1023 38 20 1201
1518 1023 40 20 13891
1583 1023 33 20 29:
1627 1025 24 17 36
1659 1019 18 35 |
1683 1024 33 19 32:
1728 1025 25 17 39

1157 1056 39 17 &i1
1455 1055 79 16 s.4]s.
1540 1050 12 31 4

1102 1391 27 20 481
1160 1390 38 20 150
1208 1385 26 34 |
1242 1402 28 2 —I
1306 1401 29 3 —I
1369 1390 61 19 61—]
1468 1389 26 20 641
1520 1389 97 20 155116:
1629 1391 24 17 43
1656 1385 23 34 |
1687 1390 31 19 16:
1730 1391 23 18 76

1101 1521 27 20 491
1171 1521 27 20 70]
1242 1533 27 2 —I
1307 1533 27 2 —I
1369 1521 61 19 61—]1
1468 1520 26 20 601
1521 1520 95 20 132113:
1628 1522 24 17 36
1655 1516 23 34 |
1686 1521 31 19 13:
1732 1522 37 18 133]

1101 1652 27 19 501
1158 1652 39 20 1261]
1241 1663 27 2 —|
1306 1663 27 2 —|]
1368 1652 60 19 61—]
1454 1652 38 19 1901
1518 1651 40 20 3451
1586 1651 54 20 23:3
1685 1651 55 20 123:3

1101 1782 27 21 501
1159 1782 38 20 126
1206 1778 27 35 |
1242 1794 27 2 —I|
1307 1782 122 20 —1.:6]1—!
1454 1782 39 20 1941
1519 1782 40 20 370
1565 1778 18 35 |
1587 1782 33 20 29:
1631 1783 23 18 51
1659 1778 23 35 |
1686 1782 32 20 29:
1730 1783 24 18 39

1104 1812 21 20 H

1112 1908 8 13 »
1136 1897 18 33 1
1159 1901 38 20 1261
1242 1913 27 2 —I
1306 1912 28 2 —IJ
1369 1901 62 19 61—]
1454 1901 37 20 2311
1519 1901 40 20 4171
1584 1901 33 19 34:
1629 1902 24 17 89
1658 1897 22 33 |
1685 1901 32 19 34:
1732 1902 37 18 125
