1841 2357
164 148 44 20 638
900 156 136 16 SAKREGISTER

184 432 157 28 Gymnastiska
357 433 196 22 centralinstitutet.

184 469 10 14 2
212 463 42 20 Till
270 463 104 21 täckande
390 470 26 14 av
428 464 52 20 brist
490 464 7 20 i
508 464 147 27 gymnastiska
666 464 199 21 centralinstitutets
876 464 43 21 ord.
932 471 88 14 reserva-

226 494 131 25 tionsanslag
380 494 34 20 till
438 494 104 21 materiell
565 501 29 14 m.
611 501 29 13 m.
657 494 35 21 vid
717 495 106 26 utgången
847 501 25 14 av
897 494 124 27 budgetåret

228 523 125 27 1927/1928
370 524 85 21 anvisas
470 525 33 19 för
518 524 125 26 budgetåret
660 523 125 29 1929/1930
800 526 31 19 ett
841 526 59 19 extra
911 524 74 27 anslag
995 532 25 14 av

230 553 64 21 1376
310 554 32 21 kr.

185 625 7 15 1
212 619 42 20 Till
266 621 60 19 extra
339 620 98 26 personal
451 620 36 20 vid
499 620 147 27 gymnastiska
657 620 189 21 centralinstitutet
856 627 29 14 m.
896 627 29 14 m.
937 621 84 21 anvisas

226 650 34 20 för
275 649 125 27 budgetåret
417 648 125 30 1930/1931
560 652 30 19 ett
606 652 60 19 extra
681 650 74 27 anslag
770 657 26 14 av
813 650 64 21 7410
894 651 31 20 kr.

184 715 10 15 2
212 710 41 20 För
271 710 125 26 budgetåret
416 709 124 28 1930/1931
561 711 83 20 anvisas
660 710 33 21 till
710 710 104 21 täckande
829 717 27 15 av
871 711 53 20 brist
939 711 7 20 i
962 717 59 21 gym-

227 740 96 20 nastiska
346 740 198 21 centralinstitutets
567 740 44 21 ord.
635 740 214 27 reservationsanslag
867 740 33 21 till
916 740 105 21 materiell

227 777 27 13 m.
266 776 28 14 m.
312 770 36 20 vid
364 771 106 25 utgången
487 777 25 14 av
527 770 124 26 budgetåret
662 769 126 29 1928/1929
800 773 30 18 ett
840 773 60 18 extra
911 771 73 26 anslag
995 777 26 15 av

228 799 63 21 1640
315 800 31 20 kr.
363 802 56 19 samt
434 800 35 21 till
485 800 166 27 nyanskaffning
667 807 25 14 av
707 801 104 20 materiell
822 802 34 19 för
868 801 154 26 undervisning

226 830 8 20 i
249 831 95 19 anatomi
355 831 40 20 och
405 830 99 27 fysiologi
515 830 37 21 vid
563 831 147 26 gymnastiska
721 831 189 21 centralinstitutet
920 833 30 18 ett
961 833 61 18 extra

227 860 215 27 reservationsanslag
458 867 27 14 av
500 860 64 20 4000
580 861 31 20 kr.

240 895 23 18 Se
276 895 35 18 ock
323 895 106 21 Hallman,
442 896 22 18 A.
477 895 65 22 (1929),
556 895 77 23 Sellén,
646 895 21 19 N.
681 896 21 19 T.
714 896 64 22 (1924).

182 948 116 27 Gysinge;
315 957 22 14 se
353 949 201 22 Provinsialläkare
569 950 73 27 (1930:
654 952 27 22 4).

182 1008 116 27 Gyttorps
316 1013 76 17 norra
411 1009 46 21 och
476 1007 73 24 södra
565 1008 151 28 allmänning
731 1014 30 16 nr
778 1010 22 25 1;
817 1017 22 14 se
854 1009 167 28 Avsöndringar

225 1039 73 26 (1926:
310 1040 40 25 49).

182 1096 95 28 Gånarp
293 1103 30 16 nr
339 1097 28 28 4;
383 1106 22 14 se
422 1098 166 28 Avsöndringar
602 1099 73 26 (1923:
688 1099 39 27 21).

181 1156 144 28 Gångbroar
341 1157 45 22 och
402 1156 178 29 gångtunnlar;
597 1165 22 15 se
634 1158 128 28 Järnvägar
776 1158 72 27 (1926:
861 1164 34 19 11;
909 1158 63 21 1927:
985 1164 35 18 11;

227 1188 96 25 1928::4;
342 1188 63 21 1929:
418 1194 20 20 5;
457 1188 63 21 1930:
533 1187 25 29 6).

182 1245 136 24 Gårdskärs
334 1247 83 27 hamn;
434 1255 22 14 se
472 1248 160 21 Fiskehamnar
647 1248 72 27 (1923:
738 1249 27 25 5).

182 1305 74 27 Gåva;
280 1315 23 14 se
325 1308 174 28 Stämpelavgift,
523 1308 117 21 Arvsskatt
663 1308 36 22 och
714 1307 58 22 skatt
782 1308 41 27 för
837 1308 64 27 gåva,
918 1307 103 29 Stämpel-

226 1337 71 28 avgift
311 1338 73 27 (1922:
403 1338 26 27 3).

183 1396 217 27 Gäddbäckssund;
417 1405 22 14 se
455 1397 160 22 Fiskehamnar
630 1398 73 26 (1923:
724 1398 25 27 5).

182 1456 69 27 Gäld;
267 1465 22 14 se
305 1457 120 28 Betalning
442 1464 27 14 av
483 1457 52 28 gäld
551 1458 82 26 (1927).

181 1515 61 22 Gäld
257 1516 41 22 vid
314 1514 115 29 dödsfall;
445 1524 22 13 se
484 1517 46 21 Arv
545 1517 82 26 (1928),
644 1516 168 28 Konkurslagen
827 1516 79 28 (1921).

181 1575 160 22 Gäldenärers
357 1575 128 27 obestånd;
502 1584 21 14 se
545 1576 200 28 Utlåningsfonder,
762 1579 80 19 statens
857 1576 73 27 (1928:
951 1577 23 25 1).

181 1634 141 23 Gäldränta.

211 1668 54 25 Ang.
282 1667 79 26 avdrag
376 1667 33 20 för
424 1667 122 26 gäldränta;
563 1673 22 14 se
604 1666 237 27 Komnmaunalskattelag
857 1666 71 27 (1928:
950 1668 26 23 1).

181 1724 125 23 Gällareds
322 1725 101 25 socken;
440 1733 21 15 se
478 1725 177 28 Avskrivningar
670 1726 73 26 (1927:
762 1727 25 27 6).

182 1784 128 23 Gällivare.

211 1817 54 25 Ang.
283 1816 138 21 anordnande
437 1823 26 14 av
479 1818 79 20 vatten-
575 1816 40 20 och
632 1816 202 26 avloppsledningar
850 1816 35 21 vid
904 1816 116 23 Gällivare;

226 1853 22 14 se
264 1845 128 28 Järnvägar
407 1846 73 26 (1927:
500 1846 39 27 10).

212 1907 53 25 Ang.
290 1906 113 21 utförande
427 1913 26 14 av
471 1906 146 26 kraftledning
635 1906 47 20 från
699 1906 107 21 Gällivare
822 1906 33 20 för
871 1905 151 26 elektrifiering

227 1943 25 13 av
276 1937 56 20 vissa
355 1936 60 20 delar
433 1943 26 14 av
476 1936 139 20 Norrbottens
631 1936 45 24 län;
693 1942 22 14 se
736 1935 189 27 Vattenfallsverk,
941 1937 81 19 statens

226 1965 73 26 (1929:
311 1966 26 26 9).

239 2001 24 17 Se
276 2001 35 17 ock
324 2001 115 19 Gellivare.

183 2052 281 31 Gällivare—Volgsjön;
480 2062 22 14 se
517 2055 135 26 Järnvägar,
670 2057 80 19 statens
766 2055 72 26 (1921:
859 2060 20 18 1;
898 2053 62 22 1923:
980 2054 40 26 23).

1267 214 2 8 i

1133 215 13 33 RH
1267 227 2 6 I
1492 226 53 18 Riks-

1109 237 35 18 25
1268 240 1 6 |
1414 254 6 2 -

1056 249 16 27 3
1109 252 41 33 2R
1167 274 46 17 Mod
1267 266 2 10 I
1345 244 68 48 ORR
1482 249 73 33 dagens
1612 257 117 18 Kamrarnas

1056 280 16 26 -
1109 297 12 10 e
1133 287 17 28 2
1188 272 81 39 otioneri
1315 276 19 45 a
1346 272 40 39 tan
1402 280 27 28 Sr
1443 305 6 16 1
1486 282 56 29 skri-
1597 286 145 23 förhandlingar

1061 303 9 39 Sc
1109 307 41 29 SN
1267 311 2 31 |
1291 309 47 13 eller
1350 310 92 12 memorial
1488 304 62 34 velser

1051 342 16 12 0
1109 338 40 11 25
1268 343 1 10 I

1056 357 17 25 2
1109 350 36 29 les
1268 360 72 26 l2le
1437 370 16 12 2
1539 370 17 12 |
1585 371 68 17 Första
1658 358 22 42 |
1686 371 43 17 And

1265 373 15 22 IN
1416 376 1 7 |
1539 377 17 12 =
1613 376 19 12 rs
1704 377 48 12 ndra

1056 386 11 9 =
1109 380 36 41 Te
1171 382 33 17 FE
1223 382 76 45 SE
1324 389 17 30 å
1381 378 9 41 Zz
1416 401 1 23 |
1437 391 18 24 5
1491 382 17 27 5
1539 391 17 24 &
1555 387 18 33 |
1582 395 70 17 kamm.
1654 387 26 33 |
1683 396 71 17 kamm.

1035 466 56 21 1929
1108 432 50 78 1:8)
1267 436 2 60 |
1288 467 12 20 6
1330 458 23 40 1|
1394 468 68 20 81174
1481 444 81 54 8Aliä0
1586 467 69 21 21:38
1660 463 60 36 |-26:
1732 473 24 16 85

1100 507 17 17 p.
1121 494 36 34 258
1268 498 1 9 |
1351 500 1 3 I
1524 504 1 9 I

1267 588 2 25 |

1036 620 57 23 19301
1108 622 41 20 1:8
1287 622 12 20 61
1330 623 8 19 1|
1392 623 70 20 821818
1481 622 80 21 Alzoo]
1587 623 67 21 18:92
1681 623 31 21 119:
1725 629 37 16 106

1100 657 57 22 |p.262

1059 720 8 10 »
1109 712 101 21 11:8/1130
1287 712 52 21 Göra
1392 713 69 20 8121318
1480 713 80 20 Al109]
1585 713 68 20 18:92
1680 713 82 21 119:106

1100 753 18 16 p.
1122 746 35 23 2638
