1813 2349
1090 180 25 20 År

1139 183 53 21 Prop.

1225 160 91 16 Motioner

1220 214 33 16 FK
1257 210 23 29 |
1283 214 34 16 AK

1374 159 79 17 Utskott

1339 214 38 15 Sml

1384 213 41 16 Avd

1516 200 21 11 nr

1497 171 57 17 Skriv.

1616 159 93 17 Protokoll

1594 213 32 16 FK

1693 213 34 16 AK

184 248 184 26 Interpellationer.

211 284 31 20 Nr
260 284 24 20 19
300 284 139 26 (Holmbäck):
454 284 55 26 Ang.
525 284 261 26 pappersransoneringen
802 284 39 20 och
856 284 41 20 den
912 284 163 26 vetenskapliga

183 313 144 21 litteraturen.

211 343 31 20 Nr
257 344 27 19 20
300 343 104 26 (Hagberg
416 343 5 20 i
434 343 96 26 Malmö):
543 344 55 26 Ang.
611 343 133 27 redogörelse
756 344 33 19 för
800 343 97 20 motiven
910 343 32 20 till
955 344 73 19 KM:ts
1040 344 36 19 be-|

182 373 45 20 slut
239 375 34 18 att
286 375 66 24 vägra
366 373 97 20 Svenska
476 374 56 19 Aero
546 373 68 26 Lloyd
628 373 126 20 koncession
769 374 26 26 på
808 373 97 27 flyglinje
919 373 78 20 mellan
1011 374 64 19 Göte-

183 403 53 26 borg
244 403 39 20 och
293 403 98 20 London.

211 433 31 20 Nr
257 433 23 20 21
300 433 131 25 (Fahlman):
443 433 55 26 Ang.
510 433 189 26 färdigställandet
709 439 28 14 av
748 439 25 14 en
785 433 33 20 för
828 433 199 20 öresundstrafiken
1038 439 38 14 av-|

182 463 52 19 sedd
246 462 114 27 isbrytare.

210 492 32 20 Nr
257 493 26 19 22
299 492 135 26 (Holmberg):
448 493 55 25 Ang.
518 492 116 27 utredning
646 499 28 13 av
688 493 74 26 frågan
773 499 35 13 om
817 492 135 27 anläggande
961 498 28 14 av
998 499 26 13 en
1034 494 42 24 väg

183 522 77 20 mellan
271 522 149 26 Sädvaluspen
430 523 39 19 och
479 522 99 20 Graddis.

211 552 31 20 Nr
257 553 26 19 23
299 552 162 26 (Kristensson):
483 552 54 26 Ang.
557 552 198 26 järnvägstrafiken
776 553 11 19 å
809 552 106 20 bandelen
935 552 141 20 Tomelilla—]

183 582 32 20 S:t
231 582 55 19 Olof.

211 612 31 19 Nr
257 612 25 19 24
299 612 108 25 (Thorell):
419 612 54 26 Ang.
484 611 167 26 beskattningen
662 618 27 13 av
700 611 201 23 realisationsvinst,
912 618 45 13 som
969 612 106 25 uppkom-

183 641 40 20 mit
234 641 36 20 vid
282 641 162 27 expropriation
456 647 28 14 av
496 641 110 27 fastighet.

213 672 31 19 Nr
259 671 26 20 25
301 671 128 26 (Svedman):
443 672 55 25 Ang.
510 671 115 26 utredning
635 677 27 14 av
673 671 26 20 de
709 671 99 20 tekniska
820 671 39 20 och
869 671 141 20 ekonomiska
1021 671 54 26 möj-|

182 701 119 26 ligheterna
310 701 33 20 för
351 701 122 26 överföring
481 707 28 14 av
518 701 138 20 vattenkraft
664 701 47 20 från
720 701 97 26 Sveriges
825 701 96 20 fastland
930 701 32 20 till
971 701 102 20 Gotland.

210 731 32 20 Nr
256 731 27 20 26
298 731 106 26 (Kempe):
416 731 54 25 Ang.
482 732 84 19 statens
577 731 147 26 övertagande
735 731 50 19 eller
795 731 82 20 inlösen
888 737 28 13 av
926 730 147 26 järnvägslån,

182 767 45 13 som
241 761 56 19 vissa
310 761 129 19 kommuner
451 761 5 19 i
469 762 73 18 västra
555 760 118 20 Värmland
686 761 102 26 upptagit
800 761 33 19 för
845 761 126 25 byggandet
982 766 28 14 av
1023 761 51 19 ban-

183 790 87 20 delarna
285 790 151 21 Dal—Västra
450 790 118 21 Värmland
582 790 39 20 och
635 786 63 24 Åmål
717 782 99 39 Årjäng.

210 820 32 20 Nr
256 820 26 20 27
298 820 124 25 (Pettersson
439 820 6 20 i
463 820 73 26 Dahl):
557 820 55 26 Ang.
632 820 102 26 åtgärder
749 820 32 20 till
796 820 155 20 förhindrande
966 826 28 14 av
1010 820 65 20 fram-

182 850 46 20 tida
238 850 111 26 planering
358 856 28 14 av
395 850 128 26 vägbyggen
532 850 110 26 allvarliga
653 850 138 26 olägenheter
800 850 79 26 uppstå
889 850 33 20 för
931 850 142 26 bebyggelsen

182 879 58 21 inom
250 880 74 20 städer
334 880 39 20 och
384 880 125 23 samhällen,
523 886 29 13 m.
562 886 28 13 m.

210 910 32 19 Nr
256 910 27 20 28
299 909 111 26 (Gavelin):
423 910 55 26 Ang.
491 911 83 18 statens
587 910 132 19 medverkan
732 909 31 20 till
776 909 136 26 uppförande
924 915 28 14 av
964 915 25 14 en
1002 915 73 20 super-]

183 939 138 20 fosfatfabrik
333 939 6 20 i
351 940 73 22 Luleå,
437 940 90 19 baserad
540 940 26 25 på
578 939 112 27 apatitslig
701 939 47 20 från
761 939 148 26 Malmberget,
922 945 28 14 m.
962 945 27 14 m.

210 969 32 20 Nr
256 969 26 20 29
298 969 90 26 (Ward):
403 969 55 26 Ang.
473 971 98 18 närmare
586 969 157 26 upplysningar
756 975 35 14 om
806 969 56 20 vissa
877 969 113 20 händelser
1004 969 5 19 i
1019 975 56 14 sam-|

182 999 111 26 manhang
304 999 49 20 med
366 999 155 26 medgivandet
533 999 31 20 till
577 998 140 27 transitering
728 1004 77 21 genom
818 998 86 27 Sverige
916 1005 28 13 av
956 999 41 19 den
1010 999 64 25 tyskal

182 1028 120 21 divisionen
315 1029 151 25 Engelbrecht.

211 1058 31 20 Nr
257 1058 27 20 30
299 1058 97 25 (Nilsson
408 1058 6 19 i
425 1058 180 26 Göingegården):
617 1058 54 26 Ang.
684 1058 132 25 redogörelse
828 1058 33 20 för
872 1057 77 20 hittills
960 1057 113 26 tillämpad

183 1087 72 26 praxis
267 1087 36 21 vid
315 1088 136 26 avgörandet
462 1094 28 13 av
502 1088 71 25 frågor
584 1088 7 19 i
602 1087 42 20 anl.
657 1094 27 13 av
698 1088 52 19 1945
762 1088 34 19 års
808 1088 34 25 lag
854 1093 34 14 om
900 1087 157 26 inskränkning
1051 1083 19 35 i

183 1119 72 18 rätten
267 1114 36 23 att
314 1118 102 19 förvärva
428 1117 229 26 jordbruksfastighet.

212 1147 31 19 Nr
257 1147 23 19 31
300 1147 127 26 (Lindberg):
448 1147 55 26 Ang.
524 1147 101 26 åtgärder
644 1147 33 19 för
697 1153 26 13 en
743 1146 128 20 effektivare
891 1146 136 26 registrering
1047 1152 27 14 av

182 1176 91 20 svenskt
284 1176 85 26 sjöfolk,
382 1183 28 13 m.
421 1183 28 13 m.

211 1206 31 20 Nr
257 1207 27 19 32
299 1206 109 26 (Hansson
423 1206 5 20 i
442 1206 108 26 Skediga):
565 1206 55 26 Ang.
635 1206 25 20 de
674 1206 125 22 kostnader,
813 1212 46 13 som
875 1206 52 19 1946
940 1206 35 19 års
988 1206 87 19 skörde-

184 1236 159 26 uppskattning
363 1236 39 19 och
424 1235 195 26 husdjursräkning
640 1236 110 19 förorsaka
771 1235 224 20 kristidsnämnderna
1016 1235 58 20 inom

182 1265 229 26 jordbruksområden,
422 1272 29 13 m.
461 1271 28 14 m.

211 1295 31 20 Nr
257 1295 27 20 33
300 1295 104 26 (Hagberg
411 1295 6 20 i
425 1295 96 25 Malmö):
530 1295 55 26 Ang.
594 1295 113 20 införande
715 1301 27 13 av
751 1294 159 27 kanalavgifter
918 1295 26 25 på
954 1294 121 21 Falsterbo-

183 1325 99 19 kanalen.

211 1355 32 19 Nr
257 1354 26 20 34
300 1354 90 26 (Onsjö):
404 1355 54 25 Ang.
473 1355 40 19 den
526 1354 158 26 yrkesmässiga
698 1354 124 20 biltrafiken
836 1354 26 26 på
875 1354 157 26 landsbygden.

211 1414 32 20 Nr
257 1414 27 19 35
299 1414 122 26 (Liedberg):
432 1414 55 26 Ang.
499 1414 107 25 ökningen
617 1420 28 13 av
655 1414 84 19 antalet
749 1413 216 26 befattningshavare
976 1413 6 20 i
992 1414 83 19 statens

183 1443 70 26 tjänst
263 1450 28 13 m.
302 1450 28 13 m.

211 1473 32 20 Nr
257 1473 27 20 36
300 1473 97 26 (Utbult):
418 1473 54 26 Ang.
492 1473 168 26 motorseglaren
680 1474 69 19 Svans
768 1473 155 20 försvinnande
943 1473 68 20 under
1029 1478 45 15 resa

184 1503 46 20 från
242 1503 89 20 Liäbeck
342 1503 32 20 till
387 1503 145 26 Köpenhamn
544 1503 7 19 i
562 1503 123 26 september
698 1502 58 21 1946.

211 1533 32 20 Nr
257 1533 27 20 37
300 1533 121 26 (Vigelsbo):
441 1533 55 26 Ang.
516 1532 148 26 tilldelningen
683 1538 28 14 av
729 1532 217 26 kvävegödselmedel
965 1532 33 20 för
1016 1533 59 19 vete-

184 1562 106 26 odlingen,
301 1568 29 14 m.
340 1568 29 14 m.

212 1592 31 20 Nr
258 1592 27 20 38
300 1592 134 25 (Osterman):
454 1592 55 26 Ang.
529 1592 113 26 byggande
661 1598 28 13 av
708 1598 26 13 en
754 1592 38 19 bro
810 1593 52 18 över
882 1591 137 20 Indalsälven
1038 1591 36 21 vid

183 1621 126 23 Järkvitsle,
320 1628 28 13 m.
358 1628 29 13 m.

211 1651 32 20 Nr
258 1651 26 20 39
300 1652 47 25 (von
362 1651 103 25 Friesen):
478 1651 55 26 Ang.
547 1651 91 25 ändring
650 1657 28 14 av
692 1651 108 20 tulltaxan
814 1651 5 19 i
832 1651 57 26 syfte
902 1652 34 19 att
949 1650 126 27 möjliggöra

183 1681 81 26 import
273 1687 28 14 av
311 1687 64 14 varor
384 1681 128 20 tillverkade
522 1687 27 14 av
560 1681 72 26 nylon.

211 1711 32 19 Nr
258 1710 26 20 40
299 1710 141 26 (Ljungberg):
455 1711 54 25 Ang.
524 1711 41 19 den
579 1710 126 20 nuvarande
719 1710 219 20 bränslesituationen
952 1716 28 14 m.
990 1716 29 14 m.

212 1770 31 20 Nr
258 1770 23 19 41
300 1769 133 27 (Lundberg):
451 1770 55 26 Ang.
525 1770 147 26 avhjälpande
689 1776 28 13 av
734 1769 141 20 ekonomiska
893 1769 133 26 svårigheter
1043 1769 33 20 för

184 1799 106 27 polismän
300 1801 35 19 att
343 1800 106 26 genomgå
459 1801 84 18 statens
553 1799 122 26 polisskola.

211 1829 32 20 Nr
258 1829 26 20 42
300 1829 157 26 (Henriksson):
479 1830 54 25 Ang.
555 1829 314 26 monopolutredningsbyråns
890 1829 77 26 åtgärd
988 1830 35 19 att
1043 1829 32 19 till

184 1858 150 27 tidningarnas
344 1859 158 26 telegrambyrå
513 1859 33 20 för
556 1859 133 26 publicering
698 1859 98 20 utlämna
808 1859 56 19 vissa
874 1859 67 19 avtal.

211 1889 32 20 Nr
257 1889 27 20 43
300 1889 124 26 (Pettersson
440 1889 6 19 i
463 1889 141 25 Ersbacken):
621 1889 54 25 Ang.
692 1889 141 19 anordnande
848 1895 29 13 av
892 1888 134 20 kostnadsfri
1042 1890 34 18 ut-|

184 1918 97 26 bildning
292 1918 36 20 vid
340 1919 85 20 landets
436 1918 243 26 sjuksköterskeskolor,
691 1924 28 14 m.
730 1924 28 14 m.

212 1948 31 20 Nr
258 1948 25 20 44
300 1948 106 26 (Kempe):
419 1948 55 26 Ang.
488 1948 79 26 förslag
580 1954 34 14 om
628 1949 83 19 statens
724 1948 147 26 övertagande
883 1954 28 14 av
925 1948 64 20 Seffle
1001 1947 75 21 kanal-

184 1977 69 27 bolag.

211 2008 32 19 Nr
258 2007 26 20 45
300 2008 43 25 (fru
357 2008 112 25 Västberg):
480 2008 54 26 Ang.
545 2008 133 25 förbättring
687 2013 28 14 av
725 2007 230 26 förlossningsvården.

211 2067 31 20 Nr
257 2067 27 19 46
299 2067 124 26 (Pettersson
434 2067 6 20 i
451 2067 73 26 Dahl):
534 2067 55 26 Ang.
601 2067 80 20 bristen
692 2067 27 26 på
728 2067 134 20 arbetskraft
871 2066 59 20 inom
939 2066 136 26 jordbruket:

1089 285 28 20 47

1572 285 33 20 30:
1617 287 10 17 2

1572 314 33 20 36:
1618 315 24 19 1d

1686 820 18 19 6:

1674 760 28 22 -—
1685 731 12 19 &
1674 699 28 21 ma
1685 611 12 50 OA

1702 346 25 17 :9

1701 380 4 13 :
1717 374 38 20 46d

1701 435 40 18 :15

1701 469 4 13 :
1716 463 25 20 6d

1701 495 40 17 :24

1701 529 4 13 :
1718 522 23 20 1d

1701 558 3 13 :
1716 554 25 17 69

1701 588 3 13 :
1716 582 25 19 5d

1715 614 11 17 3

1700 643 26 17 38

1716 673 10 17 4

1700 707 4 13 :
1716 701 39 19 20d

1700 732 26 17 :4

1700 760 55 20 :19d

1717 822 23 17 12

1665 835 90 34 31:143d

1700 938 41 20 rod

1701 1240 4 13 :
1718 1234 38 19 19d

1701 1322 41 20 :1d

1702 1354 39 18 va8

1702 1382 41 20 vid

1702 1448 3 13 :
1717 1441 39 20 24d

1702 1803 4 14 :
1717 1797 39 20 25d

1702 1922 4 14 :
1717 1916 39 20 43d

1702 1952 4 14 :
1711 1948 30 18 13

1701 1982 5 13 :
1717 1975 40 20 68dj

1702 2012 4 13 :
1711 2007 30 18 75

1701 2041 5 13 :
1718 2034 39 20 12dj

1702 2100 4 14 :
1717 2094 40 19 28d
