1809 2329
755 57 223 34 SAKREGISTER
1625 61 39 19 279

1127 152 89 17 Motioner
1271 148 80 30 Utskott
1435 164 4 4 z
1517 153 91 17 Protokoll

992 173 25 20 År
1014 169 20 32 |
1040 176 53 21 Prop.
1423 165 27 40 er

1123 206 30 17 FK
1151 201 29 31 |
1188 207 31 16 AK
1242 205 85 19 [SmllAvd]|
1351 206 26 17 Nr
1497 207 30 16 FK
1596 207 31 16 AK

84 245 199 26 Fastighetsfond,
292 247 93 20 Statens
395 246 119 21 allmänna

103 281 9 14 3
130 276 45 19 Till
192 276 131 25 ersättning
338 276 35 21 till
390 277 89 20 statens
495 277 119 20 allmänna
631 276 182 25 fastighetsfond
829 276 93 20 anvisas
938 276 34 20 tilll
995 277 30 22 58)
1042 279 35 20 1:5
1135 291 27 3 a
1200 291 27 2 riset
1266 279 13 20 Öh
1300 291 27 3 ed
1371 279 13 21 10
1436 280 64 20 318:
1516 284 22 16 26
1546 274 24 32 |
1580 280 21 20 8:
1617 284 22 16 30

130 305 350 26 beskickningsfastigheternas
497 306 95 20 delfond
610 306 12 20 3
632 306 42 21 835
683 306 42 21 000
742 306 35 21 kr.
793 306 44 20 och
853 306 35 20 till
904 306 69 25 bygg-
1058 313 21 15 12
1364 314 21 15 14

130 335 188 25 nadsstyrelsens
328 335 95 21 delfond
433 336 41 20 442
484 336 41 20 000
536 336 34 20 kr.
1033 343 46 16 13

103 370 10 14 4
132 364 39 21 RD
187 365 94 20 anvisar
296 365 34 20 till
346 365 130 26 ersättning
491 366 35 20 till
541 367 89 19 statens
645 365 119 21 allmänna
780 365 191 25 fastighetsfond:]|
995 367 30 22 581
1042 369 36 20 1:6
1158 381 4 2 I
1222 380 5 4 1
1243 363 18 34 1
1266 369 13 20 6
1301 381 25 2 —Ii
1371 369 13 20 4
1437 369 64 21 4110:
1516 374 23 15 20
1567 369 35 21 110:
1617 374 22 15 78

131 394 35 20 till
183 394 246 26 slottsbyggnadernas
445 395 94 20 delfond
555 395 27 20 73
592 395 41 21 000
648 395 35 20 kr.
698 395 43 20 och
756 395 35 20 till
806 395 167 25 byggnadssty-
1053 403 33 15 154
1363 403 22 16 49

131 424 89 20 relsens
230 424 95 20 delfond
336 425 40 20 361
387 425 42 20 000
440 425 34 20 kr.
1034 433 57 15 —155

103 459 9 14 5
132 453 39 21 RD
187 454 95 20 anvisar
296 454 35 20 till
346 454 131 25 ersättning
491 455 35 20 till
542 455 88 20 statens
645 454 119 21 allmänna
780 454 192 26 fastighetsfond:]|
995 456 30 22 58)
1042 458 35 20 1:7
1135 470 92 3 alt
1266 458 118 21 Se
1437 459 12 20 51
1480 459 21 20 9:
1517 463 22 16 52
1547 453 24 32 |
1581 459 59 20 9:104

131 483 249 25 byggnadsstyrelsens
395 484 95 20 delfond
506 484 12 19 3
528 484 41 20 525
579 484 41 20 000
636 484 34 21 kr.
685 484 44 20 och
743 484 35 20 till
794 484 130 26 ersättning
938 485 34 20 till
1052 492 34 16 124
1363 493 22 15 83

131 513 180 20 domänverkets
321 513 56 20 fond
388 513 36 20 för
433 513 111 25 upplåten
554 514 67 20 mark
632 514 41 20 138
682 514 42 20 600
734 514 34 20 kr.
1034 522 57 16 —125

104 547 9 14 6
131 542 45 20 Till
192 542 130 25 ersättning
337 543 35 19 till
388 544 89 19 statens
493 543 119 20 allmänna
627 543 192 25 fastighetsfond:
836 543 137 26 slottsbygg-|
995 545 30 22 581
1042 547 36 20 1:8
1135 559 27 3 ins
1201 559 26 3 isen
1266 547 13 20 Bl
1437 547 64 21 6112:
1517 547 85 21 78-12:
1618 552 22 16 87

131 571 117 21 nadernas
259 571 94 21 delfond
364 572 93 20 anvisas
469 572 9 20 1
489 572 42 20 352
541 572 42 20 000
593 572 34 20 kr.
1057 581 21 15 61
1364 581 21 16 78

104 606 8 14 7
130 601 45 19 Till
193 601 131 25 ersättning
340 601 35 20 till
393 602 88 19 statens
498 602 120 20 allmänna
634 602 193 25 fastighetsfond:
844 602 129 26 byggnads-|
995 604 30 22 58)
1042 606 36 20 1:8
1135 618 27 3 a
1201 606 78 21 fuel
1301 607 83 19 vt
1437 607 65 20 6112:
1517 611 22 16 73
1568 607 34 20 |12:
1618 611 22 16 37

131 630 127 25 styrelsens
268 631 95 20 delfond
373 631 93 20 anvisas
476 631 12 20 2
498 631 43 20 424
549 631 42 21 000
601 632 34 19 kr.
1057 640 22 16 62
1363 641 22 15 78

103 665 10 14 8
130 660 45 19 Till
193 660 131 25 ersättning
340 660 35 20 till
393 661 88 19 statens
498 661 119 20 allmänna
634 661 193 25 fastighetsfond:
844 661 129 26 byggnads-|
995 664 30 22 58)
1042 666 36 20 1:9
1135 677 27 4 sl
1201 677 26 3 1
1266 666 117 20 Bl
1438 666 11 20 71
1481 666 20 21 9:
1517 671 22 15 69
1547 661 26 33 |
1582 666 57 21 9:121

131 689 127 25 styrelsens
268 690 94 20 delfond
373 690 93 20 anvisas
477 690 9 20 1
498 690 41 20 105
549 690 41 21 000
600 691 35 20 kr.
1057 700 22 15 67
1363 700 22 16 27

103 724 10 14 9
131 719 44 20 Till
190 719 130 25 ersättning
334 719 34 20 till
384 720 88 20 statens
486 720 119 20 allmänna
619 720 192 25 fastighetsfond:
826 721 148 25 generaltull-|
995 723 30 22 58)
1042 725 36 20 1:9
1135 725 192 20 uc.päsrtuölsblnåg
1438 726 11 19 71
1481 726 20 20 9:
1517 730 22 16 69
1545 721 30 33 |
1582 726 57 20 9:121

132 749 126 24 styrelsens
269 749 94 20 delfond
374 749 93 20 anvisas
477 749 42 20 340
529 750 41 20 000
581 750 34 20 kr.
1057 759 22 16 68
1363 760 22 15 27

90 783 23 15 10
132 778 39 20 RD
187 778 95 20 anvisar
296 779 35 19 till
347 779 129 25 ersättning
491 779 34 20 till
541 780 89 19 statens
645 779 119 21 allmänna
779 779 192 26 fastighetsfond:|
995 783 98 22 581-10]
1135 796 27 3 —|I
1201 796 26 3 —I
1266 785 13 20 6
1301 797 26 3 —I
1372 785 13 20 8
1437 785 65 21 8110:
1517 790 21 15 21
1568 785 34 21 110:
1618 790 22 15 90

131 808 35 19 till
180 808 233 25 slottbyggnadernas
426 808 94 21 delfond
533 809 27 20 29
570 809 42 20 000
625 809 42 23 kr.,
678 809 35 20 till
725 809 248 26 byggnadsstyrelsens
1052 819 34 15 346
1364 820 22 15 68

131 837 95 20 delfond
240 838 25 19 13
276 838 41 19 779
327 838 42 20 000
380 838 42 23 kr.,
433 838 35 20 till
479 838 102 25 Uppsala
592 839 149 20 universitets
751 839 95 20 delfond
859 840 9 19 1
880 839 41 21 560
931 840 41 20 000

131 867 28 19 kr
168 867 44 20 och
222 867 34 20 till
267 867 80 21 Lunds
357 868 149 20 universitets
516 868 95 20 delfond
622 868 9 20 1
643 868 41 20 193
694 868 42 21 000
745 869 35 20 kr.

89 902 22 14 11
130 897 45 19 Till
193 897 130 25 ersättning
340 897 35 20 till
393 898 88 19 statens
498 898 119 20 allmänna
634 897 192 26 fastighetsfond:
844 899 129 25 byggnads-|
995 902 30 22 58|
1043 904 48 20 1:11]
1135 915 27 3 —I
1201 916 26 3 —I
1266 904 13 20 6
1301 916 27 3 —|
1374 904 9 20 1
1437 904 65 21 9111:
1517 909 22 15 97
1568 904 72 21 |11:148

132 926 126 25 styrelsens
268 926 95 21 delfond
374 927 93 20 anvisas
477 927 12 20 5
498 927 40 20 841
551 927 41 20 000
603 927 34 20 kr.
1053 926 33 34 185
1353 939 32 15 191

90 961 23 14 12
132 956 39 20 RD
187 956 94 20 anvisar
296 956 35 20 till
346 956 130 25 ersättning
491 957 35 19 till
541 958 89 19 statens
645 957 119 21 allmänna
780 957 191 26 fastighetsfond:]
995 961 30 22 58)
1043 963 50 20 1:12]
1136 975 26 3 —|
1201 975 26 3 —I
1267 964 13 20 6
1301 976 26 2 —1!
1358 964 27 20 101
1424 963 78 21 10112:
1517 968 22 15 24
1568 963 35 21 112:
1618 968 22 15 60

131 986 34 19 till
185 985 248 25 byggnadsstyrelsens
452 986 95 20 delfond
565 986 64 21 2089
639 986 41 21 000
699 987 34 20 kr.
751 988 44 20 och
813 988 35 20 till
866 987 108 25 sjöfarts-
1053 997 32 16 121
1364 998 22 16 85

131 1015 126 25 styrelsens
268 1015 94 20 delfond
373 1016 40 19 591
425 1015 41 20 000
477 1016 34 20 kr.
1034 1027 57 15 —122

90 1053 22 14 13
132 1048 39 19 RD
187 1048 94 20 anvisar
296 1048 34 20 till
346 1049 131 24 ersättning
491 1049 35 20 till
542 1050 88 19 statens
646 1049 119 20 allmänna
780 1048 192 26 fastighetsfond:|
996 1051 29 21 58|
1043 1052 50 20 1:13]
1136 1064 26 3 —|
1201 1064 27 3 —I
1266 1053 14 20 6)
1301 1065 27 2 —I
1357 1053 27 20 321
1422 1053 27 20 871
1482 1053 19 20 7:
1517 1057 22 15 33
1550 1044 22 34 |
1583 1053 19 20 7:
1618 1057 22 15 74

131 1077 35 20 till
183 1077 249 26 byggnadsstyrelsens
449 1078 95 20 delfond
562 1078 63 21 7942
635 1079 42 20 000
694 1079 42 23 kr.,
752 1079 35 20 till
804 1079 102 25 Uppsala
923 1079 50 20 uni-
1052 1086 34 16 205
1364 1087 22 16 55

130 1107 107 20 versitets
259 1107 95 20 delfond
375 1107 42 21 873
427 1108 41 20 000
489 1108 42 23 kr.,
551 1108 35 20 till
607 1108 251 25 medicinalstyrelsens
879 1108 94 20 delfond
1034 1116 57 16 —209

132 1136 27 20 13
168 1136 43 20 234
220 1136 42 21 000
274 1137 42 23 kr.,
329 1138 61 19 samt
401 1137 35 20 till
448 1137 141 21 Karolinska
601 1137 137 25 sjukhusets
751 1138 94 20 delfond
857 1138 13 20 2
880 1138 41 20 202
931 1138 42 21 000

131 1166 46 23 kr.;
194 1166 44 20 och
255 1166 94 20 anvisar
365 1167 39 20 RD
421 1167 35 20 till
473 1167 129 25 ersättning
618 1168 34 19 till
669 1168 179 20 domänverkets
864 1168 56 20 fond
937 1168 36 20 för

131 1196 112 25 upplåten
254 1196 67 20 mark
333 1196 25 20 15
368 1196 41 20 200
421 1196 33 21 kr.

90 1232 23 14 14
132 1226 39 20 RD
187 1226 94 20 anvisar
296 1226 35 20 till
347 1227 129 24 ersättning
491 1226 35 20 till
542 1227 88 20 statens
646 1227 118 20 allmänna
779 1227 193 25 fastighetsfond:|
995 1229 30 22 58)
1043 1230 51 21 1:14]
1136 1243 26 2 —|
1201 1243 26 3 —I
1267 1231 13 20 6)
1302 1243 26 3 —|
1358 1231 26 20 121
1424 1231 26 21 121
1481 1231 21 20 8:
1517 1235 22 16 26
1545 1222 27 34 |
1582 1231 21 20 8:
1618 1235 22 16 30

130 1256 249 25 byggnadsstyrelsens
394 1256 95 20 delfond
505 1256 41 20 135
556 1256 41 20 000
613 1256 42 24 kr.,
669 1257 35 19 till
719 1256 148 21 kommittéer
880 1257 44 20 och
938 1258 35 20 ut-
1057 1265 22 15 22
1376 1266 10 15 8

131 1286 125 24 redningar
274 1291 83 20 genom
375 1286 148 25 sakkunniga
541 1286 42 20 500
593 1286 41 20 000
660 1286 42 24 kr.,
726 1286 35 20 till
786 1286 127 21 kostnader
937 1287 37 20 för
1035 1295 44 15 —27

130 1315 63 20 vissa
211 1315 178 25 förhandlingar
407 1321 30 14 m.
456 1321 30 14 m.
506 1315 25 20 10
541 1315 42 20 000
601 1315 42 24 kr.,
661 1316 35 20 till
714 1316 126 20 kostnader
858 1316 36 21 för
911 1317 62 20 vissa

132 1345 115 20 nämnder
260 1351 30 14 m.
303 1351 30 14 m.
347 1345 41 20 200
399 1345 42 20 000
454 1345 42 23 kr.,
508 1345 35 20 till
557 1346 64 19 extra
634 1345 96 25 utgifter
743 1345 27 21 20
780 1345 42 21 000
835 1346 34 20 kr.
882 1346 43 20 och
938 1346 34 21 till

131 1374 227 26 arbetsgivarbidrag
381 1375 35 20 till
440 1375 45 20 den
509 1375 119 20 allmänna
651 1375 221 25 sjukförsäkringen
896 1382 30 15 m,
943 1382 30 14 m.

133 1405 26 19 18
168 1404 42 21 500
220 1404 42 20 000
273 1404 35 20 kr.

90 1441 22 14 15
132 1435 39 20 RD
187 1435 136 25 godkänner
338 1434 88 25 förslag
440 1434 35 20 till
491 1435 46 19 stat
552 1434 36 20 för
603 1435 88 20 statens
707 1435 119 21 allmänna
840 1435 133 26 fastighets-|
995 1437 30 22 58|
1043 1439 49 20 1:21]
1136 1451 26 3 —|
1201 1451 26 3 —I
1266 1439 14 20 6)
1302 1451 26 3 —I
1357 1439 28 21 231
1423 1439 28 21 601
1482 1439 21 20 5:
1518 1443 22 16 34
1549 1430 23 35 |
1583 1439 21 20 5:
1619 1443 22 16 70

132 1465 56 20 fond
200 1464 36 20 för
246 1464 137 25 budgetåret
394 1464 98 20 1958/59.

131 1526 57 25 Ang.
209 1527 47 19 stat
276 1526 37 20 för
333 1527 88 20 statens
441 1526 119 21 allmänna
580 1526 182 26 fastighetsfond
782 1525 37 21 för
837 1524 137 27 budgetåret]
996 1526 29 22 58)
1043 1528 48 20 1:21]
1136 1540 26 3 —I
1201 1540 26 3 —JI
1267 1528 13 21 6
1302 1540 26 3 —I
1359 1528 27 20 181]
1426 1540 26 3 —J
1482 1528 20 21 3:
1517 1532 22 16 35
1549 1520 23 36 |
1583 1528 20 20 3:
1619 1532 22 16 99

133 1551 98 35 1958/59.
996 1556 20 22 B

104 1615 7 14 1
132 1610 39 20 RD
187 1610 94 20 anvisar
296 1610 35 19 till
346 1610 131 25 ersättning
491 1610 35 19 till
542 1610 88 20 statens
645 1609 119 20 allmänna
780 1608 192 26 fastighetsfond:]
996 1609 30 22 59|
1043 1611 35 20 1:4
1201 1624 27 2 PET
1267 1611 118 21 gLRAA
1438 1612 13 20 21
1482 1611 20 20 5:
1517 1615 23 16 34
1548 1605 24 32 |
1582 1611 21 21 5:
1619 1616 22 15 67

131 1640 35 19 till
182 1639 255 25 fångvårdsstyrelsens
451 1639 95 20 delfond
561 1639 12 20 3
583 1639 42 20 694
634 1639 42 21 000
690 1639 34 20 kr.
739 1639 43 20 och
795 1639 35 20 till
844 1638 129 25 byggnads-
1040 1645 58 16 51-54
1365 1645 22 16 44

132 1669 127 25 styrelsens
271 1669 94 20 delfond
379 1669 9 20 1
401 1669 41 20 130
452 1669 41 20 000
506 1669 42 23 kr.,
559 1669 35 20 till
606 1668 130 26 ersättning
747 1668 35 20 till
794 1668 179 20 domänverkets

132 1698 57 21 fond
204 1698 36 21 för
253 1698 112 26 upplåten
379 1699 73 20 mark
461 1698 40 21 137
512 1698 41 21 400
567 1699 34 19 kr.
615 1700 61 19 samt
688 1698 35 20 till
736 1698 130 25 ersättning
878 1698 36 20 till
928 1697 45 21 för-

131 1729 89 20 svarets
247 1728 182 25 fastighetsfond
455 1728 37 20 för
518 1728 245 25 fångvårdsanstalten
787 1728 8 20 i
819 1727 155 25 Hälsingborg

132 1758 27 20 45
169 1758 42 20 000
223 1758 34 20 kr.

103 1793 10 15 2
132 1788 39 20 RD
188 1788 94 20 anvisar
297 1788 34 20 till
347 1787 130 26 ersättning
491 1788 35 20 till
542 1788 89 20 statens
646 1787 119 20 allmänna
780 1786 192 26 fastighetsfond:]
996 1787 30 23 59]
1043 1789 35 21 1:5
1136 1802 27 3 tl
1202 1790 126 20 AFA
1373 1790 13 20 08
1439 1790 12 20 31
1482 1790 20 20 7:
1518 1794 22 15 56
1549 1784 24 32 |
1583 1790 58 20 7:119

131 1818 36 19 till
190 1817 349 25 beskickningsfastigheternas
562 1817 95 20 delfond
680 1817 12 20 3
701 1816 94 22 804000
816 1817 35 20 kr.
873 1817 43 20 och
938 1816 35 21 till
1041 1812 57 34 12-13
1365 1824 22 16 20

131 1847 249 25 byggnadsstyrelsens
391 1847 94 20 delfond
496 1847 41 20 447
548 1847 41 20 000
600 1847 34 20 kr.

103 1883 10 14 3
132 1877 39 20 RD
187 1877 95 20 anvisar
296 1877 35 20 till
347 1877 130 25 ersättning
492 1877 34 20 till
542 1878 89 19 statens
646 1877 119 20 allmänna
780 1876 192 26 fastighetsfond:]|
996 1877 30 22 591
1044 1879 36 20 1:6
1136 1891 92 3 säll
1268 1879 13 20 20
1438 1879 65 20 4112:
1518 1883 22 16 44
1569 1879 34 20 12:
1619 1884 21 15 41

132 1907 34 20 till
183 1906 247 26 slottsbyggnadernas
445 1906 95 21 delfond
556 1906 27 20 73
592 1906 42 21 000
649 1906 35 20 kr.
699 1906 43 20 och
756 1906 35 20 till
806 1906 168 25 byggnadssty-
1054 1913 33 16 172
1354 1913 33 16 115

132 1936 88 21 relsens
231 1936 95 21 delfond
336 1936 42 21 353
388 1936 42 20 000
440 1936 35 20 kr.
594 1951 3 1 -
1035 1943 57 15 —i73

104 1972 10 15 4
132 1966 40 21 RD
188 1966 94 20 anvisar
297 1966 35 20 till
347 1965 130 26 ersättning
492 1965 35 21 till
542 1966 89 20 statens
646 1965 119 21 allmänna
780 1965 192 25 fastighetsfond:|
996 1966 30 22 591
1044 1968 34 20 1:7
1137 1980 26 4 Sp
1202 1980 27 4 I
1268 1968 60 21 ghade
1373 1968 13 21 5
1438 1968 14 21 51
1483 1968 20 20 7:
1518 1972 22 16 86
1551 1963 22 33 |
1583 1968 58 20 7:148

132 1995 249 26 byggnadsstyrelsens
396 1994 96 21 delfond
507 1994 64 21 4070
581 1994 41 21 000
638 1995 34 20 kr.
687 1995 44 20 och
745 1995 35 20 till
795 1995 130 25 ersättning
939 1994 35 21 till
1054 2002 34 16 123
1365 2002 22 16 79

132 2025 180 20 domänverkets
322 2024 57 21 fond
389 2024 36 20 för
434 2024 112 25 upplåten
556 2024 67 20 mark
634 2024 39 20 147
684 2024 41 20 300
736 2024 34 20 kr.
1035 2032 58 15 —124

105 2061 9 15 5
132 2055 45 20 Till
193 2054 132 26 ersättning
339 2054 35 21 till
390 2055 89 19 statens
494 2053 120 21 allmänna
628 2053 193 26 fastighetsfond:
837 2053 138 27 slottsbygg-]|
997 2055 30 22 591
1044 2057 36 21 1:8
1137 2069 27 4 —I
1203 2069 26 4 —I
1267 2057 14 21 6
1303 2069 26 4 —
1373 2057 14 20 61
1439 2057 64 21 611:
1518 2061 23 16 89
1569 2057 73 20 H1:140

133 2085 117 20 nadernas
261 2084 95 21 delfond
367 2084 92 20 anvisas
471 2083 9 21 1
491 2083 43 21 280
544 2083 41 21 000
596 2083 34 21 kr.
863 2106 2 2 l
1059 2091 22 16 60
1365 2091 23 16 68
