1817 2354
746 149 223 17 SAKREGISTER

72 441 328 24 BYGGNADSKOSTNADER,
415 441 162 26 landsbygdens.

100 471 42 20 RD
157 471 104 23 anhåller,
276 472 34 18 att
325 470 64 20 KM:t
403 471 69 19 måtte
486 471 45 20 låta
545 471 118 20 verkställa
678 477 25 13 en
718 471 84 26 allsidig
817 471 39 20 och
870 471 43 21 för-

114 501 167 26 utsättningslös
296 500 117 26 utredning
428 506 35 14 om
478 500 165 27 möjligheterna
658 502 35 18 att
707 501 119 26 nedbringa
841 501 72 20 lands-

114 531 97 26 bygdens
227 530 239 26 byggnadskostnader.

100 590 123 20 Kamrarna
236 589 60 20 avslå
309 589 107 20 motioner
428 596 35 13 om
475 590 101 26 åtgärder
588 590 33 20 för
633 590 161 26 nedbringande
806 596 28 14 av
846 591 67 26 bygg-

114 619 202 20 nadskostnaderna
325 619 7 20 i
340 619 61 27 fråga
411 625 35 14 om
456 619 40 20 den
505 619 111 27 offentliga
624 620 287 26 byggnadsverksamheten.

141 656 22 16 Se
176 656 35 16 ock
224 656 52 20 Egna
290 656 43 15 hem
347 655 60 20 (1932:
416 655 23 19 6).

72 715 272 20 BYGGNADSKURSER.

101 745 41 20 RD
165 745 72 20 avslår
256 745 109 20 motioner
385 751 36 13 om
441 745 75 26 anslag
536 745 33 20 till
590 745 241 26 stipendieunderstödd
852 746 61 20 kurs-

115 775 139 20 verksamhet
268 774 58 20 inom
342 774 187 27 byggnadsfacket
543 774 34 20 för
590 774 160 26 landsbygdens
765 775 147 21 småbrukare.

72 831 204 23 BYGGNADSLÅN
292 834 37 20 UR
343 834 221 24 KYRKOFONDEN;
578 840 21 14 se
613 834 150 26 Kyrkofonden
778 834 78 26 (1932).

72 890 308 28 BYGGNADSLÅNEBYRAÅ,
395 896 88 17 statens.

99 923 41 20 Till
152 925 84 18 statens
248 923 218 26 byggnadslånebyrå
478 923 87 20 anvisas
577 925 33 18 ett
622 923 74 26 anslag
708 930 28 13 av
748 923 25 20 36
782 923 41 20 000
835 924 32 20 kr.
880 924 32 26 (f).

99 1012 41 20 Till
152 1014 84 18 statens
248 1012 217 27 byggnadslånebyrå
478 1012 87 21 anvisas
577 1014 32 18 ett
621 1013 75 26 anslag
708 1019 27 14 av
748 1013 26 20 36
782 1013 41 20 000
835 1014 32 19 kr.
880 1013 33 26 (f).

99 1102 41 19 Till
152 1103 84 19 statens
248 1102 218 26 byggnadslånebyrå
479 1102 86 20 anvisas
577 1103 33 19 ett
621 1102 75 26 anslag
708 1108 28 14 av
747 1102 27 20 40
783 1102 41 20 000
835 1103 32 20 kr.
880 1103 33 26 (f).

100 1191 40 20 Till
152 1192 84 19 statens
248 1191 217 26 byggnadslånebyrå
478 1192 87 19 anvisas
577 1193 32 18 ett
621 1192 75 26 anslag
708 1198 28 14 av
748 1192 26 20 53
783 1192 40 19 000
836 1193 31 19 kr.
881 1192 32 27 (f).

99 1281 41 19 Till
152 1282 84 19 statens
248 1281 218 26 byggnadslånebyrå
479 1281 86 20 anvisas
577 1282 33 19 ett
622 1281 74 26 anslag
708 1287 28 14 av
748 1281 26 21 52
783 1281 40 21 500
835 1282 32 20 kr.
880 1282 33 26 (f).

72 1353 111 20 BYGGNA
187 1349 218 35 DSMARKNADEN:;
429 1359 22 14 se
470 1354 179 25 Interpellationer
664 1353 63 26 (1940
737 1354 26 20 U:
777 1355 38 25 13).

71 1414 386 29 BYGGNADSMINNESMÄRKEN;
486 1425 22 13 se
538 1419 218 26 Byggnadsstyrelsen;
790 1420 123 24 Vitterhets-,

98 1448 95 20 historie-
207 1448 37 20 och
259 1448 242 20 antikvitetsakademien
516 1448 70 26 (1931:
599 1451 17 21 2;
633 1449 59 20 1932:
705 1451 17 21 7,
741 1451 16 21 9,
777 1451 29 22 17;
823 1449 59 21 1933:
895 1452 17 22 2,

102 1480 17 21 4;
136 1477 60 21 1934:
209 1480 17 21 2;
244 1477 59 21 1935:
316 1478 26 25 4).

71 1539 297 24 BYGGNADSNÄMNDER.

100 1573 62 20 RD:s
174 1573 105 26 yttrande
290 1573 6 20 i
309 1573 43 20 anl.
365 1579 28 14 av
405 1580 61 20 prop.
480 1579 48 21 ang.
543 1574 100 26 tillsynen
657 1576 51 18 över
720 1574 140 20 anordnande
873 1575 39 20 och

114 1603 141 26 begagnande
270 1609 28 14 av
314 1603 68 20 hissar
397 1603 6 20 i
418 1603 133 26 boningshus
566 1609 29 15 m.
605 1610 28 14 m.

71 1668 112 21 BYGGNA
187 1664 174 35 DSORDNING;
376 1674 22 14 se
417 1669 144 20 Brandväsen.

72 1724 268 35 BYGGNADSPLANER.
508 1743 3 2 :

98 1758 42 20 Till
149 1758 96 20 förskott
255 1764 29 14 av
294 1758 119 20 kostnader
421 1759 34 20 för
464 1759 139 26 uppgörande
612 1765 28 14 av
649 1759 188 26 byggnadsplaner
845 1760 69 19 under

114 1788 96 26 Utgifter
221 1788 34 20 för
265 1788 167 26 kapitalökning
443 1789 40 19 och
494 1789 75 20 rubrik
580 1788 89 21 Fonden
680 1789 34 20 för
724 1789 69 26 förlag
803 1789 33 21 till
847 1791 65 18 stats-

113 1818 76 19 verket
200 1818 87 19 anvisas
298 1819 33 18 ett
342 1818 75 26 anslag
428 1824 28 14 av
465 1818 84 20 200000
560 1819 32 19 kr.
605 1818 27 26 (r)
644 1820 34 18 att
689 1819 52 26 utgå
750 1824 29 15 av
787 1819 125 20 lånemedel.

101 1871 41 19 RD
153 1871 87 20 anvisar
250 1871 32 20 till
292 1871 96 20 förskott
397 1878 28 13 av
434 1872 118 19 kostnader
561 1872 34 20 för
605 1872 139 26 uppgörande
754 1878 28 14 av
792 1872 122 27 byggnads-

114 1900 75 27 planer
202 1902 33 18 ett
248 1901 75 26 anslag
336 1907 28 14 av
377 1901 41 20 300
426 1901 41 20 000
480 1902 32 19 kr.
527 1901 28 26 (r)
568 1903 35 18 att
616 1902 53 26 utgå
682 1907 28 15 av
723 1902 119 20 lånemedel
855 1904 59 19 samt

114 1930 117 26 medgiver,
251 1932 35 18 att
304 1937 28 13 av
351 1931 38 20 det
406 1931 34 20 för
458 1931 147 20 innevarande
624 1931 107 27 budgetår
748 1932 105 20 anvisade
870 1932 44 20 för-

115 1960 155 26 slagsanslaget
284 1960 33 20 till
332 1960 140 21 oförutsedda
486 1961 91 26 utgifter
589 1961 35 20 må
633 1961 34 20 för
674 1961 165 26 ifrågavarande
848 1962 65 20 ända-

114 1989 44 20 mål
174 1990 134 20 utanordnas
322 1990 64 26 högst
401 1990 39 20 150
449 1990 41 20 000
503 1991 40 23 kr.,
558 1992 35 19 att
602 1991 134 20 omedelbart
745 1991 55 20 efter
808 1991 106 27 ingången

114 2025 28 14 av
160 2019 130 26 budgetåret
310 2020 117 26 1937/1938
445 2022 93 18 ersättas
552 2020 47 20 från
614 2020 37 20 det
665 2021 33 20 för
712 2027 81 14 samma
808 2021 107 26 budgetår

115 2049 104 20 anvisade
232 2049 105 27 anslaget.

53 2103 27 15 36.
96 2103 114 20 Sakregister.
226 2104 15 15 I.

1619 149 36 21 281

1196 222 107 31 Utskotts-
1364 222 67 31 Riks-
1641 210 16 43 I

990 249 56 34 Kungl.
1100 275 3 3 É
1195 256 117 20 utlåtanden,
1355 251 82 33 dagens
1497 245 80 34 Rana
1582 250 33 12 tes

993 282 54 19 Maj:ts|
1059 274 91 16 Motioner
1178 287 95 16 memorial.
1287 287 44 16 eller
1380 287 37 16 Skäl
1488 276 139 20 förhandlingar

939 307 26 19 År
994 315 50 15 Ipropir
1189 317 130 16 betänkanden
1371 311 60 32 velser
1513 305 87 21 (BEOEnT)

1001 343 36 14 eller

993 372 55 15 SBIvIL
1061 383 34 16 ER
1096 368 16 41 |
1113 383 35 16 AR
1169 372 16 50 å
1213 373 10 51 EZ
1251 384 90 16 Nummer|
1358 384 90 15 Nummer
1471 371 70 41 ae
1572 368 62 48 ade

929 472 53 20 1939]
1007 483 27 3 —
1089 472 142 20 57122]
1262 472 21 20 11
1366 473 40 20 279
1470 473 32 20 27:
1515 469 78 35 135127:
1605 476 25 18 69
1640 474 13 19 d

1063 502 38 20 1061
1117 502 38 20 105]
1172 502 24 20 13)
1218 502 13 21 21
1274 502 12 20 7
1471 503 78 20 28:1d

1062 532 39 20 1071
1117 532 38 20 176

930 590 53 21 1940]
1007 603 20 2 —
1038 586 23 36 |
1075 591 80 21 231198)
1172 591 25 20 12
1220 591 8 20 11
1274 592 12 19 6
1394 604 28 2 —
1440 588 23 35 |
1470 592 69 20 26:38

1173 621 24 20 13
1218 621 13 21 21
1274 622 13 19 2
1561 623 32 20 29:
1605 624 24 18 32
1641 622 13 20 d

930 746 53 20 1939]
1008 759 27 1 —
1063 746 39 21 11081
1117 746 38 21 177]
1172 746 25 20 10]
1212 758 27 2 —|
1261 747 25 20 78
1395 759 27 2 —
1471 747 33 20 135:
1516 749 23 17 21
1561 748 33 20 134:
1606 749 24 18 69

1242 840 2 26 |

930 923 54 21 1936]
1002 925 39 20 1:
1027 919 39 36 5]
1069 937 28 2 —|
1123 937 28 2 —I
1178 925 12 20 6
1193 919 19 36 |
1213 925 75 20 —I104
1368 926 40 20 248
1472 926 33 19 33:
1517 928 22 17 11
1561 926 55 21 133:
1599 922 18 35 5

991 956 21 19 pt
1026 955 23 16 22

930 1013 54 20 1937]
1002 1014 39 20 1:51]
1069 1026 28 2 —|
1123 1026 28 3 —1|
1178 1014 12 20 6
1213 1026 27 2 |—]
1262 1015 26 20 28
1382 1015 26 20 55
1473 1015 32 20 14:
1516 1017 25 18 44
1563 1015 32 21 113:
1606 1017 24 18 48

992 1045 21 20 pt
1027 1044 22 17 231

931 1099 66 36 1938)
1002 1099 67 36 1:5]
1069 1116 28 2 —
1107 1099 9 36 |
1123 1116 28 3 —|
1178 1104 12 20 6
1201 1103 39 15 1—
1275 1104 58 21 55.9
1396 1101 71 35 58:61
1472 1105 33 20 22:
1562 1105 55 21 1--121:4

991 1135 21 20 pt
1026 1134 22 16 22]

931 1192 53 21 1939]
1002 1193 39 21 1:35]
1069 1206 28 2 —|
1123 1206 28 2 —I1
1178 1194 12 20 6
1213 1206 27 2 /—
1276 1194 58 20 55.8
1396 1194 233 21 SOLAS

992 1224 21 20 pt
1026 1224 22 16 22

1201 1265 2 15 I

931 1283 53 20 1940]
1002 1283 39 21 1:5]
1069 1296 28 2 —|
1123 1296 28 2 —1
1178 1281 62 23 61—'
1275 1283 58 21 58.51
1396 1284 12 20 5
1423 1286 31 18 5.3
1473 1283 68 21 17:32
1563 1284 68 21 |19:50

992 1314 21 20 pt
1027 1314 22 16 20

1201 1370 2 15 I

929 1574 54 21 1938|
1000 1575 40 21 1021
1068 1587 28 3 —
1096 1570 19 37 I
1122 1587 28 3 —I
1177 1576 52 20 9/11
1261 1575 24 20 31
1368 1576 40 21 226
1472 1575 33 21 28:
1517 1577 24 18 90
1544 1571 51 36 129:
1607 1578 23 18 11

929 1760 54 20 1936]
1015 1760 9 20 1
1038 1756 32 35 |
1068 1772 28 3 —!
1122 1773 28 3 —I
1177 1761 63 20 61/—]
1261 1761 26 19 46
1382 1762 27 20 98
1474 1760 32 20 17:
1516 1762 24 18 21
1564 1761 31 21 117:
1607 1764 24 18 40
1642 1762 13 20 d

981 1786 46 30 JUfk
1037 1790 10 16 4

991 1815 21 20 pt
1026 1814 22 16 55|

930 1872 54 21 1937]
1016 1873 9 20 1
1040 1868 28 36 |
1069 1885 28 2 —|
1123 1885 28 3 —1|
1177 1874 63 20 6/—]
1261 1874 27 20 24
1382 1875 26 19 35
1473 1873 32 21 12:
1516 1875 25 19 26
1547 1869 48 36 |11:
1607 1876 24 18 26

991 1903 57 17 |Ufk
1031 1898 20 32 5

991 1928 22 20 pt
1026 1927 22 17 63
