<?xml version="1.0" encoding="UTF-8"?>
<alto xmlns="http://www.loc.gov/standards/alto/ns-v3#" xmlns:xlink="http://www.w3.org/1999/xlink" xmlns:xsi="http://www.w3.org/2001/XMLSchema-instance" xsi:schemaLocation="http://www.loc.gov/standards/alto/ns-v3# http://www.loc.gov/alto/v3/alto-3-0.xsd">
	<Description>
		<MeasurementUnit>pixel</MeasurementUnit>
		<sourceImageInformation>
			<fileName></fileName>
		</sourceImageInformation>
		<OCRProcessing ID="OCR_0">
			<ocrProcessingStep>
				<processingSoftware>
					<softwareName>tesseract 4.1.1</softwareName>
				</processingSoftware>
			</ocrProcessingStep>
		</OCRProcessing>
	</Description>
	<Layout>
		<Page WIDTH="1849" HEIGHT="2362" PHYSICAL_IMG_NR="0" ID="page_0">
			<PrintSpace HPOS="0" VPOS="0" WIDTH="1849" HEIGHT="2362">
				<ComposedBlock ID="cblock_0" HPOS="3" VPOS="1184" WIDTH="5" HEIGHT="503">
					<TextBlock ID="block_0" HPOS="3" VPOS="1184" WIDTH="5" HEIGHT="503">
						<TextLine ID="line_0" HPOS="3" VPOS="1184" WIDTH="5" HEIGHT="503">
							<String ID="string_0" HPOS="3" VPOS="1184" WIDTH="5" HEIGHT="503" WC="0.95" CONTENT=" "/>
						</TextLine>
					</TextBlock>
				</ComposedBlock>
				<ComposedBlock ID="cblock_1" HPOS="706" VPOS="0" WIDTH="1136" HEIGHT="8">
					<TextBlock ID="block_1" HPOS="706" VPOS="0" WIDTH="1136" HEIGHT="8">
						<TextLine ID="line_1" HPOS="706" VPOS="0" WIDTH="1136" HEIGHT="8">
							<String ID="string_1" HPOS="706" VPOS="0" WIDTH="1136" HEIGHT="8" WC="0.95" CONTENT=" "/>
						</TextLine>
					</TextBlock>
				</ComposedBlock>
				<ComposedBlock ID="cblock_2" HPOS="808" VPOS="166" WIDTH="136" HEIGHT="16">
					<TextBlock ID="block_2" HPOS="808" VPOS="166" WIDTH="136" HEIGHT="16">
						<TextLine ID="line_2" HPOS="808" VPOS="166" WIDTH="136" HEIGHT="16">
							<String ID="string_2" HPOS="808" VPOS="166" WIDTH="136" HEIGHT="16" WC="0.91" CONTENT="SAKREGISTER"/>
						</TextLine>
					</TextBlock>
				</ComposedBlock>
				<ComposedBlock ID="cblock_3" HPOS="72" VPOS="208" WIDTH="1608" HEIGHT="15">
					<TextBlock ID="block_3" HPOS="72" VPOS="208" WIDTH="1608" HEIGHT="15">
						<TextLine ID="line_3" HPOS="72" VPOS="208" WIDTH="1608" HEIGHT="15">
							<String ID="string_3" HPOS="72" VPOS="208" WIDTH="1608" HEIGHT="15" WC="0.95" CONTENT=" "/>
						</TextLine>
					</TextBlock>
				</ComposedBlock>
				<ComposedBlock ID="cblock_4" HPOS="71" VPOS="211" WIDTH="1609" HEIGHT="11">
					<TextBlock ID="block_4" HPOS="71" VPOS="211" WIDTH="1609" HEIGHT="11">
						<TextLine ID="line_4" HPOS="71" VPOS="211" WIDTH="1609" HEIGHT="11">
							<String ID="string_4" HPOS="71" VPOS="211" WIDTH="1609" HEIGHT="11" WC="0.95" CONTENT=" "/>
						</TextLine>
					</TextBlock>
				</ComposedBlock>
				<ComposedBlock ID="cblock_5" HPOS="72" VPOS="207" WIDTH="1608" HEIGHT="20">
					<TextBlock ID="block_5" HPOS="72" VPOS="207" WIDTH="1608" HEIGHT="20">
						<TextLine ID="line_5" HPOS="72" VPOS="207" WIDTH="1608" HEIGHT="20">
							<String ID="string_5" HPOS="72" VPOS="207" WIDTH="1608" HEIGHT="20" WC="0.95" CONTENT=" "/>
						</TextLine>
					</TextBlock>
				</ComposedBlock>
				<ComposedBlock ID="cblock_6" HPOS="72" VPOS="211" WIDTH="1608" HEIGHT="11">
					<TextBlock ID="block_6" HPOS="72" VPOS="211" WIDTH="1608" HEIGHT="11">
						<TextLine ID="line_6" HPOS="72" VPOS="211" WIDTH="1608" HEIGHT="11">
							<String ID="string_6" HPOS="72" VPOS="211" WIDTH="1608" HEIGHT="11" WC="0.95" CONTENT=" "/>
						</TextLine>
					</TextBlock>
				</ComposedBlock>
				<ComposedBlock ID="cblock_7" HPOS="72" VPOS="213" WIDTH="1608" HEIGHT="14">
					<TextBlock ID="block_7" HPOS="72" VPOS="213" WIDTH="1608" HEIGHT="14">
						<TextLine ID="line_7" HPOS="72" VPOS="213" WIDTH="1608" HEIGHT="14">
							<String ID="string_7" HPOS="72" VPOS="213" WIDTH="1608" HEIGHT="14" WC="0.95" CONTENT=" "/>
						</TextLine>
					</TextBlock>
				</ComposedBlock>
				<ComposedBlock ID="cblock_8" HPOS="1075" VPOS="361" WIDTH="599" HEIGHT="4">
					<TextBlock ID="block_8" HPOS="1075" VPOS="361" WIDTH="599" HEIGHT="4">
						<TextLine ID="line_8" HPOS="1075" VPOS="361" WIDTH="599" HEIGHT="4">
							<String ID="string_8" HPOS="1075" VPOS="361" WIDTH="599" HEIGHT="4" WC="0.95" CONTENT=" "/>
						</TextLine>
					</TextBlock>
				</ComposedBlock>
				<ComposedBlock ID="cblock_9" HPOS="939" VPOS="435" WIDTH="733" HEIGHT="9">
					<TextBlock ID="block_9" HPOS="939" VPOS="435" WIDTH="733" HEIGHT="9">
						<TextLine ID="line_9" HPOS="939" VPOS="435" WIDTH="733" HEIGHT="9">
							<String ID="string_9" HPOS="939" VPOS="435" WIDTH="733" HEIGHT="9" WC="0.95" CONTENT=" "/>
						</TextLine>
					</TextBlock>
				</ComposedBlock>
				<ComposedBlock ID="cblock_10" HPOS="91" VPOS="446" WIDTH="841" HEIGHT="385">
					<TextBlock ID="block_10" HPOS="91" VPOS="446" WIDTH="251" HEIGHT="27">
						<TextLine ID="line_10" HPOS="91" VPOS="446" WIDTH="251" HEIGHT="27">
							<String ID="string_10" HPOS="91" VPOS="446" WIDTH="166" HEIGHT="27" WC="0.89" CONTENT="Avsöndringar"/><SP WIDTH="15" VPOS="446" HPOS="257"/>
							<String ID="string_11" HPOS="272" VPOS="453" WIDTH="27" HEIGHT="14" WC="0.91" CONTENT="m."/><SP WIDTH="17" VPOS="453" HPOS="299"/>
							<String ID="string_12" HPOS="316" VPOS="453" WIDTH="26" HEIGHT="14" WC="0.92" CONTENT="m."/>
						</TextLine>
					</TextBlock>
					<TextBlock ID="block_11" HPOS="135" VPOS="475" WIDTH="797" HEIGHT="356">
						<TextLine ID="line_11" HPOS="136" VPOS="475" WIDTH="794" HEIGHT="27">
							<String ID="string_13" HPOS="136" VPOS="476" WIDTH="45" HEIGHT="21" WC="0.95" CONTENT="dels"/><SP WIDTH="24" VPOS="476" HPOS="181"/>
							<String ID="string_14" HPOS="205" VPOS="477" WIDTH="39" HEIGHT="20" WC="0.96" CONTENT="ock"/><SP WIDTH="19" VPOS="477" HPOS="244"/>
							<String ID="string_15" HPOS="263" VPOS="478" WIDTH="31" HEIGHT="19" WC="0.96" CONTENT="att"/><SP WIDTH="16" VPOS="478" HPOS="294"/>
							<String ID="string_16" HPOS="310" VPOS="476" WIDTH="37" HEIGHT="21" WC="0.93" CONTENT="det"/><SP WIDTH="15" VPOS="476" HPOS="347"/>
							<String ID="string_17" HPOS="362" VPOS="483" WIDTH="16" HEIGHT="14" WC="0.91" CONTENT="s."/><SP WIDTH="17" VPOS="483" HPOS="378"/>
							<String ID="string_18" HPOS="395" VPOS="476" WIDTH="20" HEIGHT="20" WC="0.88" CONTENT="k."/><SP WIDTH="18" VPOS="476" HPOS="415"/>
							<String ID="string_19" HPOS="433" VPOS="476" WIDTH="147" HEIGHT="26" WC="0.91" CONTENT="Lindgrenska"/><SP WIDTH="16" VPOS="476" HPOS="580"/>
							<String ID="string_20" HPOS="596" VPOS="478" WIDTH="70" HEIGHT="24" WC="0.96" CONTENT="torpet"/><SP WIDTH="16" VPOS="478" HPOS="666"/>
							<String ID="string_21" HPOS="682" VPOS="476" WIDTH="36" HEIGHT="20" WC="0.96" CONTENT="må"/><SP WIDTH="15" VPOS="476" HPOS="718"/>
							<String ID="string_22" HPOS="733" VPOS="475" WIDTH="49" HEIGHT="20" WC="0.95" CONTENT="med"/><SP WIDTH="16" VPOS="475" HPOS="782"/>
							<String ID="string_23" HPOS="798" VPOS="476" WIDTH="7" HEIGHT="19" WC="0.93" CONTENT="i"/><SP WIDTH="17" VPOS="476" HPOS="805"/>
							<String ID="string_24" HPOS="822" VPOS="475" WIDTH="108" HEIGHT="21" WC="0.91" CONTENT="statsråds-"/>
						</TextLine>
						<TextLine ID="line_12" HPOS="136" VPOS="505" WIDTH="796" HEIGHT="28">
							<String ID="string_25" HPOS="136" VPOS="506" WIDTH="128" HEIGHT="27" WC="0.96" CONTENT="protokollet"/><SP WIDTH="23" VPOS="506" HPOS="264"/>
							<String ID="string_26" HPOS="287" VPOS="507" WIDTH="86" HEIGHT="25" WC="0.96" CONTENT="angivet"/><SP WIDTH="22" VPOS="507" HPOS="373"/>
							<String ID="string_27" HPOS="395" VPOS="506" WIDTH="87" HEIGHT="20" WC="0.96" CONTENT="område"/><SP WIDTH="18" VPOS="506" HPOS="482"/>
							<String ID="string_28" HPOS="500" VPOS="506" WIDTH="47" HEIGHT="20" WC="0.96" CONTENT="från"/><SP WIDTH="17" VPOS="506" HPOS="547"/>
							<String ID="string_29" HPOS="564" VPOS="506" WIDTH="131" HEIGHT="25" WC="0.93" CONTENT="egendomen"/><SP WIDTH="15" VPOS="506" HPOS="695"/>
							<String ID="string_30" HPOS="710" VPOS="505" WIDTH="99" HEIGHT="27" WC="0.92" CONTENT="försäljas"/><SP WIDTH="16" VPOS="505" HPOS="809"/>
							<String ID="string_31" HPOS="825" VPOS="505" WIDTH="50" HEIGHT="21" WC="0.95" CONTENT="med"/><SP WIDTH="15" VPOS="505" HPOS="875"/>
							<String ID="string_32" HPOS="890" VPOS="507" WIDTH="42" HEIGHT="19" WC="0.96" CONTENT="rätt"/>
						</TextLine>
						<TextLine ID="line_13" HPOS="136" VPOS="535" WIDTH="795" HEIGHT="28">
							<String ID="string_33" HPOS="136" VPOS="537" WIDTH="33" HEIGHT="20" WC="0.96" CONTENT="för"/><SP WIDTH="15" VPOS="537" HPOS="169"/>
							<String ID="string_34" HPOS="184" VPOS="536" WIDTH="93" HEIGHT="27" WC="0.96" CONTENT="köparen"/><SP WIDTH="17" VPOS="536" HPOS="277"/>
							<String ID="string_35" HPOS="294" VPOS="538" WIDTH="31" HEIGHT="19" WC="0.96" CONTENT="att"/><SP WIDTH="17" VPOS="538" HPOS="325"/>
							<String ID="string_36" HPOS="342" VPOS="536" WIDTH="70" HEIGHT="27" WC="0.96" CONTENT="nyttja"/><SP WIDTH="14" VPOS="536" HPOS="412"/>
							<String ID="string_37" HPOS="426" VPOS="536" WIDTH="41" HEIGHT="20" WC="0.96" CONTENT="den"/><SP WIDTH="11" VPOS="536" HPOS="467"/>
							<String ID="string_38" HPOS="478" VPOS="536" WIDTH="132" HEIGHT="26" WC="0.95" CONTENT="egendomen"/><SP WIDTH="11" VPOS="536" HPOS="610"/>
							<String ID="string_39" HPOS="621" VPOS="535" WIDTH="114" HEIGHT="26" WC="0.96" CONTENT="tillhöriga,"/><SP WIDTH="11" VPOS="535" HPOS="735"/>
							<String ID="string_40" HPOS="746" VPOS="536" WIDTH="48" HEIGHT="19" WC="0.96" CONTENT="från"/><SP WIDTH="11" VPOS="536" HPOS="794"/>
							<String ID="string_41" HPOS="805" VPOS="535" WIDTH="126" HEIGHT="26" WC="0.96" CONTENT="lägenheten"/>
						</TextLine>
						<TextLine ID="line_14" HPOS="136" VPOS="565" WIDTH="794" HEIGHT="27">
							<String ID="string_42" HPOS="136" VPOS="567" WIDTH="87" HEIGHT="19" WC="0.96" CONTENT="söderut"/><SP WIDTH="15" VPOS="567" HPOS="223"/>
							<String ID="string_43" HPOS="238" VPOS="569" WIDTH="46" HEIGHT="17" WC="0.93" CONTENT="mot"/><SP WIDTH="15" VPOS="569" HPOS="284"/>
							<String ID="string_44" HPOS="299" VPOS="566" WIDTH="137" HEIGHT="26" WC="0.91" CONTENT="bygdevägen"/><SP WIDTH="16" VPOS="566" HPOS="436"/>
							<String ID="string_45" HPOS="452" VPOS="566" WIDTH="91" HEIGHT="26" WC="0.96" CONTENT="löpande"/><SP WIDTH="12" VPOS="566" HPOS="543"/>
							<String ID="string_46" HPOS="555" VPOS="567" WIDTH="39" HEIGHT="24" WC="0.96" CONTENT="väg"/><SP WIDTH="11" VPOS="567" HPOS="594"/>
							<String ID="string_47" HPOS="605" VPOS="568" WIDTH="46" HEIGHT="17" WC="0.96" CONTENT="mot"/><SP WIDTH="10" VPOS="568" HPOS="651"/>
							<String ID="string_48" HPOS="661" VPOS="565" WIDTH="126" HEIGHT="26" WC="0.96" CONTENT="deltagande"/><SP WIDTH="11" VPOS="565" HPOS="787"/>
							<String ID="string_49" HPOS="798" VPOS="566" WIDTH="7" HEIGHT="18" WC="0.93" CONTENT="i"/><SP WIDTH="11" VPOS="566" HPOS="805"/>
							<String ID="string_50" HPOS="816" VPOS="565" WIDTH="114" HEIGHT="26" WC="0.91" CONTENT="vägunder-"/>
						</TextLine>
						<TextLine ID="line_15" HPOS="136" VPOS="595" WIDTH="794" HEIGHT="27">
							<String ID="string_51" HPOS="136" VPOS="596" WIDTH="68" HEIGHT="20" WC="0.95" CONTENT="hållet"/><SP WIDTH="23" VPOS="596" HPOS="204"/>
							<String ID="string_52" HPOS="227" VPOS="596" WIDTH="38" HEIGHT="20" WC="0.95" CONTENT="och"/><SP WIDTH="25" VPOS="596" HPOS="265"/>
							<String ID="string_53" HPOS="290" VPOS="595" WIDTH="49" HEIGHT="21" WC="0.95" CONTENT="med"/><SP WIDTH="20" VPOS="595" HPOS="339"/>
							<String ID="string_54" HPOS="359" VPOS="595" WIDTH="123" HEIGHT="27" WC="0.95" CONTENT="skyldighet"/><SP WIDTH="15" VPOS="595" HPOS="482"/>
							<String ID="string_55" HPOS="497" VPOS="597" WIDTH="32" HEIGHT="19" WC="0.96" CONTENT="att"/><SP WIDTH="15" VPOS="597" HPOS="529"/>
							<String ID="string_56" HPOS="544" VPOS="595" WIDTH="44" HEIGHT="20" WC="0.96" CONTENT="låta"/><SP WIDTH="15" VPOS="595" HPOS="588"/>
							<String ID="string_57" HPOS="603" VPOS="595" WIDTH="41" HEIGHT="20" WC="0.96" CONTENT="den"/><SP WIDTH="17" VPOS="595" HPOS="644"/>
							<String ID="string_58" HPOS="661" VPOS="597" WIDTH="49" HEIGHT="18" WC="0.96" CONTENT="över"/><SP WIDTH="16" VPOS="597" HPOS="710"/>
							<String ID="string_59" HPOS="726" VPOS="595" WIDTH="126" HEIGHT="25" WC="0.93" CONTENT="lägenheten"/><SP WIDTH="16" VPOS="595" HPOS="852"/>
							<String ID="string_60" HPOS="868" VPOS="595" WIDTH="62" HEIGHT="20" WC="0.90" CONTENT="fram-"/>
						</TextLine>
						<TextLine ID="line_16" HPOS="136" VPOS="625" WIDTH="794" HEIGHT="27">
							<String ID="string_61" HPOS="136" VPOS="626" WIDTH="80" HEIGHT="26" WC="0.96" CONTENT="gående"/><SP WIDTH="20" VPOS="626" HPOS="216"/>
							<String ID="string_62" HPOS="236" VPOS="626" WIDTH="61" HEIGHT="20" WC="0.96" CONTENT="delen"/><SP WIDTH="17" VPOS="626" HPOS="297"/>
							<String ID="string_63" HPOS="314" VPOS="632" WIDTH="26" HEIGHT="13" WC="0.93" CONTENT="av"/><SP WIDTH="16" VPOS="632" HPOS="340"/>
							<String ID="string_64" HPOS="356" VPOS="625" WIDTH="129" HEIGHT="21" WC="0.91" CONTENT="sistberörda"/><SP WIDTH="16" VPOS="625" HPOS="485"/>
							<String ID="string_65" HPOS="501" VPOS="627" WIDTH="40" HEIGHT="24" WC="0.97" CONTENT="väg"/><SP WIDTH="11" VPOS="627" HPOS="541"/>
							<String ID="string_66" HPOS="552" VPOS="632" WIDTH="25" HEIGHT="13" WC="0.93" CONTENT="av"/><SP WIDTH="17" VPOS="632" HPOS="577"/>
							<String ID="string_67" HPOS="594" VPOS="625" WIDTH="142" HEIGHT="25" WC="0.91" CONTENT="egendomens"/><SP WIDTH="16" VPOS="625" HPOS="736"/>
							<String ID="string_68" HPOS="752" VPOS="625" WIDTH="128" HEIGHT="20" WC="0.93" CONTENT="innehavare"/><SP WIDTH="16" VPOS="625" HPOS="880"/>
							<String ID="string_69" HPOS="896" VPOS="631" WIDTH="34" HEIGHT="13" WC="0.91" CONTENT="an-"/>
						</TextLine>
						<TextLine ID="line_17" HPOS="136" VPOS="654" WIDTH="795" HEIGHT="27">
							<String ID="string_70" HPOS="136" VPOS="656" WIDTH="80" HEIGHT="20" WC="0.96" CONTENT="vändas"/><SP WIDTH="17" VPOS="656" HPOS="216"/>
							<String ID="string_71" HPOS="233" VPOS="662" WIDTH="45" HEIGHT="14" WC="0.93" CONTENT="som"/><SP WIDTH="15" VPOS="662" HPOS="278"/>
							<String ID="string_72" HPOS="293" VPOS="656" WIDTH="118" HEIGHT="25" WC="0.92" CONTENT="utfartsväg"/><SP WIDTH="15" VPOS="656" HPOS="411"/>
							<String ID="string_73" HPOS="426" VPOS="657" WIDTH="46" HEIGHT="18" WC="0.96" CONTENT="mot"/><SP WIDTH="14" VPOS="657" HPOS="472"/>
							<String ID="string_74" HPOS="486" VPOS="655" WIDTH="127" HEIGHT="26" WC="0.96" CONTENT="deltagande"/><SP WIDTH="13" VPOS="655" HPOS="613"/>
							<String ID="string_75" HPOS="626" VPOS="655" WIDTH="7" HEIGHT="20" WC="0.93" CONTENT="i"/><SP WIDTH="13" VPOS="655" HPOS="633"/>
							<String ID="string_76" HPOS="646" VPOS="654" WIDTH="176" HEIGHT="27" WC="0.92" CONTENT="vägunderhållet"/><SP WIDTH="11" VPOS="654" HPOS="822"/>
							<String ID="string_77" HPOS="833" VPOS="656" WIDTH="56" HEIGHT="19" WC="0.96" CONTENT="samt"/><SP WIDTH="11" VPOS="656" HPOS="889"/>
							<String ID="string_78" HPOS="900" VPOS="657" WIDTH="31" HEIGHT="18" WC="0.96" CONTENT="att"/>
						</TextLine>
						<TextLine ID="line_18" HPOS="136" VPOS="684" WIDTH="794" HEIGHT="27">
							<String ID="string_79" HPOS="136" VPOS="686" WIDTH="43" HEIGHT="20" WC="0.96" CONTENT="låta"/><SP WIDTH="14" VPOS="686" HPOS="179"/>
							<String ID="string_80" HPOS="193" VPOS="688" WIDTH="50" HEIGHT="18" WC="0.96" CONTENT="över"/><SP WIDTH="10" VPOS="688" HPOS="243"/>
							<String ID="string_81" HPOS="253" VPOS="685" WIDTH="126" HEIGHT="26" WC="0.93" CONTENT="lägenheten"/><SP WIDTH="11" VPOS="685" HPOS="379"/>
							<String ID="string_82" HPOS="390" VPOS="685" WIDTH="142" HEIGHT="26" WC="0.90" CONTENT="framdragen,"/><SP WIDTH="12" VPOS="685" HPOS="532"/>
							<String ID="string_83" HPOS="544" VPOS="685" WIDTH="182" HEIGHT="25" WC="0.91" CONTENT="Kolbäcks-Bergs"/><SP WIDTH="11" VPOS="685" HPOS="726"/>
							<String ID="string_84" HPOS="737" VPOS="684" WIDTH="114" HEIGHT="21" WC="0.93" CONTENT="elektriska"/><SP WIDTH="11" VPOS="684" HPOS="851"/>
							<String ID="string_85" HPOS="862" VPOS="684" WIDTH="68" HEIGHT="21" WC="0.92" CONTENT="distri-"/>
						</TextLine>
						<TextLine ID="line_19" HPOS="136" VPOS="714" WIDTH="796" HEIGHT="27">
							<String ID="string_86" HPOS="136" VPOS="716" WIDTH="186" HEIGHT="25" WC="0.90" CONTENT="butionsförening"/><SP WIDTH="18" VPOS="716" HPOS="322"/>
							<String ID="string_87" HPOS="340" VPOS="715" WIDTH="96" HEIGHT="26" WC="0.96" CONTENT="tillhörig"/><SP WIDTH="16" VPOS="715" HPOS="436"/>
							<String ID="string_88" HPOS="452" VPOS="715" WIDTH="115" HEIGHT="20" WC="0.93" CONTENT="elektriska"/><SP WIDTH="16" VPOS="715" HPOS="567"/>
							<String ID="string_89" HPOS="583" VPOS="714" WIDTH="247" HEIGHT="27" WC="0.92" CONTENT="högspänningsledning"/><SP WIDTH="16" VPOS="714" HPOS="830"/>
							<String ID="string_90" HPOS="846" VPOS="714" WIDTH="86" HEIGHT="21" WC="0.96" CONTENT="kvarstå"/>
						</TextLine>
						<TextLine ID="line_20" HPOS="136" VPOS="744" WIDTH="794" HEIGHT="28">
							<String ID="string_91" HPOS="136" VPOS="746" WIDTH="13" HEIGHT="20" WC="0.93" CONTENT="å"/><SP WIDTH="16" VPOS="746" HPOS="149"/>
							<String ID="string_92" HPOS="165" VPOS="746" WIDTH="126" HEIGHT="26" WC="0.96" CONTENT="lägenheten"/><SP WIDTH="22" VPOS="746" HPOS="291"/>
							<String ID="string_93" HPOS="313" VPOS="747" WIDTH="52" HEIGHT="18" WC="0.96" CONTENT="utan"/><SP WIDTH="24" VPOS="747" HPOS="365"/>
							<String ID="string_94" HPOS="389" VPOS="752" WIDTH="70" HEIGHT="13" WC="0.96" CONTENT="annan"/><SP WIDTH="24" VPOS="752" HPOS="459"/>
							<String ID="string_95" HPOS="483" VPOS="745" WIDTH="118" HEIGHT="25" WC="0.96" CONTENT="ersättning"/><SP WIDTH="18" VPOS="745" HPOS="601"/>
							<String ID="string_96" HPOS="619" VPOS="745" WIDTH="72" HEIGHT="19" WC="0.96" CONTENT="härför"/><SP WIDTH="18" VPOS="745" HPOS="691"/>
							<String ID="string_97" HPOS="709" VPOS="746" WIDTH="26" HEIGHT="18" WC="0.96" CONTENT="än"/><SP WIDTH="17" VPOS="746" HPOS="735"/>
							<String ID="string_98" HPOS="752" VPOS="744" WIDTH="33" HEIGHT="20" WC="0.96" CONTENT="för"/><SP WIDTH="15" VPOS="744" HPOS="785"/>
							<String ID="string_99" HPOS="800" VPOS="744" WIDTH="42" HEIGHT="20" WC="0.96" CONTENT="den"/><SP WIDTH="15" VPOS="744" HPOS="842"/>
							<String ID="string_100" HPOS="857" VPOS="744" WIDTH="73" HEIGHT="24" WC="0.95" CONTENT="skada,"/>
						</TextLine>
						<TextLine ID="line_21" HPOS="135" VPOS="774" WIDTH="795" HEIGHT="27">
							<String ID="string_101" HPOS="135" VPOS="782" WIDTH="45" HEIGHT="14" WC="0.96" CONTENT="som"/><SP WIDTH="24" VPOS="782" HPOS="180"/>
							<String ID="string_102" HPOS="204" VPOS="782" WIDTH="77" HEIGHT="19" WC="0.95" CONTENT="genom"/><SP WIDTH="25" VPOS="782" HPOS="281"/>
							<String ID="string_103" HPOS="306" VPOS="775" WIDTH="125" HEIGHT="26" WC="0.92" CONTENT="ledningens"/><SP WIDTH="24" VPOS="775" HPOS="431"/>
							<String ID="string_104" HPOS="455" VPOS="775" WIDTH="93" HEIGHT="26" WC="0.91" CONTENT="eftersyn"/><SP WIDTH="17" VPOS="775" HPOS="548"/>
							<String ID="string_105" HPOS="565" VPOS="774" WIDTH="51" HEIGHT="21" WC="0.96" CONTENT="eller"/><SP WIDTH="16" VPOS="774" HPOS="616"/>
							<String ID="string_106" HPOS="632" VPOS="774" WIDTH="125" HEIGHT="20" WC="0.96" CONTENT="annorledes"/><SP WIDTH="16" VPOS="774" HPOS="757"/>
							<String ID="string_107" HPOS="773" VPOS="774" WIDTH="42" HEIGHT="20" WC="0.93" CONTENT="kan"/><SP WIDTH="17" VPOS="774" HPOS="815"/>
							<String ID="string_108" HPOS="832" VPOS="774" WIDTH="98" HEIGHT="21" WC="0.91" CONTENT="åsamkas"/>
						</TextLine>
						<TextLine ID="line_22" HPOS="135" VPOS="804" WIDTH="594" HEIGHT="27">
							<String ID="string_109" HPOS="135" VPOS="805" WIDTH="137" HEIGHT="26" WC="0.96" CONTENT="lägenhetens"/><SP WIDTH="16" VPOS="805" HPOS="272"/>
							<String ID="string_110" HPOS="288" VPOS="807" WIDTH="61" HEIGHT="23" WC="0.96" CONTENT="ägare"/><SP WIDTH="16" VPOS="807" HPOS="349"/>
							<String ID="string_111" HPOS="365" VPOS="805" WIDTH="109" HEIGHT="26" WC="0.96" CONTENT="tillhöriga"/><SP WIDTH="15" VPOS="805" HPOS="474"/>
							<String ID="string_112" HPOS="489" VPOS="805" WIDTH="86" HEIGHT="20" WC="0.96" CONTENT="kreatur"/><SP WIDTH="16" VPOS="805" HPOS="575"/>
							<String ID="string_113" HPOS="591" VPOS="804" WIDTH="51" HEIGHT="20" WC="0.95" CONTENT="eller"/><SP WIDTH="16" VPOS="804" HPOS="642"/>
							<String ID="string_114" HPOS="658" VPOS="804" WIDTH="71" HEIGHT="26" WC="0.96" CONTENT="gröda."/>
						</TextLine>
					</TextBlock>
				</ComposedBlock>
				<ComposedBlock ID="cblock_11" HPOS="77" VPOS="864" WIDTH="854" HEIGHT="116">
					<TextBlock ID="block_12" HPOS="77" VPOS="864" WIDTH="854" HEIGHT="116">
						<TextLine ID="line_23" HPOS="77" VPOS="864" WIDTH="853" HEIGHT="26">
							<String ID="string_115" HPOS="77" VPOS="870" WIDTH="24" HEIGHT="16" WC="0.93" CONTENT="62"/><SP WIDTH="19" VPOS="870" HPOS="101"/>
							<String ID="string_116" HPOS="120" VPOS="865" WIDTH="37" HEIGHT="20" WC="0.90" CONTENT="RD"/><SP WIDTH="16" VPOS="865" HPOS="157"/>
							<String ID="string_117" HPOS="173" VPOS="865" WIDTH="115" HEIGHT="25" WC="0.90" CONTENT="medgiver,"/><SP WIDTH="17" VPOS="865" HPOS="288"/>
							<String ID="string_118" HPOS="305" VPOS="866" WIDTH="32" HEIGHT="19" WC="0.96" CONTENT="att"/><SP WIDTH="15" VPOS="866" HPOS="337"/>
							<String ID="string_119" HPOS="352" VPOS="867" WIDTH="31" HEIGHT="18" WC="0.96" CONTENT="tre"/><SP WIDTH="16" VPOS="867" HPOS="383"/>
							<String ID="string_120" HPOS="399" VPOS="865" WIDTH="6" HEIGHT="19" WC="0.91" CONTENT="i"/><SP WIDTH="17" VPOS="865" HPOS="405"/>
							<String ID="string_121" HPOS="422" VPOS="864" WIDTH="233" HEIGHT="26" WC="0.91" CONTENT="statsrådsprotokollet"/><SP WIDTH="10" VPOS="864" HPOS="655"/>
							<String ID="string_122" HPOS="665" VPOS="864" WIDTH="149" HEIGHT="24" WC="0.87" CONTENT="omförmälda,"/><SP WIDTH="15" VPOS="864" HPOS="814"/>
							<String ID="string_123" HPOS="829" VPOS="864" WIDTH="50" HEIGHT="20" WC="0.95" CONTENT="med"/><SP WIDTH="10" VPOS="864" HPOS="879"/>
							<String ID="string_124" HPOS="889" VPOS="864" WIDTH="41" HEIGHT="20" WC="0.95" CONTENT="litt."/>
						</TextLine>
						<TextLine ID="line_24" HPOS="135" VPOS="893" WIDTH="794" HEIGHT="27">
							<String ID="string_125" HPOS="135" VPOS="895" WIDTH="24" HEIGHT="25" WC="0.88" CONTENT="B,"/><SP WIDTH="17" VPOS="895" HPOS="159"/>
							<String ID="string_126" HPOS="176" VPOS="895" WIDTH="16" HEIGHT="20" WC="0.86" CONTENT="C"/><SP WIDTH="16" VPOS="895" HPOS="192"/>
							<String ID="string_127" HPOS="208" VPOS="895" WIDTH="40" HEIGHT="20" WC="0.93" CONTENT="och"/><SP WIDTH="16" VPOS="895" HPOS="248"/>
							<String ID="string_128" HPOS="264" VPOS="895" WIDTH="18" HEIGHT="19" WC="0.92" CONTENT="D"/><SP WIDTH="17" VPOS="895" HPOS="282"/>
							<String ID="string_129" HPOS="299" VPOS="894" WIDTH="131" HEIGHT="20" WC="0.96" CONTENT="betecknade"/><SP WIDTH="17" VPOS="894" HPOS="430"/>
							<String ID="string_130" HPOS="447" VPOS="894" WIDTH="102" HEIGHT="20" WC="0.96" CONTENT="områden"/><SP WIDTH="16" VPOS="894" HPOS="549"/>
							<String ID="string_131" HPOS="565" VPOS="900" WIDTH="35" HEIGHT="14" WC="0.96" CONTENT="om"/><SP WIDTH="16" VPOS="900" HPOS="600"/>
							<String ID="string_132" HPOS="616" VPOS="900" WIDTH="54" HEIGHT="20" WC="0.96" CONTENT="resp."/><SP WIDTH="18" VPOS="900" HPOS="670"/>
							<String ID="string_133" HPOS="688" VPOS="893" WIDTH="63" HEIGHT="21" WC="0.96" CONTENT="0.316"/><SP WIDTH="18" VPOS="893" HPOS="751"/>
							<String ID="string_134" HPOS="769" VPOS="894" WIDTH="81" HEIGHT="24" WC="0.96" CONTENT="hektar,"/><SP WIDTH="16" VPOS="894" HPOS="850"/>
							<String ID="string_135" HPOS="866" VPOS="893" WIDTH="63" HEIGHT="21" WC="0.96" CONTENT="0.147"/>
						</TextLine>
						<TextLine ID="line_25" HPOS="135" VPOS="921" WIDTH="796" HEIGHT="29">
							<String ID="string_136" HPOS="135" VPOS="925" WIDTH="76" HEIGHT="20" WC="0.96" CONTENT="hektar"/><SP WIDTH="23" VPOS="925" HPOS="211"/>
							<String ID="string_137" HPOS="234" VPOS="925" WIDTH="39" HEIGHT="20" WC="0.96" CONTENT="och"/><SP WIDTH="25" VPOS="925" HPOS="273"/>
							<String ID="string_138" HPOS="298" VPOS="924" WIDTH="63" HEIGHT="21" WC="0.95" CONTENT="0.068"/><SP WIDTH="18" VPOS="924" HPOS="361"/>
							<String ID="string_139" HPOS="379" VPOS="924" WIDTH="76" HEIGHT="20" WC="0.96" CONTENT="hektar"/><SP WIDTH="19" VPOS="924" HPOS="455"/>
							<String ID="string_140" HPOS="474" VPOS="925" WIDTH="35" HEIGHT="19" WC="0.95" CONTENT="må"/><SP WIDTH="15" VPOS="925" HPOS="509"/>
							<String ID="string_141" HPOS="524" VPOS="924" WIDTH="47" HEIGHT="20" WC="0.93" CONTENT="från"/><SP WIDTH="17" VPOS="924" HPOS="571"/>
							<String ID="string_142" HPOS="588" VPOS="923" WIDTH="199" HEIGHT="26" WC="0.92" CONTENT="kronoegendomen"/><SP WIDTH="19" VPOS="923" HPOS="787"/>
							<String ID="string_143" HPOS="806" VPOS="921" WIDTH="27" HEIGHT="29" WC="0.85" CONTENT="?/,"/><SP WIDTH="18" VPOS="921" HPOS="833"/>
							<String ID="string_144" HPOS="851" VPOS="923" WIDTH="80" HEIGHT="20" WC="0.96" CONTENT="mantal"/>
						</TextLine>
						<TextLine ID="line_26" HPOS="136" VPOS="953" WIDTH="794" HEIGHT="27">
							<String ID="string_145" HPOS="136" VPOS="955" WIDTH="60" HEIGHT="19" WC="0.96" CONTENT="Horn"/><SP WIDTH="18" VPOS="955" HPOS="196"/>
							<String ID="string_146" HPOS="214" VPOS="961" WIDTH="24" HEIGHT="13" WC="0.94" CONTENT="nr"/><SP WIDTH="16" VPOS="961" HPOS="238"/>
							<String ID="string_147" HPOS="254" VPOS="954" WIDTH="12" HEIGHT="20" WC="0.96" CONTENT="6"/><SP WIDTH="18" VPOS="954" HPOS="266"/>
							<String ID="string_148" HPOS="284" VPOS="955" WIDTH="6" HEIGHT="19" WC="0.93" CONTENT="i"/><SP WIDTH="17" VPOS="955" HPOS="290"/>
							<String ID="string_149" HPOS="307" VPOS="954" WIDTH="100" HEIGHT="26" WC="0.91" CONTENT="Rytterns"/><SP WIDTH="16" VPOS="954" HPOS="407"/>
							<String ID="string_150" HPOS="423" VPOS="954" WIDTH="78" HEIGHT="20" WC="0.96" CONTENT="socken"/><SP WIDTH="16" VPOS="954" HPOS="501"/>
							<String ID="string_151" HPOS="517" VPOS="953" WIDTH="103" HEIGHT="27" WC="0.96" CONTENT="avskiljas"/><SP WIDTH="16" VPOS="953" HPOS="620"/>
							<String ID="string_152" HPOS="636" VPOS="953" WIDTH="39" HEIGHT="21" WC="0.96" CONTENT="och"/><SP WIDTH="16" VPOS="953" HPOS="675"/>
							<String ID="string_153" HPOS="691" VPOS="960" WIDTH="37" HEIGHT="13" WC="0.95" CONTENT="var"/><SP WIDTH="10" VPOS="960" HPOS="728"/>
							<String ID="string_154" HPOS="738" VPOS="953" WIDTH="33" HEIGHT="20" WC="0.95" CONTENT="för"/><SP WIDTH="11" VPOS="953" HPOS="771"/>
							<String ID="string_155" HPOS="782" VPOS="954" WIDTH="31" HEIGHT="25" WC="0.93" CONTENT="sig"/><SP WIDTH="13" VPOS="954" HPOS="813"/>
							<String ID="string_156" HPOS="826" VPOS="953" WIDTH="104" HEIGHT="27" WC="0.90" CONTENT="försäljas."/>
						</TextLine>
					</TextBlock>
				</ComposedBlock>
				<ComposedBlock ID="cblock_12" HPOS="78" VPOS="1013" WIDTH="854" HEIGHT="231">
					<TextBlock ID="block_13" HPOS="106" VPOS="1013" WIDTH="293" HEIGHT="27">
						<TextLine ID="line_27" HPOS="106" VPOS="1013" WIDTH="293" HEIGHT="27">
							<String ID="string_157" HPOS="106" VPOS="1014" WIDTH="62" HEIGHT="20" WC="0.95" CONTENT="Inom"/><SP WIDTH="18" VPOS="1014" HPOS="168"/>
							<String ID="string_158" HPOS="186" VPOS="1013" WIDTH="153" HEIGHT="27" WC="0.96" CONTENT="Kopparbergs"/><SP WIDTH="16" VPOS="1013" HPOS="339"/>
							<String ID="string_159" HPOS="355" VPOS="1014" WIDTH="44" HEIGHT="19" WC="0.95" CONTENT="län:"/>
						</TextLine>
					</TextBlock>
					<TextBlock ID="block_14" HPOS="78" VPOS="1042" WIDTH="854" HEIGHT="202">
						<TextLine ID="line_28" HPOS="78" VPOS="1042" WIDTH="853" HEIGHT="28">
							<String ID="string_160" HPOS="78" VPOS="1049" WIDTH="25" HEIGHT="16" WC="0.93" CONTENT="63"/><SP WIDTH="18" VPOS="1049" HPOS="103"/>
							<String ID="string_161" HPOS="121" VPOS="1044" WIDTH="38" HEIGHT="20" WC="0.91" CONTENT="RD"/><SP WIDTH="17" VPOS="1044" HPOS="159"/>
							<String ID="string_162" HPOS="176" VPOS="1044" WIDTH="115" HEIGHT="26" WC="0.91" CONTENT="medgiver,"/><SP WIDTH="17" VPOS="1044" HPOS="291"/>
							<String ID="string_163" HPOS="308" VPOS="1045" WIDTH="32" HEIGHT="19" WC="0.96" CONTENT="att"/><SP WIDTH="15" VPOS="1045" HPOS="340"/>
							<String ID="string_164" HPOS="355" VPOS="1043" WIDTH="66" HEIGHT="21" WC="0.96" CONTENT="sedan"/><SP WIDTH="16" VPOS="1043" HPOS="421"/>
							<String ID="string_165" HPOS="437" VPOS="1045" WIDTH="31" HEIGHT="18" WC="0.96" CONTENT="ett"/><SP WIDTH="15" VPOS="1045" HPOS="468"/>
							<String ID="string_166" HPOS="483" VPOS="1043" WIDTH="7" HEIGHT="19" WC="0.93" CONTENT="i"/><SP WIDTH="16" VPOS="1043" HPOS="490"/>
							<String ID="string_167" HPOS="506" VPOS="1043" WIDTH="232" HEIGHT="26" WC="0.92" CONTENT="statsrådsprotokollet"/><SP WIDTH="16" VPOS="1043" HPOS="738"/>
							<String ID="string_168" HPOS="754" VPOS="1042" WIDTH="124" HEIGHT="21" WC="0.93" CONTENT="omförmält"/><SP WIDTH="10" VPOS="1042" HPOS="878"/>
							<String ID="string_169" HPOS="888" VPOS="1049" WIDTH="43" HEIGHT="14" WC="0.92" CONTENT="om-"/>
						</TextLine>
						<TextLine ID="line_29" HPOS="137" VPOS="1072" WIDTH="794" HEIGHT="27">
							<String ID="string_170" HPOS="137" VPOS="1074" WIDTH="49" HEIGHT="20" WC="0.96" CONTENT="råde"/><SP WIDTH="17" VPOS="1074" HPOS="186"/>
							<String ID="string_171" HPOS="203" VPOS="1081" WIDTH="34" HEIGHT="13" WC="0.95" CONTENT="om"/><SP WIDTH="18" VPOS="1081" HPOS="237"/>
							<String ID="string_172" HPOS="255" VPOS="1074" WIDTH="58" HEIGHT="20" WC="0.96" CONTENT="cirka"/><SP WIDTH="13" VPOS="1074" HPOS="313"/>
							<String ID="string_173" HPOS="326" VPOS="1073" WIDTH="25" HEIGHT="20" WC="0.95" CONTENT="19"/><SP WIDTH="11" VPOS="1073" HPOS="351"/>
							<String ID="string_174" HPOS="362" VPOS="1073" WIDTH="42" HEIGHT="20" WC="0.95" CONTENT="000"/><SP WIDTH="12" VPOS="1073" HPOS="404"/>
							<String ID="string_175" HPOS="416" VPOS="1073" WIDTH="157" HEIGHT="20" WC="0.96" CONTENT="kvadratmeter"/><SP WIDTH="11" VPOS="1073" HPOS="573"/>
							<String ID="string_176" HPOS="584" VPOS="1079" WIDTH="26" HEIGHT="14" WC="0.92" CONTENT="av"/><SP WIDTH="11" VPOS="1079" HPOS="610"/>
							<String ID="string_177" HPOS="621" VPOS="1072" WIDTH="188" HEIGHT="21" WC="0.89" CONTENT="klockarbostället"/><SP WIDTH="10" VPOS="1072" HPOS="809"/>
							<String ID="string_178" HPOS="819" VPOS="1073" WIDTH="6" HEIGHT="19" WC="0.93" CONTENT="i"/><SP WIDTH="12" VPOS="1073" HPOS="825"/>
							<String ID="string_179" HPOS="837" VPOS="1073" WIDTH="94" HEIGHT="26" WC="0.91" CONTENT="Koppar-"/>
						</TextLine>
						<TextLine ID="line_30" HPOS="137" VPOS="1102" WIDTH="794" HEIGHT="28">
							<String ID="string_180" HPOS="137" VPOS="1104" WIDTH="60" HEIGHT="26" WC="0.96" CONTENT="bergs"/><SP WIDTH="23" VPOS="1104" HPOS="197"/>
							<String ID="string_181" HPOS="220" VPOS="1103" WIDTH="127" HEIGHT="26" WC="0.94" CONTENT="församling"/><SP WIDTH="23" VPOS="1103" HPOS="347"/>
							<String ID="string_182" HPOS="370" VPOS="1103" WIDTH="63" HEIGHT="20" WC="0.94" CONTENT="blivit"/><SP WIDTH="18" VPOS="1103" HPOS="433"/>
							<String ID="string_183" HPOS="451" VPOS="1109" WIDTH="76" HEIGHT="20" WC="0.93" CONTENT="genom"/><SP WIDTH="17" VPOS="1109" HPOS="527"/>
							<String ID="string_184" HPOS="544" VPOS="1102" WIDTH="214" HEIGHT="27" WC="0.91" CONTENT="stadsplaneändring"/><SP WIDTH="15" VPOS="1102" HPOS="758"/>
							<String ID="string_185" HPOS="773" VPOS="1102" WIDTH="103" HEIGHT="26" WC="0.96" CONTENT="uppdelat"/><SP WIDTH="16" VPOS="1102" HPOS="876"/>
							<String ID="string_186" HPOS="892" VPOS="1103" WIDTH="39" HEIGHT="19" WC="0.96" CONTENT="och"/>
						</TextLine>
						<TextLine ID="line_31" HPOS="136" VPOS="1132" WIDTH="796" HEIGHT="27">
							<String ID="string_187" HPOS="136" VPOS="1134" WIDTH="93" HEIGHT="20" WC="0.92" CONTENT="därefter"/><SP WIDTH="15" VPOS="1134" HPOS="229"/>
							<String ID="string_188" HPOS="244" VPOS="1133" WIDTH="167" HEIGHT="26" WC="0.91" CONTENT="tomtindelning"/><SP WIDTH="15" VPOS="1133" HPOS="411"/>
							<String ID="string_189" HPOS="426" VPOS="1133" WIDTH="6" HEIGHT="20" WC="0.96" CONTENT="i"/><SP WIDTH="17" VPOS="1133" HPOS="432"/>
							<String ID="string_190" HPOS="449" VPOS="1133" WIDTH="132" HEIGHT="26" WC="0.96" CONTENT="vederbörlig"/><SP WIDTH="15" VPOS="1133" HPOS="581"/>
							<String ID="string_191" HPOS="596" VPOS="1132" WIDTH="90" HEIGHT="26" WC="0.96" CONTENT="ordning"/><SP WIDTH="16" VPOS="1132" HPOS="686"/>
							<String ID="string_192" HPOS="702" VPOS="1132" WIDTH="118" HEIGHT="25" WC="0.96" CONTENT="fastställts,"/><SP WIDTH="16" VPOS="1132" HPOS="820"/>
							<String ID="string_193" HPOS="836" VPOS="1132" WIDTH="96" HEIGHT="20" WC="0.96" CONTENT="området"/>
						</TextLine>
						<TextLine ID="line_32" HPOS="137" VPOS="1162" WIDTH="794" HEIGHT="28">
							<String ID="string_194" HPOS="137" VPOS="1165" WIDTH="36" HEIGHT="19" WC="0.88" CONTENT="må"/><SP WIDTH="23" VPOS="1165" HPOS="173"/>
							<String ID="string_195" HPOS="196" VPOS="1163" WIDTH="99" HEIGHT="27" WC="0.81" CONTENT="försäljas"/><SP WIDTH="16" VPOS="1163" HPOS="295"/>
							<String ID="string_196" HPOS="311" VPOS="1164" WIDTH="6" HEIGHT="19" WC="0.96" CONTENT="i"/><SP WIDTH="17" VPOS="1164" HPOS="317"/>
							<String ID="string_197" HPOS="334" VPOS="1163" WIDTH="41" HEIGHT="20" WC="0.96" CONTENT="den"/><SP WIDTH="24" VPOS="1163" HPOS="375"/>
							<String ID="string_198" HPOS="399" VPOS="1163" WIDTH="96" HEIGHT="26" WC="0.93" CONTENT="ordning,"/><SP WIDTH="21" VPOS="1163" HPOS="495"/>
							<String ID="string_199" HPOS="516" VPOS="1163" WIDTH="60" HEIGHT="20" WC="0.91" CONTENT="KM:t"/><SP WIDTH="20" VPOS="1163" HPOS="576"/>
							<String ID="string_200" HPOS="596" VPOS="1163" WIDTH="43" HEIGHT="19" WC="0.96" CONTENT="kan"/><SP WIDTH="16" VPOS="1163" HPOS="639"/>
							<String ID="string_201" HPOS="655" VPOS="1162" WIDTH="88" HEIGHT="21" WC="0.96" CONTENT="komma"/><SP WIDTH="15" VPOS="1162" HPOS="743"/>
							<String ID="string_202" HPOS="758" VPOS="1164" WIDTH="31" HEIGHT="18" WC="0.96" CONTENT="att"/><SP WIDTH="17" VPOS="1164" HPOS="789"/>
							<String ID="string_203" HPOS="806" VPOS="1163" WIDTH="125" HEIGHT="25" WC="0.95" CONTENT="bestämma,"/>
						</TextLine>
						<TextLine ID="line_33" HPOS="136" VPOS="1192" WIDTH="795" HEIGHT="28">
							<String ID="string_204" HPOS="136" VPOS="1194" WIDTH="49" HEIGHT="20" WC="0.96" CONTENT="med"/><SP WIDTH="17" VPOS="1194" HPOS="185"/>
							<String ID="string_205" HPOS="202" VPOS="1193" WIDTH="122" HEIGHT="27" WC="0.96" CONTENT="skyldighet"/><SP WIDTH="16" VPOS="1193" HPOS="324"/>
							<String ID="string_206" HPOS="340" VPOS="1193" WIDTH="33" HEIGHT="20" WC="0.96" CONTENT="för"/><SP WIDTH="15" VPOS="1193" HPOS="373"/>
							<String ID="string_207" HPOS="388" VPOS="1193" WIDTH="93" HEIGHT="26" WC="0.96" CONTENT="köparen"/><SP WIDTH="15" VPOS="1193" HPOS="481"/>
							<String ID="string_208" HPOS="496" VPOS="1195" WIDTH="31" HEIGHT="18" WC="0.96" CONTENT="att"/><SP WIDTH="14" VPOS="1195" HPOS="527"/>
							<String ID="string_209" HPOS="541" VPOS="1192" WIDTH="92" HEIGHT="21" WC="0.93" CONTENT="bestrida"/><SP WIDTH="11" VPOS="1192" HPOS="633"/>
							<String ID="string_210" HPOS="644" VPOS="1192" WIDTH="94" HEIGHT="26" WC="0.92" CONTENT="lagfarts-"/><SP WIDTH="11" VPOS="1192" HPOS="738"/>
							<String ID="string_211" HPOS="749" VPOS="1192" WIDTH="39" HEIGHT="20" WC="0.96" CONTENT="och"/><SP WIDTH="12" VPOS="1192" HPOS="788"/>
							<String ID="string_212" HPOS="800" VPOS="1193" WIDTH="72" HEIGHT="25" WC="0.96" CONTENT="övriga"/><SP WIDTH="10" VPOS="1193" HPOS="872"/>
							<String ID="string_213" HPOS="882" VPOS="1192" WIDTH="49" HEIGHT="21" WC="0.96" CONTENT="med"/>
						</TextLine>
						<TextLine ID="line_34" HPOS="137" VPOS="1223" WIDTH="358" HEIGHT="21">
							<String ID="string_214" HPOS="137" VPOS="1224" WIDTH="106" HEIGHT="20" WC="0.96" CONTENT="förvärvet"/><SP WIDTH="15" VPOS="1224" HPOS="243"/>
							<String ID="string_215" HPOS="258" VPOS="1223" WIDTH="101" HEIGHT="20" WC="0.96" CONTENT="förenade"/><SP WIDTH="16" VPOS="1223" HPOS="359"/>
							<String ID="string_216" HPOS="375" VPOS="1223" WIDTH="120" HEIGHT="20" WC="0.96" CONTENT="kostnader."/>
						</TextLine>
					</TextBlock>
				</ComposedBlock>
				<ComposedBlock ID="cblock_13" HPOS="79" VPOS="1288" WIDTH="854" HEIGHT="290">
					<TextBlock ID="block_15" HPOS="107" VPOS="1288" WIDTH="268" HEIGHT="21">
						<TextLine ID="line_35" HPOS="107" VPOS="1288" WIDTH="268" HEIGHT="21">
							<String ID="string_217" HPOS="107" VPOS="1289" WIDTH="62" HEIGHT="20" WC="0.95" CONTENT="Inom"/><SP WIDTH="17" VPOS="1289" HPOS="169"/>
							<String ID="string_218" HPOS="186" VPOS="1288" WIDTH="128" HEIGHT="21" WC="0.95" CONTENT="Jämtlands"/><SP WIDTH="17" VPOS="1288" HPOS="314"/>
							<String ID="string_219" HPOS="331" VPOS="1289" WIDTH="44" HEIGHT="20" WC="0.94" CONTENT="län:"/>
						</TextLine>
					</TextBlock>
					<TextBlock ID="block_16" HPOS="79" VPOS="1318" WIDTH="854" HEIGHT="260">
						<TextLine ID="line_36" HPOS="79" VPOS="1318" WIDTH="854" HEIGHT="27">
							<String ID="string_220" HPOS="79" VPOS="1324" WIDTH="25" HEIGHT="16" WC="0.93" CONTENT="64"/><SP WIDTH="18" VPOS="1324" HPOS="104"/>
							<String ID="string_221" HPOS="122" VPOS="1320" WIDTH="38" HEIGHT="19" WC="0.90" CONTENT="RD"/><SP WIDTH="16" VPOS="1320" HPOS="160"/>
							<String ID="string_222" HPOS="176" VPOS="1319" WIDTH="115" HEIGHT="26" WC="0.91" CONTENT="medgiver,"/><SP WIDTH="18" VPOS="1319" HPOS="291"/>
							<String ID="string_223" HPOS="309" VPOS="1321" WIDTH="31" HEIGHT="18" WC="0.96" CONTENT="att"/><SP WIDTH="15" VPOS="1321" HPOS="340"/>
							<String ID="string_224" HPOS="355" VPOS="1321" WIDTH="31" HEIGHT="18" WC="0.96" CONTENT="tre"/><SP WIDTH="16" VPOS="1321" HPOS="386"/>
							<String ID="string_225" HPOS="402" VPOS="1319" WIDTH="6" HEIGHT="19" WC="0.93" CONTENT="i"/><SP WIDTH="15" VPOS="1319" HPOS="408"/>
							<String ID="string_226" HPOS="423" VPOS="1318" WIDTH="232" HEIGHT="26" WC="0.91" CONTENT="statsrådsprotokollet"/><SP WIDTH="15" VPOS="1318" HPOS="655"/>
							<String ID="string_227" HPOS="670" VPOS="1318" WIDTH="143" HEIGHT="20" WC="0.91" CONTENT="omförmälda"/><SP WIDTH="10" VPOS="1318" HPOS="813"/>
							<String ID="string_228" HPOS="823" VPOS="1318" WIDTH="63" HEIGHT="20" WC="0.96" CONTENT="lotter"/><SP WIDTH="10" VPOS="1318" HPOS="886"/>
							<String ID="string_229" HPOS="896" VPOS="1319" WIDTH="37" HEIGHT="19" WC="0.96" CONTENT="må"/>
						</TextLine>
						<TextLine ID="line_37" HPOS="137" VPOS="1348" WIDTH="794" HEIGHT="27">
							<String ID="string_230" HPOS="137" VPOS="1356" WIDTH="37" HEIGHT="13" WC="0.96" CONTENT="var"/><SP WIDTH="16" VPOS="1356" HPOS="174"/>
							<String ID="string_231" HPOS="190" VPOS="1349" WIDTH="32" HEIGHT="20" WC="0.96" CONTENT="för"/><SP WIDTH="11" VPOS="1349" HPOS="222"/>
							<String ID="string_232" HPOS="233" VPOS="1349" WIDTH="32" HEIGHT="26" WC="0.96" CONTENT="sig"/><SP WIDTH="15" VPOS="1349" HPOS="265"/>
							<String ID="string_233" HPOS="280" VPOS="1349" WIDTH="50" HEIGHT="20" WC="0.96" CONTENT="med"/><SP WIDTH="16" VPOS="1349" HPOS="330"/>
							<String ID="string_234" HPOS="346" VPOS="1349" WIDTH="7" HEIGHT="19" WC="0.96" CONTENT="i"/><SP WIDTH="16" VPOS="1349" HPOS="353"/>
							<String ID="string_235" HPOS="369" VPOS="1355" WIDTH="85" HEIGHT="14" WC="0.95" CONTENT="samma"/><SP WIDTH="15" VPOS="1355" HPOS="454"/>
							<String ID="string_236" HPOS="469" VPOS="1348" WIDTH="106" HEIGHT="26" WC="0.95" CONTENT="protokoll"/><SP WIDTH="17" VPOS="1348" HPOS="575"/>
							<String ID="string_237" HPOS="592" VPOS="1348" WIDTH="85" HEIGHT="26" WC="0.96" CONTENT="angivet"/><SP WIDTH="15" VPOS="1348" HPOS="677"/>
							<String ID="string_238" HPOS="692" VPOS="1348" WIDTH="87" HEIGHT="20" WC="0.96" CONTENT="område"/><SP WIDTH="16" VPOS="1348" HPOS="779"/>
							<String ID="string_239" HPOS="795" VPOS="1348" WIDTH="47" HEIGHT="20" WC="0.93" CONTENT="från"/><SP WIDTH="16" VPOS="1348" HPOS="842"/>
							<String ID="string_240" HPOS="858" VPOS="1348" WIDTH="73" HEIGHT="20" WC="0.92" CONTENT="krono-"/>
						</TextLine>
						<TextLine ID="line_38" HPOS="136" VPOS="1374" WIDTH="795" HEIGHT="31">
							<String ID="string_241" HPOS="136" VPOS="1379" WIDTH="105" HEIGHT="26" WC="0.93" CONTENT="parkerna"/><SP WIDTH="16" VPOS="1379" HPOS="241"/>
							<String ID="string_242" HPOS="257" VPOS="1378" WIDTH="93" HEIGHT="26" WC="0.92" CONTENT="Handog"/><SP WIDTH="15" VPOS="1378" HPOS="350"/>
							<String ID="string_243" HPOS="365" VPOS="1378" WIDTH="39" HEIGHT="20" WC="0.93" CONTENT="och"/><SP WIDTH="18" VPOS="1378" HPOS="404"/>
							<String ID="string_244" HPOS="422" VPOS="1374" WIDTH="56" HEIGHT="24" WC="0.92" CONTENT="Örån"/><SP WIDTH="15" VPOS="1374" HPOS="478"/>
							<String ID="string_245" HPOS="493" VPOS="1378" WIDTH="106" HEIGHT="26" WC="0.92" CONTENT="försäljas,"/><SP WIDTH="17" VPOS="1378" HPOS="599"/>
							<String ID="string_246" HPOS="616" VPOS="1378" WIDTH="67" HEIGHT="20" WC="0.93" CONTENT="lotten"/><SP WIDTH="16" VPOS="1378" HPOS="683"/>
							<String ID="string_247" HPOS="699" VPOS="1378" WIDTH="12" HEIGHT="20" WC="0.91" CONTENT="å"/><SP WIDTH="15" VPOS="1378" HPOS="711"/>
							<String ID="string_248" HPOS="726" VPOS="1377" WIDTH="93" HEIGHT="26" WC="0.91" CONTENT="Handog"/><SP WIDTH="13" VPOS="1377" HPOS="819"/>
							<String ID="string_249" HPOS="832" VPOS="1384" WIDTH="25" HEIGHT="13" WC="0.95" CONTENT="nr"/><SP WIDTH="12" VPOS="1384" HPOS="857"/>
							<String ID="string_250" HPOS="869" VPOS="1377" WIDTH="11" HEIGHT="20" WC="0.95" CONTENT="1"/><SP WIDTH="12" VPOS="1377" HPOS="880"/>
							<String ID="string_251" HPOS="892" VPOS="1378" WIDTH="39" HEIGHT="20" WC="0.95" CONTENT="och"/>
						</TextLine>
						<TextLine ID="line_39" HPOS="136" VPOS="1407" WIDTH="796" HEIGHT="27">
							<String ID="string_252" HPOS="136" VPOS="1409" WIDTH="67" HEIGHT="20" WC="0.91" CONTENT="lotten"/><SP WIDTH="25" VPOS="1409" HPOS="203"/>
							<String ID="string_253" HPOS="228" VPOS="1409" WIDTH="18" HEIGHT="19" WC="0.89" CONTENT="A"/><SP WIDTH="16" VPOS="1409" HPOS="246"/>
							<String ID="string_254" HPOS="262" VPOS="1409" WIDTH="13" HEIGHT="19" WC="0.89" CONTENT="å"/><SP WIDTH="15" VPOS="1409" HPOS="275"/>
							<String ID="string_255" HPOS="290" VPOS="1408" WIDTH="93" HEIGHT="26" WC="0.92" CONTENT="Handog"/><SP WIDTH="18" VPOS="1408" HPOS="383"/>
							<String ID="string_256" HPOS="401" VPOS="1415" WIDTH="25" HEIGHT="13" WC="0.96" CONTENT="nr"/><SP WIDTH="17" VPOS="1415" HPOS="426"/>
							<String ID="string_257" HPOS="443" VPOS="1408" WIDTH="12" HEIGHT="20" WC="0.95" CONTENT="5"/><SP WIDTH="17" VPOS="1408" HPOS="455"/>
							<String ID="string_258" HPOS="472" VPOS="1408" WIDTH="68" HEIGHT="20" WC="0.96" CONTENT="under"/><SP WIDTH="18" VPOS="1408" HPOS="540"/>
							<String ID="string_259" HPOS="558" VPOS="1407" WIDTH="26" HEIGHT="21" WC="0.96" CONTENT="de"/><SP WIDTH="16" VPOS="1407" HPOS="584"/>
							<String ID="string_260" HPOS="600" VPOS="1408" WIDTH="7" HEIGHT="19" WC="0.96" CONTENT="i"/><SP WIDTH="16" VPOS="1408" HPOS="607"/>
							<String ID="string_261" HPOS="623" VPOS="1408" WIDTH="72" HEIGHT="20" WC="0.96" CONTENT="brevet"/><SP WIDTH="16" VPOS="1408" HPOS="695"/>
							<String ID="string_262" HPOS="711" VPOS="1407" WIDTH="41" HEIGHT="21" WC="0.96" CONTENT="den"/><SP WIDTH="17" VPOS="1407" HPOS="752"/>
							<String ID="string_263" HPOS="769" VPOS="1407" WIDTH="27" HEIGHT="20" WC="0.96" CONTENT="29"/><SP WIDTH="16" VPOS="1407" HPOS="796"/>
							<String ID="string_264" HPOS="812" VPOS="1408" WIDTH="44" HEIGHT="25" WC="0.96" CONTENT="maj"/><SP WIDTH="19" VPOS="1408" HPOS="856"/>
							<String ID="string_265" HPOS="875" VPOS="1407" WIDTH="57" HEIGHT="20" WC="0.96" CONTENT="1874"/>
						</TextLine>
						<TextLine ID="line_40" HPOS="136" VPOS="1437" WIDTH="795" HEIGHT="27">
							<String ID="string_266" HPOS="136" VPOS="1438" WIDTH="102" HEIGHT="26" WC="0.96" CONTENT="stadgade"/><SP WIDTH="24" VPOS="1438" HPOS="238"/>
							<String ID="string_267" HPOS="262" VPOS="1438" WIDTH="78" HEIGHT="20" WC="0.96" CONTENT="villkor"/><SP WIDTH="23" VPOS="1438" HPOS="340"/>
							<String ID="string_268" HPOS="363" VPOS="1438" WIDTH="39" HEIGHT="20" WC="0.95" CONTENT="och"/><SP WIDTH="25" VPOS="1438" HPOS="402"/>
							<String ID="string_269" HPOS="427" VPOS="1438" WIDTH="67" HEIGHT="19" WC="0.93" CONTENT="lotten"/><SP WIDTH="19" VPOS="1438" HPOS="494"/>
							<String ID="string_270" HPOS="513" VPOS="1438" WIDTH="17" HEIGHT="19" WC="0.89" CONTENT="B"/><SP WIDTH="17" VPOS="1438" HPOS="530"/>
							<String ID="string_271" HPOS="547" VPOS="1438" WIDTH="12" HEIGHT="19" WC="0.93" CONTENT="å"/><SP WIDTH="15" VPOS="1438" HPOS="559"/>
							<String ID="string_272" HPOS="574" VPOS="1437" WIDTH="93" HEIGHT="26" WC="0.92" CONTENT="Handog"/><SP WIDTH="15" VPOS="1437" HPOS="667"/>
							<String ID="string_273" HPOS="682" VPOS="1444" WIDTH="25" HEIGHT="13" WC="0.94" CONTENT="nr"/><SP WIDTH="16" VPOS="1444" HPOS="707"/>
							<String ID="string_274" HPOS="723" VPOS="1438" WIDTH="12" HEIGHT="19" WC="0.96" CONTENT="5"/><SP WIDTH="17" VPOS="1438" HPOS="735"/>
							<String ID="string_275" HPOS="752" VPOS="1437" WIDTH="66" HEIGHT="26" WC="0.96" CONTENT="enligt"/><SP WIDTH="15" VPOS="1437" HPOS="818"/>
							<String ID="string_276" HPOS="833" VPOS="1437" WIDTH="98" HEIGHT="26" WC="0.95" CONTENT="gällande"/>
						</TextLine>
						<TextLine ID="line_41" HPOS="136" VPOS="1467" WIDTH="795" HEIGHT="27">
							<String ID="string_277" HPOS="136" VPOS="1468" WIDTH="92" HEIGHT="26" WC="0.96" CONTENT="grunder"/><SP WIDTH="19" VPOS="1468" HPOS="228"/>
							<String ID="string_278" HPOS="247" VPOS="1468" WIDTH="32" HEIGHT="20" WC="0.96" CONTENT="för"/><SP WIDTH="19" VPOS="1468" HPOS="279"/>
							<String ID="string_279" HPOS="298" VPOS="1468" WIDTH="131" HEIGHT="26" WC="0.96" CONTENT="upplåtande"/><SP WIDTH="17" VPOS="1468" HPOS="429"/>
							<String ID="string_280" HPOS="446" VPOS="1474" WIDTH="26" HEIGHT="13" WC="0.93" CONTENT="av"/><SP WIDTH="16" VPOS="1474" HPOS="472"/>
							<String ID="string_281" HPOS="488" VPOS="1467" WIDTH="238" HEIGHT="26" WC="0.90" CONTENT="egnahemslägenheter"/><SP WIDTH="15" VPOS="1467" HPOS="726"/>
							<String ID="string_282" HPOS="741" VPOS="1467" WIDTH="47" HEIGHT="20" WC="0.93" CONTENT="från"/><SP WIDTH="16" VPOS="1467" HPOS="788"/>
							<String ID="string_283" HPOS="804" VPOS="1467" WIDTH="127" HEIGHT="26" WC="0.92" CONTENT="kronoegen-"/>
						</TextLine>
						<TextLine ID="line_42" HPOS="137" VPOS="1496" WIDTH="794" HEIGHT="27">
							<String ID="string_284" HPOS="137" VPOS="1498" WIDTH="80" HEIGHT="24" WC="0.96" CONTENT="domar,"/><SP WIDTH="18" VPOS="1498" HPOS="217"/>
							<String ID="string_285" HPOS="235" VPOS="1498" WIDTH="49" HEIGHT="20" WC="0.92" CONTENT="med"/><SP WIDTH="14" VPOS="1498" HPOS="284"/>
							<String ID="string_286" HPOS="298" VPOS="1497" WIDTH="148" HEIGHT="21" WC="0.91" CONTENT="tillträdesrätt"/><SP WIDTH="11" VPOS="1497" HPOS="446"/>
							<String ID="string_287" HPOS="457" VPOS="1497" WIDTH="131" HEIGHT="20" WC="0.96" CONTENT="beträffande"/><SP WIDTH="12" VPOS="1497" HPOS="588"/>
							<String ID="string_288" HPOS="600" VPOS="1497" WIDTH="99" HEIGHT="26" WC="0.96" CONTENT="samtliga"/><SP WIDTH="10" VPOS="1497" HPOS="699"/>
							<String ID="string_289" HPOS="709" VPOS="1497" WIDTH="64" HEIGHT="20" WC="0.96" CONTENT="lotter"/><SP WIDTH="10" VPOS="1497" HPOS="773"/>
							<String ID="string_290" HPOS="783" VPOS="1496" WIDTH="41" HEIGHT="21" WC="0.96" CONTENT="den"/><SP WIDTH="14" VPOS="1496" HPOS="824"/>
							<String ID="string_291" HPOS="838" VPOS="1497" WIDTH="26" HEIGHT="20" WC="0.96" CONTENT="14"/><SP WIDTH="11" VPOS="1497" HPOS="864"/>
							<String ID="string_292" HPOS="875" VPOS="1503" WIDTH="56" HEIGHT="14" WC="0.95" CONTENT="mars"/>
						</TextLine>
						<TextLine ID="line_43" HPOS="138" VPOS="1526" WIDTH="793" HEIGHT="26">
							<String ID="string_293" HPOS="138" VPOS="1528" WIDTH="56" HEIGHT="20" WC="0.96" CONTENT="1926"/><SP WIDTH="17" VPOS="1528" HPOS="194"/>
							<String ID="string_294" HPOS="211" VPOS="1528" WIDTH="40" HEIGHT="20" WC="0.96" CONTENT="och"/><SP WIDTH="16" VPOS="1528" HPOS="251"/>
							<String ID="string_295" HPOS="267" VPOS="1528" WIDTH="50" HEIGHT="20" WC="0.95" CONTENT="med"/><SP WIDTH="15" VPOS="1528" HPOS="317"/>
							<String ID="string_296" HPOS="332" VPOS="1527" WIDTH="105" HEIGHT="21" WC="0.96" CONTENT="förbehåll"/><SP WIDTH="17" VPOS="1527" HPOS="437"/>
							<String ID="string_297" HPOS="454" VPOS="1534" WIDTH="35" HEIGHT="13" WC="0.96" CONTENT="om"/><SP WIDTH="16" VPOS="1534" HPOS="489"/>
							<String ID="string_298" HPOS="505" VPOS="1529" WIDTH="42" HEIGHT="18" WC="0.96" CONTENT="rätt"/><SP WIDTH="16" VPOS="1529" HPOS="547"/>
							<String ID="string_299" HPOS="563" VPOS="1527" WIDTH="33" HEIGHT="20" WC="0.95" CONTENT="till"/><SP WIDTH="16" VPOS="1527" HPOS="596"/>
							<String ID="string_300" HPOS="612" VPOS="1527" WIDTH="27" HEIGHT="20" WC="0.93" CONTENT="fri"/><SP WIDTH="16" VPOS="1527" HPOS="639"/>
							<String ID="string_301" HPOS="655" VPOS="1527" WIDTH="119" HEIGHT="25" WC="0.91" CONTENT="utfartsväg"/><SP WIDTH="15" VPOS="1527" HPOS="774"/>
							<String ID="string_302" HPOS="789" VPOS="1527" WIDTH="33" HEIGHT="20" WC="0.96" CONTENT="för"/><SP WIDTH="13" VPOS="1527" HPOS="822"/>
							<String ID="string_303" HPOS="835" VPOS="1526" WIDTH="67" HEIGHT="21" WC="0.91" CONTENT="lotten"/><SP WIDTH="12" VPOS="1526" HPOS="902"/>
							<String ID="string_304" HPOS="914" VPOS="1527" WIDTH="17" HEIGHT="19" WC="0.89" CONTENT="B"/>
						</TextLine>
						<TextLine ID="line_44" HPOS="137" VPOS="1558" WIDTH="173" HEIGHT="20">
							<String ID="string_305" HPOS="137" VPOS="1560" WIDTH="50" HEIGHT="18" WC="0.96" CONTENT="över"/><SP WIDTH="15" VPOS="1560" HPOS="187"/>
							<String ID="string_306" HPOS="202" VPOS="1558" WIDTH="67" HEIGHT="20" WC="0.93" CONTENT="lotten"/><SP WIDTH="16" VPOS="1558" HPOS="269"/>
							<String ID="string_307" HPOS="285" VPOS="1558" WIDTH="25" HEIGHT="20" WC="0.90" CONTENT="A."/>
						</TextLine>
					</TextBlock>
				</ComposedBlock>
				<ComposedBlock ID="cblock_14" HPOS="78" VPOS="1617" WIDTH="854" HEIGHT="290">
					<TextBlock ID="block_17" HPOS="106" VPOS="1617" WIDTH="301" HEIGHT="22">
						<TextLine ID="line_45" HPOS="106" VPOS="1617" WIDTH="301" HEIGHT="22">
							<String ID="string_308" HPOS="106" VPOS="1618" WIDTH="62" HEIGHT="20" WC="0.96" CONTENT="Inom"/><SP WIDTH="25" VPOS="1618" HPOS="168"/>
							<String ID="string_309" HPOS="193" VPOS="1617" WIDTH="155" HEIGHT="22" WC="0.94" CONTENT="Västerbottens"/><SP WIDTH="15" VPOS="1617" HPOS="348"/>
							<String ID="string_310" HPOS="363" VPOS="1618" WIDTH="44" HEIGHT="20" WC="0.96" CONTENT="län:"/>
						</TextLine>
					</TextBlock>
					<TextBlock ID="block_18" HPOS="78" VPOS="1646" WIDTH="854" HEIGHT="261">
						<TextLine ID="line_46" HPOS="78" VPOS="1646" WIDTH="854" HEIGHT="28">
							<String ID="string_311" HPOS="78" VPOS="1653" WIDTH="25" HEIGHT="16" WC="0.93" CONTENT="65"/><SP WIDTH="18" VPOS="1653" HPOS="103"/>
							<String ID="string_312" HPOS="121" VPOS="1648" WIDTH="37" HEIGHT="20" WC="0.91" CONTENT="RD"/><SP WIDTH="17" VPOS="1648" HPOS="158"/>
							<String ID="string_313" HPOS="175" VPOS="1648" WIDTH="114" HEIGHT="26" WC="0.90" CONTENT="medgiver,"/><SP WIDTH="17" VPOS="1648" HPOS="289"/>
							<String ID="string_314" HPOS="306" VPOS="1650" WIDTH="32" HEIGHT="18" WC="0.96" CONTENT="att"/><SP WIDTH="15" VPOS="1650" HPOS="338"/>
							<String ID="string_315" HPOS="353" VPOS="1647" WIDTH="34" HEIGHT="21" WC="0.96" CONTENT="till"/><SP WIDTH="17" VPOS="1647" HPOS="387"/>
							<String ID="string_316" HPOS="404" VPOS="1647" WIDTH="132" HEIGHT="20" WC="0.96" CONTENT="Vilhelmina"/><SP WIDTH="16" VPOS="1647" HPOS="536"/>
							<String ID="string_317" HPOS="552" VPOS="1646" WIDTH="117" HEIGHT="26" WC="0.96" CONTENT="borgerliga"/><SP WIDTH="16" VPOS="1646" HPOS="669"/>
							<String ID="string_318" HPOS="685" VPOS="1647" WIDTH="104" HEIGHT="19" WC="0.96" CONTENT="kommun"/><SP WIDTH="22" VPOS="1647" HPOS="789"/>
							<String ID="string_319" HPOS="811" VPOS="1647" WIDTH="35" HEIGHT="19" WC="0.96" CONTENT="må"/><SP WIDTH="18" VPOS="1647" HPOS="846"/>
							<String ID="string_320" HPOS="864" VPOS="1646" WIDTH="68" HEIGHT="21" WC="0.95" CONTENT="under"/>
						</TextLine>
						<TextLine ID="line_47" HPOS="137" VPOS="1676" WIDTH="794" HEIGHT="25">
							<String ID="string_321" HPOS="137" VPOS="1678" WIDTH="26" HEIGHT="20" WC="0.96" CONTENT="de"/><SP WIDTH="15" VPOS="1678" HPOS="163"/>
							<String ID="string_322" HPOS="178" VPOS="1678" WIDTH="79" HEIGHT="20" WC="0.96" CONTENT="villkor"/><SP WIDTH="15" VPOS="1678" HPOS="257"/>
							<String ID="string_323" HPOS="272" VPOS="1678" WIDTH="39" HEIGHT="20" WC="0.96" CONTENT="och"/><SP WIDTH="17" VPOS="1678" HPOS="311"/>
							<String ID="string_324" HPOS="328" VPOS="1679" WIDTH="97" HEIGHT="19" WC="0.96" CONTENT="närmare"/><SP WIDTH="16" VPOS="1679" HPOS="425"/>
							<String ID="string_325" HPOS="441" VPOS="1676" WIDTH="167" HEIGHT="25" WC="0.93" CONTENT="bestämmelser,"/><SP WIDTH="17" VPOS="1676" HPOS="608"/>
							<String ID="string_326" HPOS="625" VPOS="1676" WIDTH="61" HEIGHT="20" WC="0.90" CONTENT="KM:t"/><SP WIDTH="15" VPOS="1676" HPOS="686"/>
							<String ID="string_327" HPOS="701" VPOS="1677" WIDTH="36" HEIGHT="19" WC="0.96" CONTENT="må"/><SP WIDTH="16" VPOS="1677" HPOS="737"/>
							<String ID="string_328" HPOS="753" VPOS="1676" WIDTH="58" HEIGHT="20" WC="0.95" CONTENT="finna"/><SP WIDTH="10" VPOS="1676" HPOS="811"/>
							<String ID="string_329" HPOS="821" VPOS="1676" WIDTH="47" HEIGHT="20" WC="0.93" CONTENT="skäl"/><SP WIDTH="10" VPOS="1676" HPOS="868"/>
							<String ID="string_330" HPOS="878" VPOS="1676" WIDTH="53" HEIGHT="20" WC="0.89" CONTENT="före-"/>
						</TextLine>
						<TextLine ID="line_48" HPOS="137" VPOS="1706" WIDTH="793" HEIGHT="28">
							<String ID="string_331" HPOS="137" VPOS="1708" WIDTH="77" HEIGHT="24" WC="0.95" CONTENT="skriva,"/><SP WIDTH="17" VPOS="1708" HPOS="214"/>
							<String ID="string_332" HPOS="231" VPOS="1709" WIDTH="70" HEIGHT="19" WC="0.96" CONTENT="såsom"/><SP WIDTH="17" VPOS="1709" HPOS="301"/>
							<String ID="string_333" HPOS="318" VPOS="1708" WIDTH="56" HEIGHT="26" WC="0.96" CONTENT="plats"/><SP WIDTH="16" VPOS="1708" HPOS="374"/>
							<String ID="string_334" HPOS="390" VPOS="1707" WIDTH="33" HEIGHT="20" WC="0.96" CONTENT="för"/><SP WIDTH="16" VPOS="1707" HPOS="423"/>
							<String ID="string_335" HPOS="439" VPOS="1706" WIDTH="134" HEIGHT="27" WC="0.96" CONTENT="uppförande"/><SP WIDTH="20" VPOS="1706" HPOS="573"/>
							<String ID="string_336" HPOS="593" VPOS="1713" WIDTH="26" HEIGHT="13" WC="0.93" CONTENT="av"/><SP WIDTH="19" VPOS="1713" HPOS="619"/>
							<String ID="string_337" HPOS="638" VPOS="1706" WIDTH="140" HEIGHT="27" WC="0.92" CONTENT="kyrkobyhus"/><SP WIDTH="19" VPOS="1706" HPOS="778"/>
							<String ID="string_338" HPOS="797" VPOS="1707" WIDTH="39" HEIGHT="20" WC="0.93" CONTENT="och"/><SP WIDTH="20" VPOS="1707" HPOS="836"/>
							<String ID="string_339" HPOS="856" VPOS="1706" WIDTH="74" HEIGHT="26" WC="0.90" CONTENT="kyrko-"/>
						</TextLine>
						<TextLine ID="line_49" HPOS="137" VPOS="1735" WIDTH="795" HEIGHT="29">
							<String ID="string_340" HPOS="137" VPOS="1738" WIDTH="74" HEIGHT="20" WC="0.96" CONTENT="stallar"/><SP WIDTH="15" VPOS="1738" HPOS="211"/>
							<String ID="string_341" HPOS="226" VPOS="1738" WIDTH="48" HEIGHT="20" WC="0.91" CONTENT="från"/><SP WIDTH="15" VPOS="1738" HPOS="274"/>
							<String ID="string_342" HPOS="289" VPOS="1736" WIDTH="236" HEIGHT="28" WC="0.91" CONTENT="kyrkoherdebostället"/><SP WIDTH="14" VPOS="1736" HPOS="525"/>
							<String ID="string_343" HPOS="539" VPOS="1735" WIDTH="27" HEIGHT="29" WC="0.59" CONTENT="5/g"/><SP WIDTH="12" VPOS="1735" HPOS="566"/>
							<String ID="string_344" HPOS="578" VPOS="1736" WIDTH="82" HEIGHT="20" WC="0.93" CONTENT="mantal"/><SP WIDTH="16" VPOS="1736" HPOS="660"/>
							<String ID="string_345" HPOS="676" VPOS="1736" WIDTH="66" HEIGHT="20" WC="0.92" CONTENT="krono"/><SP WIDTH="16" VPOS="1736" HPOS="742"/>
							<String ID="string_346" HPOS="758" VPOS="1736" WIDTH="133" HEIGHT="20" WC="0.96" CONTENT="Vilhelmina"/><SP WIDTH="16" VPOS="1736" HPOS="891"/>
							<String ID="string_347" HPOS="907" VPOS="1743" WIDTH="25" HEIGHT="13" WC="0.95" CONTENT="nr"/>
						</TextLine>
						<TextLine ID="line_50" HPOS="139" VPOS="1766" WIDTH="792" HEIGHT="26">
							<String ID="string_348" HPOS="139" VPOS="1767" WIDTH="9" HEIGHT="20" WC="0.95" CONTENT="1"/><SP WIDTH="18" VPOS="1767" HPOS="148"/>
							<String ID="string_349" HPOS="166" VPOS="1768" WIDTH="7" HEIGHT="20" WC="0.95" CONTENT="i"/><SP WIDTH="17" VPOS="1768" HPOS="173"/>
							<String ID="string_350" HPOS="190" VPOS="1767" WIDTH="133" HEIGHT="21" WC="0.96" CONTENT="Vilhelmina"/><SP WIDTH="15" VPOS="1767" HPOS="323"/>
							<String ID="string_351" HPOS="338" VPOS="1767" WIDTH="77" HEIGHT="20" WC="0.95" CONTENT="socken"/><SP WIDTH="17" VPOS="1767" HPOS="415"/>
							<String ID="string_352" HPOS="432" VPOS="1767" WIDTH="126" HEIGHT="25" WC="0.96" CONTENT="avgiftsfritt"/><SP WIDTH="15" VPOS="1767" HPOS="558"/>
							<String ID="string_353" HPOS="573" VPOS="1766" WIDTH="69" HEIGHT="20" WC="0.96" CONTENT="under"/><SP WIDTH="15" VPOS="1766" HPOS="642"/>
							<String ID="string_354" HPOS="657" VPOS="1766" WIDTH="124" HEIGHT="26" WC="0.96" CONTENT="äganderätt"/><SP WIDTH="10" VPOS="1766" HPOS="781"/>
							<String ID="string_355" HPOS="791" VPOS="1766" WIDTH="103" HEIGHT="20" WC="0.96" CONTENT="överlåtas"/><SP WIDTH="11" VPOS="1766" HPOS="894"/>
							<String ID="string_356" HPOS="905" VPOS="1766" WIDTH="26" HEIGHT="20" WC="0.96" CONTENT="de"/>
						</TextLine>
						<TextLine ID="line_51" HPOS="137" VPOS="1796" WIDTH="794" HEIGHT="26">
							<String ID="string_357" HPOS="137" VPOS="1798" WIDTH="12" HEIGHT="19" WC="0.93" CONTENT="å"/><SP WIDTH="15" VPOS="1798" HPOS="149"/>
							<String ID="string_358" HPOS="164" VPOS="1798" WIDTH="76" HEIGHT="20" WC="0.96" CONTENT="kartan"/><SP WIDTH="16" VPOS="1798" HPOS="240"/>
							<String ID="string_359" HPOS="256" VPOS="1797" WIDTH="34" HEIGHT="21" WC="0.96" CONTENT="till"/><SP WIDTH="16" VPOS="1797" HPOS="290"/>
							<String ID="string_360" HPOS="306" VPOS="1797" WIDTH="37" HEIGHT="21" WC="0.96" CONTENT="det"/><SP WIDTH="16" VPOS="1797" HPOS="343"/>
							<String ID="string_361" HPOS="359" VPOS="1804" WIDTH="25" HEIGHT="13" WC="0.95" CONTENT="av"/><SP WIDTH="17" VPOS="1804" HPOS="384"/>
							<String ID="string_362" HPOS="401" VPOS="1796" WIDTH="120" HEIGHT="21" WC="0.93" CONTENT="arkitekten"/><SP WIDTH="16" VPOS="1796" HPOS="521"/>
							<String ID="string_363" HPOS="537" VPOS="1796" WIDTH="21" HEIGHT="20" WC="0.92" CONTENT="P."/><SP WIDTH="18" VPOS="1796" HPOS="558"/>
							<String ID="string_364" HPOS="576" VPOS="1796" WIDTH="103" HEIGHT="20" WC="0.96" CONTENT="Hallman"/><SP WIDTH="16" VPOS="1796" HPOS="679"/>
							<String ID="string_365" HPOS="695" VPOS="1797" WIDTH="23" HEIGHT="19" WC="0.96" CONTENT="år"/><SP WIDTH="17" VPOS="1797" HPOS="718"/>
							<String ID="string_366" HPOS="735" VPOS="1796" WIDTH="55" HEIGHT="20" WC="0.96" CONTENT="1921"/><SP WIDTH="13" VPOS="1796" HPOS="790"/>
							<String ID="string_367" HPOS="803" VPOS="1796" WIDTH="128" HEIGHT="26" WC="0.95" CONTENT="upprättade"/>
						</TextLine>
						<TextLine ID="line_52" HPOS="136" VPOS="1826" WIDTH="795" HEIGHT="27">
							<String ID="string_368" HPOS="136" VPOS="1828" WIDTH="102" HEIGHT="25" WC="0.96" CONTENT="förslaget"/><SP WIDTH="15" VPOS="1828" HPOS="238"/>
							<String ID="string_369" HPOS="253" VPOS="1827" WIDTH="33" HEIGHT="21" WC="0.96" CONTENT="till"/><SP WIDTH="20" VPOS="1827" HPOS="286"/>
							<String ID="string_370" HPOS="306" VPOS="1827" WIDTH="111" HEIGHT="26" WC="0.95" CONTENT="stadsplan"/><SP WIDTH="19" VPOS="1827" HPOS="417"/>
							<String ID="string_371" HPOS="436" VPOS="1827" WIDTH="33" HEIGHT="19" WC="0.96" CONTENT="för"/><SP WIDTH="19" VPOS="1827" HPOS="469"/>
							<String ID="string_372" HPOS="488" VPOS="1826" WIDTH="133" HEIGHT="20" WC="0.93" CONTENT="Vilhelmina"/><SP WIDTH="18" VPOS="1826" HPOS="621"/>
							<String ID="string_373" HPOS="639" VPOS="1826" WIDTH="224" HEIGHT="26" WC="0.90" CONTENT="municipalsamhälle"/><SP WIDTH="19" VPOS="1826" HPOS="863"/>
							<String ID="string_374" HPOS="882" VPOS="1826" WIDTH="49" HEIGHT="20" WC="0.95" CONTENT="med"/>
						</TextLine>
						<TextLine ID="line_53" HPOS="137" VPOS="1856" WIDTH="795" HEIGHT="21">
							<String ID="string_375" HPOS="137" VPOS="1864" WIDTH="25" HEIGHT="13" WC="0.96" CONTENT="nr"/><SP WIDTH="19" VPOS="1864" HPOS="162"/>
							<String ID="string_376" HPOS="181" VPOS="1857" WIDTH="28" HEIGHT="20" WC="0.96" CONTENT="28"/><SP WIDTH="19" VPOS="1857" HPOS="209"/>
							<String ID="string_377" HPOS="228" VPOS="1857" WIDTH="39" HEIGHT="20" WC="0.96" CONTENT="och"/><SP WIDTH="20" VPOS="1857" HPOS="267"/>
							<String ID="string_378" HPOS="287" VPOS="1857" WIDTH="26" HEIGHT="20" WC="0.96" CONTENT="31"/><SP WIDTH="21" VPOS="1857" HPOS="313"/>
							<String ID="string_379" HPOS="334" VPOS="1856" WIDTH="131" HEIGHT="21" WC="0.96" CONTENT="betecknade"/><SP WIDTH="21" VPOS="1856" HPOS="465"/>
							<String ID="string_380" HPOS="486" VPOS="1856" WIDTH="111" HEIGHT="20" WC="0.96" CONTENT="kvarteren"/><SP WIDTH="23" VPOS="1856" HPOS="597"/>
							<String ID="string_381" HPOS="620" VPOS="1858" WIDTH="56" HEIGHT="18" WC="0.96" CONTENT="samt"/><SP WIDTH="21" VPOS="1858" HPOS="676"/>
							<String ID="string_382" HPOS="697" VPOS="1856" WIDTH="106" HEIGHT="20" WC="0.96" CONTENT="kvarteret"/><SP WIDTH="21" VPOS="1856" HPOS="803"/>
							<String ID="string_383" HPOS="824" VPOS="1856" WIDTH="40" HEIGHT="20" WC="0.93" CONTENT="litt."/><SP WIDTH="21" VPOS="1856" HPOS="864"/>
							<String ID="string_384" HPOS="885" VPOS="1856" WIDTH="16" HEIGHT="20" WC="0.89" CONTENT="C"/><SP WIDTH="18" VPOS="1856" HPOS="901"/>
							<String ID="string_385" HPOS="919" VPOS="1856" WIDTH="13" HEIGHT="20" WC="0.91" CONTENT="å"/>
						</TextLine>
						<TextLine ID="line_54" HPOS="137" VPOS="1887" WIDTH="166" HEIGHT="20">
							<String ID="string_386" HPOS="137" VPOS="1893" WIDTH="83" HEIGHT="14" WC="0.95" CONTENT="samma"/><SP WIDTH="16" VPOS="1893" HPOS="220"/>
							<String ID="string_387" HPOS="236" VPOS="1887" WIDTH="67" HEIGHT="20" WC="0.95" CONTENT="karta."/>
						</TextLine>
					</TextBlock>
				</ComposedBlock>
				<ComposedBlock ID="cblock_15" HPOS="79" VPOS="1946" WIDTH="863" HEIGHT="145">
					<TextBlock ID="block_19" HPOS="79" VPOS="1946" WIDTH="863" HEIGHT="145">
						<TextLine ID="line_55" HPOS="107" VPOS="1946" WIDTH="281" HEIGHT="21">
							<String ID="string_388" HPOS="107" VPOS="1947" WIDTH="62" HEIGHT="20" WC="0.96" CONTENT="Inom"/><SP WIDTH="18" VPOS="1947" HPOS="169"/>
							<String ID="string_389" HPOS="187" VPOS="1946" WIDTH="141" HEIGHT="21" WC="0.96" CONTENT="Norrbottens"/><SP WIDTH="16" VPOS="1946" HPOS="328"/>
							<String ID="string_390" HPOS="344" VPOS="1946" WIDTH="44" HEIGHT="20" WC="0.95" CONTENT="län:"/>
						</TextLine>
						<TextLine ID="line_56" HPOS="79" VPOS="1971" WIDTH="852" HEIGHT="31">
							<String ID="string_391" HPOS="79" VPOS="1981" WIDTH="25" HEIGHT="15" WC="0.93" CONTENT="66"/><SP WIDTH="18" VPOS="1981" HPOS="104"/>
							<String ID="string_392" HPOS="122" VPOS="1976" WIDTH="37" HEIGHT="20" WC="0.89" CONTENT="RD"/><SP WIDTH="17" VPOS="1976" HPOS="159"/>
							<String ID="string_393" HPOS="176" VPOS="1976" WIDTH="108" HEIGHT="26" WC="0.89" CONTENT="medgiver"/><SP WIDTH="15" VPOS="1976" HPOS="284"/>
							<String ID="string_394" HPOS="299" VPOS="1978" WIDTH="32" HEIGHT="18" WC="0.96" CONTENT="att"/><SP WIDTH="16" VPOS="1978" HPOS="331"/>
							<String ID="string_395" HPOS="347" VPOS="1976" WIDTH="41" HEIGHT="20" WC="0.96" CONTENT="den"/><SP WIDTH="19" VPOS="1976" HPOS="388"/>
							<String ID="string_396" HPOS="407" VPOS="1975" WIDTH="84" HEIGHT="21" WC="0.96" CONTENT="Bodens"/><SP WIDTH="19" VPOS="1975" HPOS="491"/>
							<String ID="string_397" HPOS="510" VPOS="1975" WIDTH="94" HEIGHT="26" WC="0.96" CONTENT="fästning"/><SP WIDTH="18" VPOS="1975" HPOS="604"/>
							<String ID="string_398" HPOS="622" VPOS="1975" WIDTH="136" HEIGHT="25" WC="0.93" CONTENT="tillhörande,"/><SP WIDTH="16" VPOS="1975" HPOS="758"/>
							<String ID="string_399" HPOS="774" VPOS="1975" WIDTH="13" HEIGHT="20" WC="0.91" CONTENT="å"/><SP WIDTH="15" VPOS="1975" HPOS="787"/>
							<String ID="string_400" HPOS="802" VPOS="1971" WIDTH="129" HEIGHT="24" WC="0.92" CONTENT="Över-Luleå"/>
						</TextLine>
						<TextLine ID="line_57" HPOS="136" VPOS="2003" WIDTH="794" HEIGHT="29">
							<String ID="string_401" HPOS="136" VPOS="2006" WIDTH="137" HEIGHT="26" WC="0.95" CONTENT="församlings"/><SP WIDTH="16" VPOS="2006" HPOS="273"/>
							<String ID="string_402" HPOS="289" VPOS="2005" WIDTH="151" HEIGHT="21" WC="0.93" CONTENT="förutvarande"/><SP WIDTH="15" VPOS="2005" HPOS="440"/>
							<String ID="string_403" HPOS="455" VPOS="2004" WIDTH="225" HEIGHT="27" WC="0.92" CONTENT="kyrkoherdeboställe"/><SP WIDTH="14" VPOS="2004" HPOS="680"/>
							<String ID="string_404" HPOS="694" VPOS="2003" WIDTH="47" HEIGHT="29" WC="0.40" CONTENT="?!/,,"/><SP WIDTH="12" VPOS="2003" HPOS="741"/>
							<String ID="string_405" HPOS="753" VPOS="2004" WIDTH="82" HEIGHT="20" WC="0.96" CONTENT="mantal"/><SP WIDTH="11" VPOS="2004" HPOS="835"/>
							<String ID="string_406" HPOS="846" VPOS="2004" WIDTH="40" HEIGHT="20" WC="0.93" CONTENT="litt."/><SP WIDTH="12" VPOS="2004" HPOS="886"/>
							<String ID="string_407" HPOS="898" VPOS="2004" WIDTH="32" HEIGHT="20" WC="0.77" CONTENT="F1."/>
						</TextLine>
						<TextLine ID="line_58" HPOS="138" VPOS="2034" WIDTH="792" HEIGHT="27">
							<String ID="string_408" HPOS="138" VPOS="2036" WIDTH="12" HEIGHT="20" WC="0.89" CONTENT="3"/><SP WIDTH="17" VPOS="2036" HPOS="150"/>
							<String ID="string_409" HPOS="167" VPOS="2043" WIDTH="12" HEIGHT="13" WC="0.51" CONTENT="o"/><SP WIDTH="16" VPOS="2043" HPOS="179"/>
							<String ID="string_410" HPOS="195" VPOS="2036" WIDTH="14" HEIGHT="20" WC="0.51" CONTENT="S"/><SP WIDTH="17" VPOS="2036" HPOS="209"/>
							<String ID="string_411" HPOS="226" VPOS="2036" WIDTH="37" HEIGHT="20" WC="0.90" CONTENT="N:r"/><SP WIDTH="19" VPOS="2036" HPOS="263"/>
							<String ID="string_412" HPOS="282" VPOS="2036" WIDTH="25" HEIGHT="19" WC="0.95" CONTENT="12"/><SP WIDTH="17" VPOS="2036" HPOS="307"/>
							<String ID="string_413" HPOS="324" VPOS="2035" WIDTH="73" HEIGHT="21" WC="0.96" CONTENT="Boden"/><SP WIDTH="19" VPOS="2035" HPOS="397"/>
							<String ID="string_414" HPOS="416" VPOS="2035" WIDTH="90" HEIGHT="26" WC="0.96" CONTENT="belägna"/><SP WIDTH="19" VPOS="2035" HPOS="506"/>
							<String ID="string_415" HPOS="525" VPOS="2037" WIDTH="82" HEIGHT="18" WC="0.96" CONTENT="tomten"/><SP WIDTH="19" VPOS="2037" HPOS="607"/>
							<String ID="string_416" HPOS="626" VPOS="2041" WIDTH="26" HEIGHT="13" WC="0.95" CONTENT="nr"/><SP WIDTH="16" VPOS="2041" HPOS="652"/>
							<String ID="string_417" HPOS="668" VPOS="2035" WIDTH="11" HEIGHT="19" WC="0.95" CONTENT="5"/><SP WIDTH="18" VPOS="2035" HPOS="679"/>
							<String ID="string_418" HPOS="697" VPOS="2035" WIDTH="7" HEIGHT="19" WC="0.96" CONTENT="i"/><SP WIDTH="16" VPOS="2035" HPOS="704"/>
							<String ID="string_419" HPOS="720" VPOS="2034" WIDTH="106" HEIGHT="21" WC="0.96" CONTENT="kvarteret"/><SP WIDTH="19" VPOS="2034" HPOS="826"/>
							<String ID="string_420" HPOS="845" VPOS="2034" WIDTH="85" HEIGHT="20" WC="0.96" CONTENT="Valhall"/>
						</TextLine>
						<TextLine ID="line_59" HPOS="138" VPOS="2064" WIDTH="804" HEIGHT="27">
							<String ID="string_421" HPOS="138" VPOS="2067" WIDTH="6" HEIGHT="19" WC="0.96" CONTENT="i"/><SP WIDTH="22" VPOS="2067" HPOS="144"/>
							<String ID="string_422" HPOS="166" VPOS="2066" WIDTH="84" HEIGHT="20" WC="0.96" CONTENT="Bodens"/><SP WIDTH="19" VPOS="2066" HPOS="250"/>
							<String ID="string_423" HPOS="269" VPOS="2065" WIDTH="47" HEIGHT="21" WC="0.95" CONTENT="stad"/><SP WIDTH="20" VPOS="2065" HPOS="316"/>
							<String ID="string_424" HPOS="336" VPOS="2068" WIDTH="56" HEIGHT="18" WC="0.96" CONTENT="samt"/><SP WIDTH="19" VPOS="2068" HPOS="392"/>
							<String ID="string_425" HPOS="411" VPOS="2065" WIDTH="40" HEIGHT="20" WC="0.96" CONTENT="den"/><SP WIDTH="20" VPOS="2065" HPOS="451"/>
							<String ID="string_426" HPOS="471" VPOS="2065" WIDTH="34" HEIGHT="20" WC="0.96" CONTENT="till"/><SP WIDTH="19" VPOS="2065" HPOS="505"/>
							<String ID="string_427" HPOS="524" VPOS="2071" WIDTH="83" HEIGHT="13" WC="0.96" CONTENT="samma"/><SP WIDTH="19" VPOS="2071" HPOS="607"/>
							<String ID="string_428" HPOS="626" VPOS="2066" WIDTH="55" HEIGHT="19" WC="0.96" CONTENT="tomt"/><SP WIDTH="18" VPOS="2066" HPOS="681"/>
							<String ID="string_429" HPOS="699" VPOS="2064" WIDTH="94" HEIGHT="20" WC="0.96" CONTENT="hörande"/><SP WIDTH="18" VPOS="2064" HPOS="793"/>
							<String ID="string_430" HPOS="811" VPOS="2064" WIDTH="131" HEIGHT="27" WC="0.79" CONTENT="gatumark,"/><SP WIDTH="-14" VPOS="2064" HPOS="942"/>
							<String ID="string_431" HPOS="928" VPOS="2060" WIDTH="14" HEIGHT="35" WC="0.79" CONTENT="|"/>
						</TextLine>
					</TextBlock>
				</ComposedBlock>
				<ComposedBlock ID="cblock_16" HPOS="934" VPOS="226" WIDTH="14" HEIGHT="1811">
					<TextBlock ID="block_20" HPOS="934" VPOS="226" WIDTH="14" HEIGHT="1811">
						<TextLine ID="line_60" HPOS="934" VPOS="226" WIDTH="14" HEIGHT="1811">
							<String ID="string_432" HPOS="934" VPOS="226" WIDTH="14" HEIGHT="1811" WC="0.95" CONTENT=" "/>
						</TextLine>
					</TextBlock>
				</ComposedBlock>
				<ComposedBlock ID="cblock_17" HPOS="65" VPOS="225" WIDTH="16" HEIGHT="1866">
					<TextBlock ID="block_21" HPOS="65" VPOS="225" WIDTH="16" HEIGHT="1866">
						<TextLine ID="line_61" HPOS="65" VPOS="225" WIDTH="16" HEIGHT="1866">
							<String ID="string_433" HPOS="65" VPOS="225" WIDTH="16" HEIGHT="1866" WC="0.95" CONTENT=" "/>
						</TextLine>
					</TextBlock>
				</ComposedBlock>
				<ComposedBlock ID="cblock_18" HPOS="948" VPOS="229" WIDTH="727" HEIGHT="1862">
					<TextBlock ID="block_22" HPOS="948" VPOS="229" WIDTH="727" HEIGHT="1862">
						<TextLine ID="line_62" HPOS="1019" VPOS="229" WIDTH="435" HEIGHT="34">
							<String ID="string_434" HPOS="1019" VPOS="229" WIDTH="40" HEIGHT="34" WC="0.29" CONTENT="Hö"/><SP WIDTH="343" VPOS="229" HPOS="1059"/>
							<String ID="string_435" HPOS="1402" VPOS="235" WIDTH="52" HEIGHT="17" WC="0.92" CONTENT="Riks-"/>
						</TextLine>
						<TextLine ID="line_63" HPOS="965" VPOS="254" WIDTH="674" HEIGHT="47">
							<String ID="string_436" HPOS="965" VPOS="259" WIDTH="17" HEIGHT="26" WC="0.6" CONTENT="Z"/><SP WIDTH="37" VPOS="259" HPOS="982"/>
							<String ID="string_437" HPOS="1019" VPOS="261" WIDTH="41" HEIGHT="33" WC="0.0" CONTENT="2"/><SP WIDTH="17" VPOS="261" HPOS="1060"/>
							<String ID="string_438" HPOS="1077" VPOS="283" WIDTH="46" HEIGHT="17" WC="0.92" CONTENT="Moti"/><SP WIDTH="54" VPOS="283" HPOS="1123"/>
							<String ID="string_439" HPOS="1177" VPOS="277" WIDTH="2" HEIGHT="7" WC="0.75" CONTENT="|"/><SP WIDTH="56" VPOS="277" HPOS="1179"/>
							<String ID="string_440" HPOS="1235" VPOS="254" WIDTH="61" HEIGHT="47" WC="0.13" CONTENT="HE"/><SP WIDTH="96" VPOS="254" HPOS="1296"/>
							<String ID="string_441" HPOS="1392" VPOS="265" WIDTH="72" HEIGHT="22" WC="0.95" CONTENT="dagens"/><SP WIDTH="57" VPOS="265" HPOS="1464"/>
							<String ID="string_442" HPOS="1521" VPOS="265" WIDTH="118" HEIGHT="17" WC="0.88" CONTENT="Kamrarnas"/>
						</TextLine>
						<TextLine ID="line_64" HPOS="966" VPOS="281" WIDTH="686" HEIGHT="50">
							<String ID="string_443" HPOS="966" VPOS="289" WIDTH="17" HEIGHT="42" WC="0.72" CONTENT="z"/><SP WIDTH="36" VPOS="289" HPOS="983"/>
							<String ID="string_444" HPOS="1019" VPOS="306" WIDTH="17" HEIGHT="22" WC="0.66" CONTENT="2"/><SP WIDTH="7" VPOS="306" HPOS="1036"/>
							<String ID="string_445" HPOS="1043" VPOS="296" WIDTH="17" HEIGHT="28" WC="0.74" CONTENT="2"/><SP WIDTH="38" VPOS="296" HPOS="1060"/>
							<String ID="string_446" HPOS="1098" VPOS="281" WIDTH="74" HEIGHT="41" WC="0.61" CONTENT="okoner"/><SP WIDTH="28" VPOS="281" HPOS="1172"/>
							<String ID="string_447" HPOS="1200" VPOS="286" WIDTH="47" HEIGHT="45" WC="0.0" CONTENT="de"/><SP WIDTH="15" VPOS="286" HPOS="1247"/>
							<String ID="string_448" HPOS="1262" VPOS="285" WIDTH="48" HEIGHT="46" WC="0.0" CONTENT="RER"/><SP WIDTH="86" VPOS="285" HPOS="1310"/>
							<String ID="string_449" HPOS="1396" VPOS="291" WIDTH="56" HEIGHT="30" WC="0.90" CONTENT="skri-"/><SP WIDTH="54" VPOS="291" HPOS="1452"/>
							<String ID="string_450" HPOS="1506" VPOS="291" WIDTH="146" HEIGHT="30" WC="0.96" CONTENT="förhandlingar"/>
						</TextLine>
						<TextLine ID="line_65" HPOS="966" VPOS="325" WIDTH="495" HEIGHT="25">
							<String ID="string_451" HPOS="966" VPOS="336" WIDTH="12" HEIGHT="11" WC="0.30" CONTENT="Sd"/><SP WIDTH="421" VPOS="336" HPOS="978"/>
							<String ID="string_452" HPOS="1399" VPOS="325" WIDTH="62" HEIGHT="17" WC="0.91" CONTENT="velser"/>
						</TextLine>
						<TextLine ID="line_66" HPOS="961" VPOS="348" WIDTH="98" HEIGHT="15">
							<String ID="string_453" HPOS="961" VPOS="351" WIDTH="17" HEIGHT="12" WC="0.86" CONTENT="&amp;"/><SP WIDTH="42" VPOS="351" HPOS="978"/>
							<String ID="string_454" HPOS="1020" VPOS="348" WIDTH="39" HEIGHT="11" WC="0.31" CONTENT="2:"/>
						</TextLine>
						<TextLine ID="line_67" HPOS="966" VPOS="358" WIDTH="695" HEIGHT="47">
							<String ID="string_455" HPOS="966" VPOS="366" WIDTH="18" HEIGHT="25" WC="0.67" CONTENT="="/><SP WIDTH="35" VPOS="366" HPOS="984"/>
							<String ID="string_456" HPOS="1019" VPOS="360" WIDTH="36" HEIGHT="40" WC="0.7" CONTENT="Ze"/><SP WIDTH="138" VPOS="360" HPOS="1055"/>
							<String ID="string_457" HPOS="1193" VPOS="367" WIDTH="104" HEIGHT="31" WC="0.15" CONTENT="FARSEN"/><SP WIDTH="64" VPOS="367" HPOS="1297"/>
							<String ID="string_458" HPOS="1361" VPOS="358" WIDTH="74" HEIGHT="47" WC="0.16" CONTENT="[ss"/><SP WIDTH="60" VPOS="358" HPOS="1435"/>
							<String ID="string_459" HPOS="1495" VPOS="379" WIDTH="67" HEIGHT="17" WC="0.96" CONTENT="Första"/><SP WIDTH="5" VPOS="379" HPOS="1562"/>
							<String ID="string_460" HPOS="1567" VPOS="372" WIDTH="22" HEIGHT="34" WC="0.96" CONTENT="|"/><SP WIDTH="7" VPOS="372" HPOS="1589"/>
							<String ID="string_461" HPOS="1596" VPOS="378" WIDTH="65" HEIGHT="18" WC="0.95" CONTENT="Andra"/>
						</TextLine>
						<TextLine ID="line_68" HPOS="967" VPOS="387" WIDTH="696" HEIGHT="50">
							<String ID="string_462" HPOS="967" VPOS="395" WIDTH="11" HEIGHT="9" WC="0.32" CONTENT="5"/><SP WIDTH="42" VPOS="395" HPOS="978"/>
							<String ID="string_463" HPOS="1020" VPOS="400" WIDTH="52" HEIGHT="36" WC="0.17" CONTENT="SS"/><SP WIDTH="61" VPOS="400" HPOS="1072"/>
							<String ID="string_464" HPOS="1133" VPOS="388" WIDTH="34" HEIGHT="43" WC="0.8" CONTENT="Set"/><SP WIDTH="26" VPOS="388" HPOS="1167"/>
							<String ID="string_465" HPOS="1193" VPOS="399" WIDTH="17" HEIGHT="32" WC="0.9" CONTENT="E"/><SP WIDTH="25" VPOS="399" HPOS="1210"/>
							<String ID="string_466" HPOS="1235" VPOS="387" WIDTH="28" HEIGHT="49" WC="0.0" CONTENT="2"/><SP WIDTH="25" VPOS="387" HPOS="1263"/>
							<String ID="string_467" HPOS="1288" VPOS="391" WIDTH="17" HEIGHT="27" WC="0.27" CONTENT="2"/><SP WIDTH="43" VPOS="391" HPOS="1305"/>
							<String ID="string_468" HPOS="1348" VPOS="402" WIDTH="17" HEIGHT="24" WC="0.0" CONTENT="&amp;"/><SP WIDTH="37" VPOS="402" HPOS="1365"/>
							<String ID="string_469" HPOS="1402" VPOS="390" WIDTH="34" HEIGHT="47" WC="0.0" CONTENT="2)"/><SP WIDTH="56" VPOS="390" HPOS="1436"/>
							<String ID="string_470" HPOS="1492" VPOS="403" WIDTH="70" HEIGHT="17" WC="0.91" CONTENT="kamm."/><SP WIDTH="4" VPOS="403" HPOS="1562"/>
							<String ID="string_471" HPOS="1566" VPOS="395" WIDTH="23" HEIGHT="35" WC="0.93" CONTENT="|"/><SP WIDTH="4" VPOS="395" HPOS="1589"/>
							<String ID="string_472" HPOS="1593" VPOS="403" WIDTH="70" HEIGHT="17" WC="0.64" CONTENT="kamm,"/>
						</TextLine>
						<TextLine ID="line_69" HPOS="948" VPOS="475" WIDTH="53" HEIGHT="21">
							<String ID="string_473" HPOS="948" VPOS="475" WIDTH="53" HEIGHT="21" WC="0.93" CONTENT="1925"/>
						</TextLine>
						<TextLine ID="line_70" HPOS="1178" VPOS="571" WIDTH="2" HEIGHT="10">
							<String ID="string_474" HPOS="1178" VPOS="571" WIDTH="2" HEIGHT="10" WC="0.86" CONTENT="I"/>
						</TextLine>
						<TextLine ID="line_71" HPOS="1071" VPOS="770" WIDTH="2" HEIGHT="14">
							<String ID="string_475" HPOS="1071" VPOS="770" WIDTH="2" HEIGHT="14" WC="0.84" CONTENT="I"/>
						</TextLine>
						<TextLine ID="line_72" HPOS="969" VPOS="862" WIDTH="705" HEIGHT="22">
							<String ID="string_476" HPOS="969" VPOS="871" WIDTH="8" HEIGHT="10" WC="0.32" CONTENT="&gt;»"/><SP WIDTH="42" VPOS="871" HPOS="977"/>
							<String ID="string_477" HPOS="1019" VPOS="863" WIDTH="41" HEIGHT="20" WC="0.93" CONTENT="1206"/><SP WIDTH="125" VPOS="863" HPOS="1060"/>
							<String ID="string_478" HPOS="1185" VPOS="864" WIDTH="26" HEIGHT="20" WC="0.96" CONTENT="10"/><SP WIDTH="79" VPOS="864" HPOS="1211"/>
							<String ID="string_479" HPOS="1290" VPOS="863" WIDTH="27" HEIGHT="20" WC="0.95" CONTENT="66"/><SP WIDTH="-1" VPOS="863" HPOS="1317"/>
							<String ID="string_480" HPOS="1316" VPOS="858" WIDTH="24" HEIGHT="37" WC="0.95" CONTENT="|"/><SP WIDTH="11" VPOS="858" HPOS="1340"/>
							<String ID="string_481" HPOS="1351" VPOS="863" WIDTH="80" HEIGHT="21" WC="0.72" CONTENT="131259)"/><SP WIDTH="26" VPOS="863" HPOS="1431"/>
							<String ID="string_482" HPOS="1457" VPOS="868" WIDTH="9" HEIGHT="15" WC="0.61" CONTENT="81"/><SP WIDTH="31" VPOS="868" HPOS="1466"/>
							<String ID="string_483" HPOS="1497" VPOS="863" WIDTH="68" HEIGHT="20" WC="0.91" CONTENT="32:51"/><SP WIDTH="7" VPOS="863" HPOS="1565"/>
							<String ID="string_484" HPOS="1572" VPOS="858" WIDTH="15" HEIGHT="37" WC="0.69" CONTENT="|"/><SP WIDTH="4" VPOS="858" HPOS="1587"/>
							<String ID="string_485" HPOS="1591" VPOS="862" WIDTH="33" HEIGHT="20" WC="0.10" CONTENT="34:"/><SP WIDTH="6" VPOS="862" HPOS="1624"/>
							<String ID="string_486" HPOS="1630" VPOS="858" WIDTH="44" HEIGHT="37" WC="0.10" CONTENT="169"/>
						</TextLine>
						<TextLine ID="line_73" HPOS="1016" VPOS="898" WIDTH="45" HEIGHT="22">
							<String ID="string_487" HPOS="1016" VPOS="898" WIDTH="45" HEIGHT="22" WC="0.60" CONTENT="p.19"/>
						</TextLine>
						<TextLine ID="line_74" HPOS="970" VPOS="1042" WIDTH="699" HEIGHT="21">
							<String ID="string_488" HPOS="970" VPOS="1050" WIDTH="8" HEIGHT="11" WC="0.83" CONTENT="&gt;"/><SP WIDTH="17" VPOS="1050" HPOS="978"/>
							<String ID="string_489" HPOS="995" VPOS="1038" WIDTH="22" HEIGHT="34" WC="0.92" CONTENT="|"/><SP WIDTH="10" VPOS="1038" HPOS="1017"/>
							<String ID="string_490" HPOS="1027" VPOS="1042" WIDTH="27" HEIGHT="20" WC="0.92" CONTENT="74"/><SP WIDTH="131" VPOS="1042" HPOS="1054"/>
							<String ID="string_491" HPOS="1185" VPOS="1042" WIDTH="26" HEIGHT="21" WC="0.95" CONTENT="10"/><SP WIDTH="79" VPOS="1042" HPOS="1211"/>
							<String ID="string_492" HPOS="1290" VPOS="1042" WIDTH="27" HEIGHT="20" WC="0.95" CONTENT="23"/><SP WIDTH="75" VPOS="1042" HPOS="1317"/>
							<String ID="string_493" HPOS="1392" VPOS="1042" WIDTH="40" HEIGHT="21" WC="0.96" CONTENT="110"/><SP WIDTH="53" VPOS="1042" HPOS="1432"/>
							<String ID="string_494" HPOS="1485" VPOS="1038" WIDTH="46" HEIGHT="34" WC="0.76" CONTENT="20:"/><SP WIDTH="12" VPOS="1038" HPOS="1531"/>
							<String ID="string_495" HPOS="1543" VPOS="1048" WIDTH="24" HEIGHT="14" WC="0.76" CONTENT="30"/><SP WIDTH="1" VPOS="1048" HPOS="1567"/>
							<String ID="string_496" HPOS="1568" VPOS="1038" WIDTH="22" HEIGHT="34" WC="0.81" CONTENT="|"/><SP WIDTH="9" VPOS="1038" HPOS="1590"/>
							<String ID="string_497" HPOS="1599" VPOS="1042" WIDTH="33" HEIGHT="20" WC="0.90" CONTENT="22:"/><SP WIDTH="12" VPOS="1042" HPOS="1632"/>
							<String ID="string_498" HPOS="1644" VPOS="1047" WIDTH="25" HEIGHT="15" WC="0.86" CONTENT="85"/>
						</TextLine>
						<TextLine ID="line_75" HPOS="1179" VPOS="1167" WIDTH="2" HEIGHT="15">
							<String ID="string_499" HPOS="1179" VPOS="1167" WIDTH="2" HEIGHT="15" WC="0.60" CONTENT="I"/>
						</TextLine>
						<TextLine ID="line_76" HPOS="970" VPOS="1316" WIDTH="705" HEIGHT="22">
							<String ID="string_500" HPOS="970" VPOS="1325" WIDTH="8" HEIGHT="11" WC="0.32" CONTENT="&gt;»"/><SP WIDTH="41" VPOS="1325" HPOS="978"/>
							<String ID="string_501" HPOS="1019" VPOS="1317" WIDTH="42" HEIGHT="20" WC="0.92" CONTENT="1206"/><SP WIDTH="124" VPOS="1317" HPOS="1061"/>
							<String ID="string_502" HPOS="1185" VPOS="1317" WIDTH="26" HEIGHT="20" WC="0.96" CONTENT="10"/><SP WIDTH="79" VPOS="1317" HPOS="1211"/>
							<String ID="string_503" HPOS="1290" VPOS="1317" WIDTH="27" HEIGHT="20" WC="0.95" CONTENT="66"/><SP WIDTH="-1" VPOS="1317" HPOS="1317"/>
							<String ID="string_504" HPOS="1316" VPOS="1312" WIDTH="23" HEIGHT="35" WC="0.95" CONTENT="|"/><SP WIDTH="11" VPOS="1312" HPOS="1339"/>
							<String ID="string_505" HPOS="1350" VPOS="1317" WIDTH="82" HEIGHT="21" WC="0.26" CONTENT="131259)"/><SP WIDTH="25" VPOS="1317" HPOS="1432"/>
							<String ID="string_506" HPOS="1457" VPOS="1322" WIDTH="9" HEIGHT="15" WC="0.46" CONTENT="81"/><SP WIDTH="31" VPOS="1322" HPOS="1466"/>
							<String ID="string_507" HPOS="1497" VPOS="1317" WIDTH="33" HEIGHT="20" WC="0.72" CONTENT="32:"/><SP WIDTH="12" VPOS="1317" HPOS="1530"/>
							<String ID="string_508" HPOS="1542" VPOS="1322" WIDTH="23" HEIGHT="15" WC="0.72" CONTENT="51"/><SP WIDTH="3" VPOS="1322" HPOS="1565"/>
							<String ID="string_509" HPOS="1568" VPOS="1312" WIDTH="18" HEIGHT="35" WC="0.72" CONTENT="|"/><SP WIDTH="5" VPOS="1312" HPOS="1586"/>
							<String ID="string_510" HPOS="1591" VPOS="1312" WIDTH="33" HEIGHT="35" WC="0.0" CONTENT="34:"/><SP WIDTH="5" VPOS="1312" HPOS="1624"/>
							<String ID="string_511" HPOS="1629" VPOS="1312" WIDTH="46" HEIGHT="35" WC="0.0" CONTENT="169"/>
						</TextLine>
						<TextLine ID="line_77" HPOS="1017" VPOS="1352" WIDTH="47" HEIGHT="22">
							<String ID="string_512" HPOS="1017" VPOS="1352" WIDTH="47" HEIGHT="22" WC="0.74" CONTENT="p-20"/>
						</TextLine>
						<TextLine ID="line_78" HPOS="1125" VPOS="1377" WIDTH="2" HEIGHT="14">
							<String ID="string_513" HPOS="1125" VPOS="1377" WIDTH="2" HEIGHT="14" WC="0.73" CONTENT="I"/>
						</TextLine>
						<TextLine ID="line_79" HPOS="1125" VPOS="1400" WIDTH="204" HEIGHT="51">
							<String ID="string_514" HPOS="1125" VPOS="1400" WIDTH="2" HEIGHT="51" WC="0.76" CONTENT="|"/><SP WIDTH="201" VPOS="1400" HPOS="1127"/>
							<String ID="string_515" HPOS="1328" VPOS="1400" WIDTH="1" HEIGHT="29" WC="0.87" CONTENT="|"/>
						</TextLine>
						<TextLine ID="line_80" HPOS="1327" VPOS="1544" WIDTH="2" HEIGHT="29">
							<String ID="string_516" HPOS="1327" VPOS="1544" WIDTH="2" HEIGHT="29" WC="0.81" CONTENT="|"/>
						</TextLine>
						<TextLine ID="line_81" HPOS="1221" VPOS="1599" WIDTH="1" HEIGHT="28">
							<String ID="string_517" HPOS="1221" VPOS="1599" WIDTH="1" HEIGHT="28" WC="0.89" CONTENT="|"/>
						</TextLine>
						<TextLine ID="line_82" HPOS="970" VPOS="1641" WIDTH="695" HEIGHT="34">
							<String ID="string_518" HPOS="970" VPOS="1653" WIDTH="7" HEIGHT="10" WC="0.0" CONTENT="ök"/><SP WIDTH="42" VPOS="1653" HPOS="977"/>
							<String ID="string_519" HPOS="1019" VPOS="1645" WIDTH="39" HEIGHT="20" WC="0.0" CONTENT="SOE"/><SP WIDTH="127" VPOS="1645" HPOS="1058"/>
							<String ID="string_520" HPOS="1185" VPOS="1645" WIDTH="26" HEIGHT="20" WC="0.96" CONTENT="10"/><SP WIDTH="78" VPOS="1645" HPOS="1211"/>
							<String ID="string_521" HPOS="1289" VPOS="1645" WIDTH="26" HEIGHT="20" WC="0.59" CONTENT="51"/><SP WIDTH="-1" VPOS="1645" HPOS="1315"/>
							<String ID="string_522" HPOS="1314" VPOS="1641" WIDTH="14" HEIGHT="34" WC="0.59" CONTENT="|"/><SP WIDTH="61" VPOS="1641" HPOS="1328"/>
							<String ID="string_523" HPOS="1389" VPOS="1645" WIDTH="42" HEIGHT="20" WC="0.96" CONTENT="244"/><SP WIDTH="65" VPOS="1645" HPOS="1431"/>
							<String ID="string_524" HPOS="1496" VPOS="1645" WIDTH="69" HEIGHT="20" WC="0.77" CONTENT="27:35"/><SP WIDTH="3" VPOS="1645" HPOS="1565"/>
							<String ID="string_525" HPOS="1568" VPOS="1640" WIDTH="14" HEIGHT="35" WC="0.77" CONTENT="|"/><SP WIDTH="16" VPOS="1640" HPOS="1582"/>
							<String ID="string_526" HPOS="1598" VPOS="1644" WIDTH="67" HEIGHT="21" WC="0.84" CONTENT="30:91"/>
						</TextLine>
						<TextLine ID="line_83" HPOS="1220" VPOS="1722" WIDTH="359" HEIGHT="74">
							<String ID="string_527" HPOS="1220" VPOS="1722" WIDTH="1" HEIGHT="74" WC="0.96" CONTENT="|"/><SP WIDTH="357" VPOS="1722" HPOS="1221"/>
							<String ID="string_528" HPOS="1578" VPOS="1758" WIDTH="1" HEIGHT="29" WC="0.75" CONTENT="|"/>
						</TextLine>
						<TextLine ID="line_84" HPOS="1220" VPOS="1798" WIDTH="359" HEIGHT="50">
							<String ID="string_529" HPOS="1220" VPOS="1798" WIDTH="1" HEIGHT="50" WC="0.73" CONTENT="|"/><SP WIDTH="357" VPOS="1798" HPOS="1221"/>
							<String ID="string_530" HPOS="1578" VPOS="1799" WIDTH="1" HEIGHT="13" WC="0.76" CONTENT="I"/>
						</TextLine>
						<TextLine ID="line_85" HPOS="1578" VPOS="1821" WIDTH="1" HEIGHT="11">
							<String ID="string_531" HPOS="1578" VPOS="1821" WIDTH="1" HEIGHT="11" WC="0.83" CONTENT="I"/>
						</TextLine>
						<TextLine ID="line_86" HPOS="1578" VPOS="1834" WIDTH="1" HEIGHT="9">
							<String ID="string_532" HPOS="1578" VPOS="1834" WIDTH="1" HEIGHT="9" WC="0.62" CONTENT="|"/>
						</TextLine>
						<TextLine ID="line_87" HPOS="1220" VPOS="1906" WIDTH="109" HEIGHT="36">
							<String ID="string_533" HPOS="1220" VPOS="1906" WIDTH="1" HEIGHT="34" WC="0.84" CONTENT="|"/><SP WIDTH="106" VPOS="1906" HPOS="1221"/>
							<String ID="string_534" HPOS="1327" VPOS="1925" WIDTH="2" HEIGHT="17" WC="0.86" CONTENT="|"/>
						</TextLine>
						<TextLine ID="line_88" HPOS="970" VPOS="1972" WIDTH="695" HEIGHT="22">
							<String ID="string_535" HPOS="1020" VPOS="1974" WIDTH="40" HEIGHT="20" WC="0.15" CONTENT="11105"/><SP WIDTH="125" VPOS="1974" HPOS="1060"/>
							<String ID="string_536" HPOS="1185" VPOS="1973" WIDTH="26" HEIGHT="20" WC="0.69" CONTENT="10"/><SP WIDTH="77" VPOS="1973" HPOS="1211"/>
							<String ID="string_537" HPOS="1288" VPOS="1974" WIDTH="28" HEIGHT="20" WC="0.96" CONTENT="49"/><SP WIDTH="73" VPOS="1974" HPOS="1316"/>
							<String ID="string_538" HPOS="1389" VPOS="1973" WIDTH="42" HEIGHT="20" WC="0.96" CONTENT="242"/><SP WIDTH="66" VPOS="1973" HPOS="1431"/>
							<String ID="string_539" HPOS="1497" VPOS="1973" WIDTH="69" HEIGHT="21" WC="0.77" CONTENT="27:85"/><SP WIDTH="1" VPOS="1973" HPOS="1566"/>
							<String ID="string_540" HPOS="1567" VPOS="1968" WIDTH="23" HEIGHT="35" WC="0.89" CONTENT="|"/><SP WIDTH="8" VPOS="1968" HPOS="1590"/>
							<String ID="string_541" HPOS="1598" VPOS="1968" WIDTH="33" HEIGHT="35" WC="0.88" CONTENT="30:"/><SP WIDTH="11" VPOS="1968" HPOS="1631"/>
							<String ID="string_542" HPOS="1642" VPOS="1977" WIDTH="23" HEIGHT="16" WC="0.88" CONTENT="91"/>
						</TextLine>
						<TextLine ID="line_89" HPOS="1125" VPOS="2023" WIDTH="311" HEIGHT="34">
							<String ID="string_543" HPOS="1125" VPOS="2045" WIDTH="1" HEIGHT="11" WC="0.83" CONTENT="|"/><SP WIDTH="202" VPOS="2045" HPOS="1126"/>
							<String ID="string_544" HPOS="1328" VPOS="2023" WIDTH="1" HEIGHT="28" WC="0.82" CONTENT="|"/><SP WIDTH="106" VPOS="2023" HPOS="1329"/>
							<String ID="string_545" HPOS="1435" VPOS="2048" WIDTH="1" HEIGHT="9" WC="0.87" CONTENT="|"/>
						</TextLine>
						<TextLine ID="line_90" HPOS="1125" VPOS="2064" WIDTH="311" HEIGHT="13">
							<String ID="string_546" HPOS="1125" VPOS="2066" WIDTH="1" HEIGHT="6" WC="0.68" CONTENT="|"/><SP WIDTH="309" VPOS="2066" HPOS="1126"/>
							<String ID="string_547" HPOS="1435" VPOS="2064" WIDTH="1" HEIGHT="13" WC="0.55" CONTENT="I"/>
						</TextLine>
						<TextLine ID="line_91" HPOS="1435" VPOS="2080" WIDTH="1" HEIGHT="11">
							<String ID="string_548" HPOS="1435" VPOS="2080" WIDTH="1" HEIGHT="11" WC="0.81" CONTENT="I"/>
						</TextLine>
					</TextBlock>
				</ComposedBlock>
				<ComposedBlock ID="cblock_19" HPOS="998" VPOS="220" WIDTH="18" HEIGHT="1869">
					<TextBlock ID="block_23" HPOS="998" VPOS="220" WIDTH="18" HEIGHT="1869">
						<TextLine ID="line_92" HPOS="998" VPOS="220" WIDTH="18" HEIGHT="1869">
							<String ID="string_549" HPOS="998" VPOS="220" WIDTH="18" HEIGHT="1869" WC="0.95" CONTENT=" "/>
						</TextLine>
					</TextBlock>
				</ComposedBlock>
				<ComposedBlock ID="cblock_20" HPOS="1122" VPOS="367" WIDTH="8" HEIGHT="1006">
					<TextBlock ID="block_24" HPOS="1122" VPOS="367" WIDTH="8" HEIGHT="1006">
						<TextLine ID="line_93" HPOS="1122" VPOS="367" WIDTH="8" HEIGHT="1006">
							<String ID="string_550" HPOS="1122" VPOS="367" WIDTH="8" HEIGHT="1006" WC="0.95" CONTENT=" "/>
						</TextLine>
					</TextBlock>
				</ComposedBlock>
				<ComposedBlock ID="cblock_21" HPOS="1120" VPOS="367" WIDTH="11" HEIGHT="1669">
					<TextBlock ID="block_25" HPOS="1120" VPOS="367" WIDTH="11" HEIGHT="1669">
						<TextLine ID="line_94" HPOS="1120" VPOS="367" WIDTH="11" HEIGHT="1669">
							<String ID="string_551" HPOS="1120" VPOS="367" WIDTH="11" HEIGHT="1669" WC="0.95" CONTENT=" "/>
						</TextLine>
					</TextBlock>
				</ComposedBlock>
				<ComposedBlock ID="cblock_22" HPOS="1066" VPOS="224" WIDTH="13" HEIGHT="1867">
					<TextBlock ID="block_26" HPOS="1066" VPOS="224" WIDTH="13" HEIGHT="1867">
						<TextLine ID="line_95" HPOS="1066" VPOS="224" WIDTH="13" HEIGHT="1867">
							<String ID="string_552" HPOS="1066" VPOS="224" WIDTH="13" HEIGHT="1867" WC="0.95" CONTENT=" "/>
						</TextLine>
					</TextBlock>
				</ComposedBlock>
				<ComposedBlock ID="cblock_23" HPOS="7" VPOS="2352" WIDTH="1136" HEIGHT="10">
					<TextBlock ID="block_27" HPOS="7" VPOS="2352" WIDTH="1136" HEIGHT="10">
						<TextLine ID="line_96" HPOS="7" VPOS="2352" WIDTH="1136" HEIGHT="10">
							<String ID="string_553" HPOS="7" VPOS="2352" WIDTH="1136" HEIGHT="10" WC="0.95" CONTENT=" "/>
						</TextLine>
					</TextBlock>
				</ComposedBlock>
				<ComposedBlock ID="cblock_24" HPOS="1217" VPOS="367" WIDTH="9" HEIGHT="1208">
					<TextBlock ID="block_28" HPOS="1217" VPOS="367" WIDTH="9" HEIGHT="1208">
						<TextLine ID="line_97" HPOS="1217" VPOS="367" WIDTH="9" HEIGHT="1208">
							<String ID="string_554" HPOS="1217" VPOS="367" WIDTH="9" HEIGHT="1208" WC="0.95" CONTENT=" "/>
						</TextLine>
					</TextBlock>
				</ComposedBlock>
				<ComposedBlock ID="cblock_25" HPOS="1174" VPOS="288" WIDTH="11" HEIGHT="1802">
					<TextBlock ID="block_29" HPOS="1174" VPOS="288" WIDTH="11" HEIGHT="1802">
						<TextLine ID="line_98" HPOS="1174" VPOS="288" WIDTH="11" HEIGHT="1802">
							<String ID="string_555" HPOS="1174" VPOS="288" WIDTH="11" HEIGHT="1802" WC="0.95" CONTENT=" "/>
						</TextLine>
					</TextBlock>
				</ComposedBlock>
				<ComposedBlock ID="cblock_26" HPOS="1324" VPOS="367" WIDTH="11" HEIGHT="1653">
					<TextBlock ID="block_30" HPOS="1324" VPOS="367" WIDTH="11" HEIGHT="1653">
						<TextLine ID="line_99" HPOS="1324" VPOS="367" WIDTH="11" HEIGHT="1653">
							<String ID="string_556" HPOS="1324" VPOS="367" WIDTH="11" HEIGHT="1653" WC="0.95" CONTENT=" "/>
						</TextLine>
					</TextBlock>
				</ComposedBlock>
				<ComposedBlock ID="cblock_27" HPOS="1259" VPOS="447" WIDTH="9" HEIGHT="1641">
					<TextBlock ID="block_31" HPOS="1259" VPOS="447" WIDTH="9" HEIGHT="1641">
						<TextLine ID="line_100" HPOS="1259" VPOS="447" WIDTH="9" HEIGHT="1641">
							<String ID="string_557" HPOS="1259" VPOS="447" WIDTH="9" HEIGHT="1641" WC="0.95" CONTENT=" "/>
						</TextLine>
					</TextBlock>
				</ComposedBlock>
				<ComposedBlock ID="cblock_28" HPOS="1432" VPOS="448" WIDTH="10" HEIGHT="1586">
					<TextBlock ID="block_32" HPOS="1432" VPOS="448" WIDTH="10" HEIGHT="1586">
						<TextLine ID="line_101" HPOS="1432" VPOS="448" WIDTH="10" HEIGHT="1586">
							<String ID="string_558" HPOS="1432" VPOS="448" WIDTH="10" HEIGHT="1586" WC="0.95" CONTENT=" "/>
						</TextLine>
					</TextBlock>
				</ComposedBlock>
				<ComposedBlock ID="cblock_29" HPOS="1374" VPOS="220" WIDTH="13" HEIGHT="1869">
					<TextBlock ID="block_33" HPOS="1374" VPOS="220" WIDTH="13" HEIGHT="1869">
						<TextLine ID="line_102" HPOS="1374" VPOS="220" WIDTH="13" HEIGHT="1869">
							<String ID="string_559" HPOS="1374" VPOS="220" WIDTH="13" HEIGHT="1869" WC="0.95" CONTENT=" "/>
						</TextLine>
					</TextBlock>
				</ComposedBlock>
				<ComposedBlock ID="cblock_30" HPOS="1378" VPOS="220" WIDTH="14" HEIGHT="1869">
					<TextBlock ID="block_34" HPOS="1378" VPOS="220" WIDTH="14" HEIGHT="1869">
						<TextLine ID="line_103" HPOS="1378" VPOS="220" WIDTH="14" HEIGHT="1869">
							<String ID="string_560" HPOS="1378" VPOS="220" WIDTH="14" HEIGHT="1869" WC="0.95" CONTENT=" "/>
						</TextLine>
					</TextBlock>
				</ComposedBlock>
				<ComposedBlock ID="cblock_31" HPOS="1471" VPOS="220" WIDTH="16" HEIGHT="1871">
					<TextBlock ID="block_35" HPOS="1471" VPOS="220" WIDTH="16" HEIGHT="1871">
						<TextLine ID="line_104" HPOS="1471" VPOS="220" WIDTH="16" HEIGHT="1871">
							<String ID="string_561" HPOS="1471" VPOS="220" WIDTH="16" HEIGHT="1871" WC="0.95" CONTENT=" "/>
						</TextLine>
					</TextBlock>
				</ComposedBlock>
				<ComposedBlock ID="cblock_32" HPOS="1574" VPOS="366" WIDTH="11" HEIGHT="1665">
					<TextBlock ID="block_36" HPOS="1574" VPOS="366" WIDTH="11" HEIGHT="1665">
						<TextLine ID="line_105" HPOS="1574" VPOS="366" WIDTH="11" HEIGHT="1665">
							<String ID="string_562" HPOS="1574" VPOS="366" WIDTH="11" HEIGHT="1665" WC="0.95" CONTENT=" "/>
						</TextLine>
					</TextBlock>
				</ComposedBlock>
				<ComposedBlock ID="cblock_33" HPOS="1674" VPOS="220" WIDTH="14" HEIGHT="1869">
					<TextBlock ID="block_37" HPOS="1674" VPOS="220" WIDTH="14" HEIGHT="1869">
						<TextLine ID="line_106" HPOS="1674" VPOS="220" WIDTH="14" HEIGHT="1869">
							<String ID="string_563" HPOS="1674" VPOS="220" WIDTH="14" HEIGHT="1869" WC="0.95" CONTENT=" "/>
						</TextLine>
					</TextBlock>
				</ComposedBlock>
			</PrintSpace>
		</Page>
	</Layout>
</alto>
