1847 2356
173 153 42 21 720
906 160 136 16 SAKREGISTER

191 438 127 22 Hästaveln.

193 474 10 16 7
220 469 38 20 RD
277 469 114 26 medgiver,
412 471 31 19 att
458 469 33 20 för
507 469 134 27 uppförande
658 476 26 14 av
700 471 31 19 ett
746 470 162 26 redskapsskjul
924 471 56 19 samt
995 476 34 14 an-

234 499 103 26 läggande
354 506 26 14 av
396 506 26 13 en
437 499 122 27 gödselstad
575 500 39 20 och
631 506 26 14 en
673 501 90 19 stensatt
778 500 95 20 körbana
889 500 36 20 vid
941 500 89 26 Flyinge

235 529 128 27 hingstdepå
386 529 39 21 och
450 530 74 20 stuteri
547 530 37 20 må
606 536 27 14 av
655 529 81 21 fonden
754 530 33 20 för
805 530 131 26 anläggande
955 537 26 14 av
1000 532 31 18 ett

235 560 128 20 statsstuteri
379 559 109 22 användas
504 562 31 18 ett
550 560 78 26 belopp
645 566 26 15 av
686 560 62 26 högst
765 560 27 20 30
802 559 42 21 000
860 560 31 20 kr.

193 624 8 15 -

221 619 50 20 Ord.
280 619 187 27 förslagsanslaget
475 619 33 21 till
517 620 229 26 stuteriöverstyrelsen
755 620 101 26 uppföres
865 620 32 20 för
906 620 124 26 budgetåret

238 647 125 30 1929/1930
379 649 50 21 med
445 649 123 21 oförändrat
584 650 84 26 belopp,
686 650 26 20 33
723 649 42 21 600
781 650 30 20 kr.

193 714 10 15 2
221 709 49 20 Med
294 709 136 21 uteslutande
454 716 25 14 ur
502 710 114 20 riksstaten
642 716 26 15 av
691 710 37 20 det
743 709 45 21 däri
804 711 109 25 upptagna
929 710 43 20 ord.
989 710 40 20 för-

235 739 153 27 slagsanslaget
410 740 34 20 till
468 740 123 26 avlöningar
613 740 37 20 vid
666 740 150 27 hingstdepåer
832 740 39 20 och
887 741 75 20 stuteri
977 746 52 20 upp-

235 770 56 20 föres
314 769 68 21 under
405 770 130 26 benämning
558 770 124 26 avlöningar
700 770 33 20 till
752 771 131 26 tjänstemän
899 770 36 21 vid
951 770 78 26 hingst-

235 799 77 27 depåer
328 800 39 20 och
383 800 75 20 stuteri
474 801 31 19 ett
520 800 44 20 ord.
581 800 164 26 förslagsanslag
760 807 26 14 av
802 800 28 20 42
840 800 42 20 000
899 800 31 20 kr.

192 870 9 15 3
219 865 73 20 Under
318 866 130 26 benämning
471 866 124 26 avlöningar
619 866 33 20 till
679 867 59 25 övrig
764 866 98 27 personal
888 866 36 21 vid
950 866 79 26 hingst-

234 895 78 26 depåer
327 896 39 20 och
383 896 75 20 stuteri
474 896 102 26 uppföres
592 898 30 18 ett
638 896 45 20 ord.
695 896 163 26 förslagsanslag
869 903 26 14 av
907 896 27 20 70
944 896 42 20 000
997 896 31 20 kr.

191 960 10 15 4
219 955 49 20 Ord.
293 956 238 26 reservationsanslaget
551 956 33 20 till
600 956 122 20 hästavelns
739 956 148 26 befrämjande
903 956 61 26 höjes
980 955 49 21 med

235 985 41 20 225
287 985 42 20 000
345 985 31 21 kr.
393 985 34 21 till
443 986 43 20 475
495 985 42 21 000
554 986 29 20 kr.
602 988 31 18 att
648 986 70 20 direkt
733 987 52 25 utgå
796 993 26 14 av
833 985 195 21 totalisatormedel.

191 1050 10 15 a

219 1045 37 19 RD
280 1045 115 26 medgiver,
420 1047 31 18 att
473 1046 33 19 för
525 1046 112 20 utförande
653 1052 27 14 av
696 1046 56 20 vissa
769 1046 204 25 betesförbättrings-
990 1045 39 20 och

234 1074 89 21 därmed
346 1075 211 26 sammanhängande
581 1075 87 20 arbeten
689 1075 37 21 vid
742 1075 89 27 Flyinge
847 1075 128 27 hingstdepå
990 1075 40 20 och

234 1105 75 19 stuteri
325 1105 36 20 må
376 1111 27 14 av
418 1104 81 21 fonden
514 1105 33 20 för
557 1105 132 26 anläggande
701 1112 26 14 av
738 1107 30 18 ett
779 1105 131 21 statsstuteri
921 1104 109 21 användas

234 1136 31 18 ett
280 1134 78 26 belopp
374 1141 26 14 av
416 1135 62 26 högst
495 1135 77 20 35570
588 1135 31 20 kr.

181 1203 28 6 Se

219 1193 37 20 RD
280 1194 94 20 besluter
397 1194 132 21 beträffande
553 1194 41 20 den
617 1194 69 21 under
708 1195 177 26 räkenskapsåret
903 1192 126 28 1928/1929

234 1223 113 27 upplupna
370 1224 155 26 avkastningen
548 1231 26 14 av
597 1226 80 19 statens
700 1224 161 21 hästavelsfond
876 1226 101 19 ävensom
994 1224 35 20 be-

234 1253 105 21 träffande
355 1254 119 21 reserverad
492 1254 35 20 del
543 1261 26 14 av
579 1255 58 19 förut
648 1254 112 27 upplupen
771 1254 128 26 avkastning
910 1261 26 14 av
946 1260 84 14 samma

233 1283 53 20 fond
310 1285 37 23 att,
372 1284 66 20 sedan
454 1286 31 18 ett
501 1284 78 27 belopp
596 1291 26 14 av
639 1284 63 21 7000
720 1285 30 19 kr.
768 1284 54 26 lagts
838 1284 34 20 till
887 1284 91 20 fondens
994 1284 34 20 ka-

234 1314 59 25 pital,
314 1315 30 19 ett
360 1314 78 26 belopp
454 1321 26 13 av
497 1314 27 20 55
534 1313 43 21 000
593 1314 32 20 kr.
642 1315 36 19 må
693 1321 27 14 av
736 1314 61 20 KM:t
812 1314 123 26 disponeras
951 1314 33 20 till
1000 1314 29 20 åt-

233 1343 75 26 gärder
323 1344 33 20 för
372 1344 122 21 hästavelns
510 1344 121 27 främjande
647 1346 57 19 samt
719 1344 120 21 återstoden
855 1350 122 14 reserveras.

193 1408 7 15 1
219 1403 37 20 RD
273 1403 123 26 godkänner
411 1405 43 19 stat
468 1404 34 20 för
517 1404 230 26 stuteriöverstyrelsen
762 1406 31 18 att
811 1404 109 26 tillämpas
930 1404 26 20 fr.
968 1410 19 14 o.
1000 1410 28 13 m.

235 1432 125 27 budgetåret
377 1432 136 29 1930/1931;
530 1434 40 20 och
586 1435 104 25 upptages
705 1434 26 20 fr.
744 1440 18 14 o.
775 1441 28 13 m.
821 1434 41 20 den
880 1433 10 20 1
907 1433 41 27 juli
965 1432 64 25 1930,

234 1462 50 21 med
307 1463 138 20 uteslutande
468 1470 27 14 av
518 1463 42 21 den
575 1464 8 19 i
598 1463 44 20 ord.
663 1465 70 19 staten
749 1464 33 19 för
797 1464 89 26 Flyinge
902 1463 128 26 hingstdepå

234 1493 40 19 och
291 1493 74 20 stuteri
381 1493 107 26 uppförda
504 1493 260 26 bokhållarbefattningen
780 1494 8 19 i
803 1493 129 26 lönegraden
946 1493 17 20 B
973 1493 33 24 16,
1018 1493 13 19 å

235 1529 83 14 samma
334 1524 42 19 stat
392 1529 26 14 en
435 1523 233 26 bokhållarbefattning
684 1524 7 19 i
707 1523 128 26 lönegraden
851 1523 17 20 B
878 1523 36 24 17;
932 1523 39 20 och
982 1522 47 26 god-

235 1552 81 20 känner
337 1552 38 20 RD
391 1554 65 19 stater
472 1553 46 20 dels
533 1553 33 20 för
581 1553 90 26 Flyinge
687 1553 128 27 hingstdepå
830 1553 40 20 och
887 1553 81 24 stuteri,
985 1552 45 21 dels

234 1582 40 20 ock
290 1582 33 20 för
339 1582 154 21 Strömsholms
509 1582 134 27 hingstdepå,
660 1584 32 19 att
707 1583 110 26 tillämpas
832 1583 26 20 fr.
870 1589 18 14 o.
900 1589 29 13 m.
943 1582 86 26 budget-

235 1612 45 20 året
297 1611 136 28 1930/1931;
450 1613 40 20 och
506 1612 102 27 uppföres
624 1612 50 21 med
689 1612 136 21 uteslutande
840 1619 26 14 ur
879 1612 113 20 riksstaten
1004 1619 26 13 av

234 1641 97 27 följande
354 1642 43 20 ord.
421 1642 79 26 anslag,
523 1642 108 26 nämligen
648 1642 185 27 förslagsanslaget
848 1642 34 20 till
897 1642 133 21 stuteriöver-

235 1671 110 27 styrelsen,
369 1672 186 26 förslagsanslaget
579 1672 34 20 till
637 1672 123 27 avlöningar
782 1673 34 20 till
841 1673 129 26 tjänstemän
994 1671 35 21 vid

234 1701 151 27 hingstdepåer
400 1702 40 21 och
456 1703 81 24 stuteri,
554 1702 186 26 förslagsanslaget
750 1702 33 20 till
794 1702 124 26 avlöningar
928 1702 33 20 till
972 1702 59 25 övrig

234 1732 98 26 personal
356 1732 37 20 vid
411 1732 151 26 hingstdepåer
578 1732 39 20 och
633 1733 74 20 stuteri
724 1734 56 19 samt
795 1731 236 26 reservationsanslaget

234 1761 34 20 till
284 1761 122 22 hästavelns
423 1762 154 26 befrämjande,
586 1762 69 20 under
670 1762 131 26 benämning
822 1761 206 22 »Stuteriväsendet»

235 1792 30 19 ett
288 1791 44 21 ord.
356 1792 164 26 förslagsanslag
535 1793 13 19 å
564 1791 42 21 692
616 1792 42 20 000
681 1792 42 24 kr.;
740 1792 39 20 och
797 1792 92 20 besluter
904 1792 38 20 RD
958 1793 31 19 att
1005 1791 25 20 de

234 1821 105 20 särskilda
362 1822 167 24 bestämmelser,
547 1828 46 14 som
613 1822 65 20 lända
693 1822 34 20 till
744 1822 139 20 efterrättelse
899 1821 131 21 beträffande

234 1851 26 20 de
283 1852 132 26 tjänstemän
438 1852 37 20 vid
499 1852 154 24 stuteristaten,
670 1852 13 20 å
699 1852 58 20 vilka
780 1851 251 26 avlöningsreglementet

233 1881 34 20 för
282 1881 210 26 befattningshavare
509 1881 36 21 vid
560 1881 202 27 statsdepartement
777 1882 40 20 och
833 1882 56 20 vissa
903 1881 66 20 andra
979 1880 52 22 verk

234 1910 129 21 tillhörande
387 1911 41 20 den
452 1911 63 21 civila
533 1911 211 26 statsförvaltningen
760 1913 49 25 äger
824 1911 143 26 tillämpning,
984 1911 47 20 icke

235 1940 60 20 skola
310 1941 56 26 gälla
382 1941 132 20 beträffande
531 1941 95 20 beridare
640 1941 40 21 och
696 1941 131 21 bokhållare.

192 2004 9 15 2
220 1999 73 21 Såsom
314 2000 163 27 kapitalökning
492 2001 34 19 för
541 2000 129 21 lånefonden
686 2001 34 20 för
735 2001 66 26 inköp
817 2008 26 13 av
859 2000 49 21 ädla
924 2000 106 21 avelsston

234 2030 86 21 anvisas
330 2030 33 20 för
374 2030 125 26 budgetåret
512 2028 124 30 1930/1931
649 2032 31 19 ett
690 2030 215 26 reservationsanslag
915 2037 26 14 av
951 2030 26 20 35
988 2029 41 21 000

234 2059 31 21 kr.

1119 223 41 31 2
1501 229 53 18 Riks-

1066 253 17 27 5
1119 253 41 35 2
1219 277 4 4 :
1336 248 66 17 SEKO
1492 254 72 33 dagens
1621 260 117 17 Kamrarnas

1065 284 17 26 &
1119 301 11 9 la
1143 290 17 29 2
1177 273 91 46 Mötisnar
1322 277 112 34 anden
1505 284 47 33 skri-
1606 289 144 23 förhandlingar

1065 315 18 26 2
1119 312 41 29 ER
1298 307 47 18 eller
1358 308 99 17 memorial
1498 319 62 18 völser

1061 345 16 12 FE
1119 341 39 12 RR

1065 361 17 25 >
1119 355 35 28 Zv
1292 368 58 22 ge
1437 369 24 31 [2
1548 375 17 12 21
1594 374 68 17 Första
1666 369 24 31 |
1696 374 65 17 Andra

1065 389 12 10 >
1119 384 35 42 32
1179 385 88 17 SIE
1291 381 17 44 E
1333 392 17 30 å
1388 385 16 27 4
1447 389 17 31 2
1500 385 17 27 é
1547 388 18 32 =
1590 398 72 17 kamm.
1662 394 26 29 |
1693 398 70 17 kamm.

1677 440 1 19 |

1045 470 55 20 19281
1117 470 41 20 112
1283 470 26 21 10
1387 471 27 20 45
1487 470 41 20 216
1587 470 33 21 26:
1632 475 38 16 119/
1688 471 33 20 28:
1734 475 38 15 117

1044 618 57 23 19291
1119 620 38 20 1:9
1283 620 25 20 10
1401 620 12 20 21
1460 625 10 15 8
1502 620 26 20 50)
1553 626 10 15 21
1595 620 67 20 14:13
1664 615 19 36 |
1697 620 66 20 17:51

1114 654 46 23 p-34

1067 717 9 11 ++
1282 710 26 20 10
1401 710 12 19 21
1446 715 24 15 121
1502 711 26 20 50)
1553 716 9 15 81
1597 710 67 20 14:13
1667 705 14 36 |
1698 709 65 21 17:51

1114 745 46 22 p-35

1117 866 41 20 19
1283 865 25 21 10
1402 865 68 21 21-12)
1501 866 27 21 50)
1553 871 10 15 8)
1594 866 68 20 14:18]
1696 865 67 20 17:51

1114 901 46 22 p.36
1281 906 3 1 5

1068 964 8 11 anna
1282 955 26 20 10
1402 956 12 19 21
1447 956 81 20 121-50)
1554 961 9 15 81
1594 955 68 21 14:18]
1696 954 32 20 17:
1739 959 24 16 51

1114 991 45 22 p.37

1119 1046 39 20 ajg
1283 1046 25 19 10
1402 1045 11 20 21
1447 1051 23 14 121
1502 1046 26 20 50)
1554 1051 9 14 8å
1595 1045 68 21 14:18
1668 1039 20 37 |
1696 1043 67 21 17:51

1115 1079 45 23 p.38

1124 1195 26 20 10
1283 1194 25 20 10
1387 1194 26 20 51
1488 1194 40 20 172
1594 1194 67 20 26:21
1664 1188 18 35 |
1694 1192 33 20 32:
1739 1197 24 16 23

1044 1403 58 22 19301
1117 1404 18 20 1:
1282 1403 26 20 10
1446 1408 23 15 real
1502 1403 25 20 TT
1594 1401 170 22 AGA

1115 1438 45 23 p-35

1069 2007 8 10 >
1133 1999 11 20 1
1284 1999 25 19 10
1390 1999 25 20 17
1463 1998 65 20 4131)
1555 2004 9 14 s1
1597 1998 67 20 16:63]
1697 1997 66 21 17:31

1112 2034 55 17 Ufk
1151 2030 19 30 6

1122 2063 34 23 p.4
