1793 2327
746 69 222 20 SAKREGISTER

1627 68 26 21 91

75 256 186 24 Avskrivningar
270 256 44 20 och
324 256 130 25 eftergifter

90 292 9 14 5

76 825 23 14 10

76 973 22 14 11

76 1067 23 15 12

76 1191 23 15 13

76 1316 23 14 14

76 1440 22 14 15

75 1594 23 14 16

75 1712 23 15 11

75 1771 23 15 18

75 1890 22 14 19

74 1978 24 15 20

73 2037 23 15 21

118 286 39 20 RD
174 286 124 25 medgiver,
314 287 35 19 att
363 286 151 20 handlanden
529 286 25 20 B.
569 286 24 19 L.
608 285 94 20 Nilsson
717 285 43 20 och
776 285 87 20 dennes
877 284 84 20 hustru

118 316 73 20 Karin
206 316 94 20 Nilsson
314 315 87 21 befrias
416 315 54 20 från
485 315 52 20 dem
552 315 121 25 åliggande
687 314 275 25 ersättningsskyldighet

117 346 35 20 till
163 346 91 19 kronan
263 346 8 19 i
281 345 46 20 anl.
337 351 28 14 av
374 345 157 25 trafikolycka
541 345 44 20 den
594 345 29 20 24
631 345 48 20 okt.
690 344 63 21 1949.

118 375 39 20 RD
175 375 124 25 medgiver,
316 376 34 19 att
366 375 112 20 dödsboet
493 374 59 20 efter
568 374 25 20 E.
608 374 27 20 V.
650 374 141 20 Håkansson
806 373 86 20 befrias
909 372 53 21 från

117 404 268 26 betalningsskyldighet
401 405 35 19 till
453 404 91 20 kronan
560 404 8 20 i
584 404 46 20 anl.
647 409 27 15 av
691 403 57 21 Göta
764 403 105 20 hovrätts
885 402 77 26 utslag

117 435 45 20 den
172 435 12 20 2
195 440 62 14 mars
269 434 63 20 1936.

118 464 39 20 RD
172 464 125 25 medgiver,
311 464 34 20 att
359 464 40 20 Ida
412 463 94 21 Teresia
520 464 108 23 Larsson,
642 463 78 20 därest
732 462 48 21 hon
793 462 35 20 till
842 462 120 25 järnvägs-

117 494 115 25 styrelsen
250 494 116 19 inbetalar
384 494 33 19 ett
435 493 85 25 belopp
538 499 28 14 av
583 493 65 20 2000
667 492 42 24 kr.,
726 492 88 20 befrias
832 492 54 20 från
904 492 58 20 åter-

118 523 96 21 stående
231 523 290 25 skadeståndsskyldighet
538 523 34 20 till
590 522 91 20 kronan
697 522 8 20 i
722 522 46 20 anl.
785 528 28 14 av
830 522 53 20 dom
900 521 62 21 med-

118 553 67 20 delad
196 559 28 14 av
234 552 121 21 Sunnerbo
365 552 135 20 häradsrätt
509 552 45 20 den
563 552 27 20 22
601 552 58 24 april
671 551 62 21 1959.

118 582 39 20 RD
170 582 124 25 medgiver,
306 583 35 19 att
352 582 16 20 f.
380 582 21 20 d.
413 582 324 25 expeditionsföreståndaren
748 582 38 20 vid
799 582 88 20 statens
898 582 64 24 järn-

118 612 70 25 vägar
200 611 25 21 G.
238 612 89 20 Walter
339 611 45 24 må,
396 612 78 19 därest
485 611 47 20 han
544 612 64 19 inom
619 612 33 20 tid
665 617 49 14 som
727 612 26 19 K.
765 611 45 21 M:t
821 611 140 20 bestämmer

118 642 35 20 till
165 641 228 26 järnvägsstyrelsen
406 641 115 20 inbetalar
533 641 42 21 600
588 641 42 23 kr.,
642 641 87 20 befrias
742 641 53 20 från
807 641 87 20 honom
907 641 54 25 ålig-

117 671 75 25 gande
209 671 135 20 resterande
360 671 277 25 ersättningsskyldighet
653 671 35 20 till
705 671 91 20 kronan
812 671 8 20 i
836 670 126 25 anledning

118 707 28 14 av
154 701 47 20 viss
212 701 171 20 försummelse.

118 730 39 21 RD
168 730 153 25 bemyndigar
332 730 27 20 K.
370 731 45 20 M:t
427 731 33 20 att
470 731 8 19 i
488 731 47 20 viss
546 731 164 25 utsträckning
720 731 88 25 jämväl
820 731 36 20 för
866 731 95 25 budget-

117 760 50 20 året
189 760 89 20 1960/61
301 760 107 25 medgiva
427 760 109 20 befrielse
556 760 53 20 från
630 760 276 26 ersättningsskyldighet
926 760 34 21 till

118 790 99 20 kronan.

118 819 39 20 RD
171 819 124 25 medgiver,
309 820 34 19 att
356 825 28 14 en
396 820 8 20 i
418 819 256 25 statsrådsprotokollet
687 820 54 20 över
754 819 206 21 försvarsärenden

118 849 37 20 för
166 849 45 20 den
223 849 26 20 30
262 849 48 20 dec.
323 849 55 20 1959
390 849 93 23 avsedd,
495 849 77 20 såsom
584 849 24 20 E.
619 848 129 21 betecknad
760 849 15 20 f.
787 849 21 21 d.
819 849 93 20 förman
923 849 37 21 vid

118 879 103 20 centrala
234 878 190 26 flygverkstaden
436 879 8 20 i
456 879 109 20 Västerås
578 878 87 21 befrias
678 878 53 21 från
744 879 217 25 skadeståndsskyl-

118 908 79 25 dighet
207 908 35 20 till
253 908 92 20 kronan
355 908 72 25 enligt
437 908 178 20 rådhusrättens
625 908 8 20 i
642 908 110 20 Västerås
762 909 54 19 dom
826 909 45 20 den
881 909 12 20 3
904 910 56 23 sept.

119 938 62 20 1954.

118 967 39 20 RD
171 967 124 25 medgiver,
308 968 34 20 att
354 967 25 20 R.
392 967 118 20 Mellblom
521 967 87 21 befrias
621 968 53 20 från
686 968 87 20 honom
784 968 95 25 jämlikt
891 969 70 20 Sköv-

118 997 28 20 de
158 997 113 25 tingslags
284 997 148 20 häradsrätts
445 997 54 20 dom
512 998 44 19 den
569 997 26 20 21
609 997 48 25 jan.
672 998 55 20 1957
741 997 106 22 åvilande
860 998 101 25 skyldig-

117 1027 39 20 het
167 1027 34 19 att
210 1027 87 20 ersätta
307 1027 104 20 kronans
421 1027 268 25 rättegångskostnader.

118 1062 39 20 RD
168 1062 124 25 medgiver,
304 1063 33 19 att
347 1062 58 20 J.H.
415 1062 132 25 Thunberg,
558 1063 78 21 därest
645 1064 47 19 han
702 1064 64 20 inom
776 1064 33 20 tid
820 1070 50 14 som
880 1065 26 20 K.
916 1065 45 20 M:t

116 1091 142 20 bestämmer
270 1092 35 19 till
319 1091 127 21 försvarets
458 1092 198 26 civilförvaltning
668 1093 114 20 inbetalar
794 1095 33 19 ett
837 1094 84 25 belopp
933 1101 28 14 av

118 1121 10 20 1
139 1121 42 20 000
193 1121 42 24 kr.,
245 1121 88 20 befrias
343 1121 54 20 från
408 1121 147 21 återstående
565 1122 288 26 skadeståndsskyldighet
863 1124 35 20 till
909 1124 51 20 kro-

117 1157 47 14 nan
176 1151 72 25 enligt
259 1151 179 20 rådhusrättens
450 1151 8 20 i
469 1151 128 21 Östersund
609 1152 54 20 dom
674 1152 45 20 den
730 1153 13 20 6
754 1159 63 14 mars
830 1153 62 20 1958.

118 1186 38 20 RD
171 1186 124 25 medgiver,
308 1187 34 19 att
355 1192 29 14 en
396 1187 8 19 i
417 1187 257 25 statsrådsprotokollet
687 1188 53 20 över
754 1188 206 21 försvarsärenden

118 1216 36 20 för
169 1216 45 20 den
229 1216 27 20 30
273 1216 47 20 dec.
337 1216 56 20 1959
409 1217 93 23 avsedd,
517 1216 78 20 såsom
609 1217 27 20 D.
651 1217 128 21 betecknad
795 1218 115 20 överfurir
924 1218 37 21 be-

117 1245 57 20 frias
194 1245 54 20 från
267 1245 147 21 återstående
433 1246 276 26 ersättningsskyldighet
727 1247 35 20 till
781 1247 90 21 kronan
890 1248 71 25 enligt

117 1275 57 20 Göta
184 1275 105 20 hovrätts
299 1275 77 25 utslag
386 1276 44 19 den
441 1276 26 20 10
477 1276 48 25 jan.
536 1276 63 20 1944.

117 1310 39 20 RD
170 1310 125 25 medgiver,
309 1311 33 20 att
355 1317 28 13 en
396 1311 7 20 i
417 1311 257 25 statsrådsprotokollet
687 1312 53 20 över
753 1312 207 21 försvarsärenden

117 1340 37 20 för
165 1340 44 20 den
220 1340 27 20 30
258 1341 48 19 dec.
318 1340 56 20 1959
385 1341 93 23 avsedd,
488 1340 78 21 såsom
576 1342 24 19 B.
610 1341 129 20 betecknad
749 1342 16 20 f.
776 1342 21 20 d.
808 1342 152 25 styckjunka-

117 1376 24 14 re
154 1369 87 21 befrias
255 1370 54 20 från
322 1370 148 20 återstående
482 1371 276 25 ersättningsskyldighet
771 1372 34 20 till
819 1372 90 20 kronan
923 1378 37 14 en-

117 1400 42 24 ligt
168 1399 26 20 K.
204 1400 58 19 M:ts
271 1400 77 24 utslag
358 1400 44 19 den
412 1400 25 20 31
448 1400 48 20 okt.
507 1400 63 20 1945.

118 1435 38 19 RD
170 1435 125 25 medgiver,
308 1436 34 19 att
354 1435 24 20 Å.
390 1435 141 24 Johansson,
544 1436 78 20 därest
633 1436 47 19 han
692 1436 64 20 inom
768 1437 33 19 tid
814 1443 50 14 som
877 1437 26 20 K.
916 1437 44 20 M:t

116 1464 142 20 bestämmer
270 1464 35 20 till
318 1464 127 21 försvarets
458 1465 198 26 civilförvaltning
667 1465 115 21 inbetalar
794 1467 32 19 ett
837 1466 84 26 belopp
933 1472 27 15 av

116 1494 42 20 800
172 1494 43 23 kr.,
228 1493 87 21 befrias
329 1494 54 20 från
395 1494 147 20 återstående
555 1495 276 25 ersättningsskyldighet
844 1496 34 20 till
892 1497 68 19 stats-

116 1523 81 20 verket
213 1523 30 25 på
259 1524 77 24 grund
353 1529 28 14 av
398 1523 102 24 Askims,
516 1524 95 25 Hisings
628 1524 43 20 och
688 1524 109 21 Sävedals
814 1525 146 21 häradsrätts

116 1553 54 20 dom
180 1553 45 20 den
234 1553 13 21 6
257 1553 47 25 maj
318 1553 62 20 1954.

117 1588 39 20 RD
171 1589 125 25 medgiver,
311 1590 34 19 att
359 1589 27 20 K.
401 1589 25 20 E.
441 1589 21 21 S.
477 1590 141 24 Pettersson,
632 1591 78 20 därest
723 1591 48 20 han
784 1591 64 20 inom
862 1591 33 20 tid
910 1597 50 14 som

116 1618 27 20 K.
161 1618 45 21 M:t
224 1618 142 21 bestämmer
383 1619 35 20 till
437 1619 126 21 försvarets
581 1620 198 26 civilförvaltning
796 1620 115 21 inbetalar
928 1622 32 19 ett

115 1648 84 24 belopp
212 1654 28 14 av
251 1648 13 20 3
274 1648 42 20 000
328 1648 94 24 kronor,
433 1648 87 21 befrias
532 1649 53 20 från
597 1649 147 21 återstående
755 1650 205 25 ersättningsskyl-

117 1677 79 25 dighet
210 1678 35 20 till
260 1677 92 21 kronan
366 1678 30 25 på
410 1679 75 24 grund
501 1684 28 14 av
542 1679 47 20 viss
603 1679 112 21 händelse
729 1680 44 20 den
787 1680 28 20 22
829 1685 52 20 aug.
897 1680 62 20 1953.

117 1707 39 20 RD
171 1707 124 25 medgiver,
310 1708 34 20 att
357 1707 24 21 F.
396 1708 24 20 E.
434 1708 139 20 Danielsson
587 1708 87 21 befrias
688 1708 53 21 från
755 1709 205 25 ersättningsskyl-

117 1737 79 25 dighet
205 1737 36 20 till
253 1737 91 20 kronan
354 1737 30 25 på
394 1738 76 24 grund
481 1744 28 14 av
518 1738 47 20 viss
576 1738 111 21 händelse
697 1739 44 20 den
753 1739 25 20 17
789 1739 97 20 oktober
897 1739 63 21 1951.

117 1766 39 20 RD
169 1767 125 24 medgiver,
306 1768 34 19 att
352 1767 116 24 kaptenen
480 1767 26 20 N.
518 1767 24 20 G.
553 1768 139 23 Hultström,
704 1768 78 20 därest
793 1768 47 20 han
851 1769 64 19 inom
926 1769 33 20 tid

116 1802 51 14 som
182 1796 27 20 K.
225 1796 45 20 M:t
284 1796 142 20 bestämmer
440 1797 36 19 till
491 1796 127 21 försvarets
633 1797 198 26 civilförvaltning
845 1798 115 20 inbetalar

116 1826 33 19 ett
161 1825 84 25 belopp
258 1832 28 14 av
298 1826 13 20 2
321 1826 41 20 000
376 1826 42 24 kr.,
430 1826 87 20 befrias
530 1826 53 20 från
596 1826 147 21 återstående
755 1828 205 24 ersättningsskyl-

117 1855 79 25 dighet
209 1855 35 20 till
259 1855 91 20 kronan
363 1855 30 25 på
406 1856 76 24 grund
495 1862 29 13 av
536 1856 47 20 viss
596 1856 112 21 händelse
720 1857 45 20 den
779 1857 13 20 4
804 1857 48 20 dec.
867 1857 63 21 1952.

117 1885 39 20 RD
170 1885 124 25 medgiver,
309 1886 34 19 att
356 1885 26 20 A.
396 1885 70 20 Lätth
479 1885 87 20 befrias
580 1885 53 20 från
646 1885 266 27 betalningsskyldighet
924 1887 35 20 till

117 1914 91 20 kronan
221 1914 30 25 på
263 1914 76 25 grund
352 1920 28 14 av
392 1914 38 21 det
442 1914 120 21 bristande
575 1915 158 25 fullgörandet
744 1921 29 14 av
784 1916 47 20 viss
844 1916 116 25 entrepre-

116 1944 54 20 nad.

117 1973 39 20 RD
169 1973 118 25 medgiver
299 1973 108 20 befrielse
419 1973 37 20 för
467 1974 33 20 ett
512 1973 88 21 dödsbo
613 1975 61 20 samt
685 1974 37 20 för
733 1974 39 21 två
784 1980 110 19 personer
906 1974 53 21 från

116 2002 47 21 viss
176 2002 284 26 ersättningsskyldighet.

116 2032 39 20 RD
173 2032 124 25 medgiver,
315 2033 34 19 att
365 2032 163 25 byggmästare
545 2032 25 21 E.
586 2033 27 20 H.
630 2033 92 24 Förare,
739 2034 78 20 därest
833 2034 47 20 han
896 2034 63 20 inom

116 2061 41 24 tid,
172 2067 50 15 som
236 2068 29 14 av
279 2062 26 20 K.
320 2062 46 20 M:t
378 2062 148 24 bestämmes,
540 2062 35 21 till
589 2063 52 25 väg-
655 2063 44 20 och
712 2063 247 26 vattenbyggnadssty-

116 2091 76 21 relsen
203 2091 116 21 inbetalar
332 2091 10 21 1
353 2091 42 21 000
407 2091 42 24 kr.,
460 2091 88 21 befrias
560 2091 53 21 från
624 2092 80 21 vidare
715 2092 245 27 ersättningsskyldig-

982 181 15 20 A
1261 155 80 30 Utskott
1390 155 57 37 Skriv.
1490 155 105 30 Protokoll

999 189 8 11 r
1007 180 19 29 |
1030 184 53 21 Prop.
1408 200 22 12 nr

1340 214 26 16 Nr
1487 213 30 17 FK
1586 213 33 17 AK

985 285 29 22 60]
1052 287 28 20 14
1347 286 26 20 271
1412 286 26 20 811
1470 286 21 21 6:
1506 291 22 15 27
1538 282 22 34 |
1571 286 21 20 6:
1608 290 22 16 70

1055 321 7 15 1
1367 321 8 15 1

985 374 29 22 60)
1053 376 27 20 14
1347 376 26 20 271
1412 376 26 20 811
1470 376 21 20 6:
1506 381 22 15 27
1538 372 22 33 |
1571 376 21 20 6:
1608 380 22 16 70

1053 410 11 16 2
1367 410 8 16 1

985 463 29 22 60]
1052 465 27 20 14
1346 465 92 20 271-811
1471 465 121 21 652136:
1608 470 22 15 70

1053 499 10 16 3
1367 500 8 15 1

985 581 29 23 60]
1052 584 27 20 14
1346 584 27 20 271
1412 584 80 20 8116:
1507 588 22 15 27.
1538 577 24 37 |
1572 583 20 21 6:
1608 588 22 16 70

1053 618 10 15 4
1365 618 11 15 2

985 730 29 22 601]
1050 732 29 20 26
1346 732 92 21 387-97
1449 727 14 35 E
1470 732 58 20 TTC
1572 732 57 20 FAR

1054 767 7 15 1
1366 767 8 15 1

985 819 28 22 60]
1050 821 29 21 26
1346 822 28 20 33:
1411 821 27 21 di
1470 821 58 21 darZ4
1543 816 27 35 Ia
1571 821 58 20 d3123

1052 855 11 16 2
1366 856 8 15 1

984 968 29 21 60]
1050 969 28 21 26
1346 970 27 20 FE
1382 964 32 36 BG
1481 970 35 20 Rv
1522 964 21 36 So
1549 964 30 36 br
1580 964 11 36 fen

1052 1003 10 16 3
1364 1004 11 15 2

984 1062 29 22 60]
1050 1064 28 21 26
1345 1065 28 20 BIL
1411 1065 27 20 Ola
1506 1069 22 16 sA
1530 1058 52 37 old
1587 1069 42 16 SiS

1052 1099 10 15 4
1364 1099 11 15 3

984 1187 29 22 60)
1049 1189 29 20 26
1345 1189 92 21 SON
1506 1194 21 15 ver

1052 1224 10 15 5
1364 1224 10 15 2

983 1312 29 22 60]
1049 1314 29 20 26
1345 1314 92 21 331197
1469 1315 58 19 kurd
1570 1314 58 21 7123

1052 1348 10 15 6
1364 1348 10 16 2

983 1436 30 22 60)
1049 1439 29 20 26
1345 1439 28 20 SS
1505 1443 22 16 Fa
1548 1433 33 36 kd
1581 1439 47 20 al28

1051 1472 10 16 7
1364 1473 10 15 3

983 1591 30 21 60]
1049 1593 29 20 26
1345 1593 27 21 331
1410 1593 27 21 971
1469 1593 20 20 7:
1505 1597 22 16 74
1534 1589 26 34 |
1570 1594 58 19 7:123

1051 1627 11 15 8
1363 1627 10 16 3

983 1710 29 21 60]
1049 1712 29 20 26
1344 1712 28 21 331)
1409 1713 28 20 971
1469 1712 20 21 7:
1505 1717 22 15 74
1533 1708 26 34 |
1570 1712 57 21 7:123

1051 1746 10 15 9
1363 1746 10 16 3

983 1769 29 22 601
1049 1771 28 20 26
1344 1772 93 20 83:1397:11
1469 1772 20 20 72:
1505 1776 22 16 74:-]
1570 1772 57 20 272123

1045 1805 21 16 10
1363 1806 10 15 3

983 1887 29 23 60)
1048 1889 29 21 26
1344 1890 92 21 83:97]
1468 1891 59 20 7::74
1569 1891 58 20 172123

1045 1923 20 16 11
1363 1925 10 15 4

982 1976 30 22 60]
1048 1978 29 21 26
1343 1979 94 21 Alan
1468 1980 20 20 lrirr
1519 1974 7 36 kt
1541 1974 40 36 krk

1045 2012 21 16 12
1362 2013 11 16 4

982 2036 29 21 60]
1048 2038 29 20 59
1344 2038 144 21 571178113:
1504 2043 22 16 22
1555 2039 34 20 113:
1605 2043 22 16 68
