1853 2363
819 160 136 15 SAKREGISTER

1646 155 42 21 169

97 436 168 28 Avsöndringar
280 444 26 14 m.
323 444 27 14 m.

112 467 62 21 Inom
192 466 106 28 Blekinge
313 467 46 21 län:

84 502 25 16 23
127 498 38 20 RD
181 497 115 26 medgiver,
313 499 32 19 att
360 504 26 14 av
402 497 53 21 det
440 493 10 35 i
468 497 148 26 kronoparken
627 497 127 27 Ringamåla
763 497 105 27 ingående
878 498 58 20 hem-

142 530 73 18 manet
231 526 37 29 ?/,,
285 527 82 21 mantal
383 527 127 26 Långeboda
525 534 26 13 nr
566 527 10 20 1
594 528 7 19 i
616 527 127 27 Ringamåla
759 528 76 20 socken
851 528 37 20 må
903 528 33 20 till

141 558 127 25 Ringamåla
283 558 105 20 kommun
401 557 99 27 försäljas
511 559 31 19 ett
552 558 7 19 i
570 557 232 27 statsrådsprotokollet
812 558 125 20 omförmält

141 587 87 20 område
252 594 35 13 om
312 587 46 20 5.53
376 587 76 20 hektar
467 586 50 21 med
533 587 51 20 därå
600 587 109 26 befintliga
725 587 122 27 byggnader
861 587 34 21 för
910 594 26 14 en

142 617 144 27 köpeskilling
301 624 26 14 av
344 617 12 20 6
366 616 42 21 000
425 617 31 20 kr.

84 681 24 16 24
127 677 37 20 RD
181 677 69 20 avslår
265 677 104 20 motioner
384 683 47 20 ang.
449 676 160 21 återlämnande
625 683 27 14 av
667 677 54 20 visst
736 677 81 20 kronan
833 677 104 26 tillhörigt

141 707 87 20 område
251 707 33 20 till
307 707 105 26 Ronneby
435 706 47 21 stad
505 708 57 18 samt
587 706 171 27 bemyndigande
780 707 33 20 för
829 707 62 20 KM:t
906 709 31 18 att

141 736 50 20 med
216 736 75 21 staden
317 737 63 19 träffa
405 736 57 21 avtal
485 743 35 13 om
544 736 127 27 försäljning
694 737 28 26 på
745 737 91 25 angivna
859 737 79 20 villkor

141 766 33 20 till
198 766 74 20 staden
296 773 26 13 av
341 766 27 20 de
386 767 13 19 å
414 766 97 20 området
527 766 110 26 befintliga
652 766 82 20 kronan
750 766 108 26 tillhöriga
875 767 61 26 bygg-

140 796 66 20 nader
224 798 57 18 samt
296 803 27 13 en
338 796 146 20 ovanberörda
499 796 136 26 jordområde
651 796 146 26 angränsande
813 798 61 22 tomt,
890 803 46 13 som

139 826 90 26 tidigare
244 825 84 21 tillhört
344 826 82 26 staden,
442 832 50 14 men
507 825 72 21 vartill
595 825 81 21 kronan
689 832 77 19 genom
777 826 42 26 köp
830 826 107 20 förvärvat

140 855 130 26 äganderätt.

82 920 24 15 25
125 915 38 20 RD
179 915 115 26 medgiver,
311 917 39 23 att,
366 915 66 20 sedan
448 915 200 26 kronoegendomen
665 915 10 20 1
694 915 81 20 mantal
792 915 104 20 Ramdala
912 922 25 13 nr

141 945 11 19 1
169 945 7 20 i
192 945 105 20 Ramdala
313 945 77 20 socken
407 945 63 20 blivit
482 952 76 19 genom
570 945 154 26 ägostyckning
734 945 63 20 delad
808 945 7 20 i
826 952 37 13 sex
874 945 63 21 lotter

140 975 7 19 i
163 975 146 26 huvudsaklig
328 975 212 20 överensstämmelse
557 974 49 21 med
622 975 7 20 i
645 975 233 26 statsrådsprotokollet
893 982 42 13 om-

140 1005 88 20 förmält
250 1005 86 26 förslag,
358 1005 46 20 dels
427 1005 26 20 de
472 1005 50 20 med
540 1004 40 21 litt.
598 1005 25 24 A,
641 1005 22 25 C,
680 1005 20 20 D
716 1005 40 20 och
773 1005 17 20 E
806 1005 130 20 betecknade

140 1035 92 20 lotterna
248 1036 36 19 må
298 1042 38 13 var
352 1035 32 20 för
400 1035 32 26 sig
447 1035 50 20 med
513 1035 26 20 de
555 1035 67 26 enligt
636 1035 116 26 Raquettes
768 1036 7 19 i
786 1035 88 20 ärendet
890 1035 46 20 åbe-

140 1065 79 26 ropade
235 1065 61 20 karta
312 1072 26 13 av
356 1065 55 20 1924
423 1064 50 21 dem
484 1064 89 26 tillagda
583 1065 8 19 i
602 1065 232 26 statsrådsprotokollet
845 1065 92 26 angivna

140 1095 102 20 områden
265 1095 106 26 försäljas,
395 1095 50 20 med
468 1096 42 19 rätt
532 1095 34 19 för
587 1095 79 26 köpare
685 1101 26 14 av
727 1095 67 20 lotten
810 1095 41 20 litt.
868 1096 16 19 A
902 1095 34 20 till

140 1125 83 20 hälften
248 1132 26 13 av
289 1125 7 20 i
313 1124 232 27 statsrådsprotokollet
569 1125 91 25 angivna
683 1125 130 20 kvantiteter
831 1125 105 20 avträdes-

140 1154 66 24 foder,
223 1154 45 21 dels
284 1155 40 20 ock
340 1155 66 20 lotten
423 1155 40 20 litt.
480 1155 17 19 B
514 1155 34 19 må
566 1154 48 21 med
630 1155 8 19 i
653 1154 232 27 statsrådsprotokollet
901 1162 34 13 an-

140 1185 57 25 givet
219 1184 86 21 område
329 1191 50 14 men
398 1184 49 20 med
464 1184 110 26 undantag
589 1191 26 14 av
631 1191 26 13 en
673 1184 104 27 loglänga,
794 1185 34 20 till
844 1185 41 20 den
901 1185 35 20 del

140 1214 126 21 densamma
281 1216 23 18 är
320 1214 88 26 belägen
425 1215 12 19 å
448 1214 78 20 lottens
542 1214 67 24 mark,
621 1214 34 20 till
667 1214 85 20 avlidne
766 1215 24 20 O.
802 1214 134 21 Anderssons

140 1244 199 26 stärbhusdelägare
354 1244 99 26 försäljas
468 1244 34 20 för
517 1251 26 13 en
559 1244 144 26 köpeskilling
718 1251 26 13 av
761 1244 79 20 10470
857 1245 30 20 kr.
905 1247 31 18 att

140 1274 94 26 erläggas
251 1274 50 20 med
317 1281 26 13 en
359 1274 100 27 sjättedel
475 1274 36 20 vid
527 1274 104 20 tillträdet
647 1274 41 20 den
707 1274 26 20 14
749 1280 57 14 mars
824 1274 55 20 1926
896 1275 38 19 och

140 1311 25 13 en
190 1304 99 26 sjättedel
312 1304 42 20 den
381 1304 27 20 14
432 1310 57 14 mars
507 1304 59 26 varje
585 1311 26 13 av
627 1304 145 26 nästföljande
787 1304 44 20 fem
848 1305 23 19 år
886 1304 50 20 med

140 1334 123 26 skyldighet
286 1334 33 20 för
342 1334 95 26 köparna
459 1336 32 18 att
513 1333 44 21 låta
577 1334 89 20 berörda
683 1334 105 26 loglänga,
804 1334 8 19 i
828 1334 40 20 den
885 1335 50 19 mån

139 1364 42 20 den
197 1365 23 19 är
236 1363 88 26 belägen
340 1364 13 19 å
369 1364 77 20 lottens
463 1363 67 25 mark,
548 1363 125 26 avgiftsfritt
688 1364 86 20 kvarstå
789 1364 68 20 under
873 1365 30 19 ett
913 1365 23 19 år

140 1394 47 19 från
204 1393 181 27 tillträdesdagen.

110 1460 63 20 Inom
193 1459 163 21 Kristianstads
372 1460 45 20 län:

82 1494 24 15 26
124 1490 38 20 RD
178 1490 115 26 medgiver,
311 1491 31 19 att
358 1491 30 19 ett
403 1490 8 19 i
425 1489 233 27 statsrådsprotokollet
668 1489 124 21 omförmält
802 1489 87 20 område
900 1496 34 14 om

141 1520 47 20 0.61
207 1520 76 20 hektar
305 1520 35 20 må
363 1520 124 26 frånskiljas
503 1519 149 26 kronoparken
668 1520 74 19 Horna
757 1520 8 19 i
781 1515 61 25 Åhus
858 1520 77 20 socken

140 1550 39 20 och
199 1551 45 19 mot
263 1556 26 14 en
305 1550 144 26 köpeskilling
464 1556 26 13 av
506 1549 43 20 400
566 1549 31 20 kr.
613 1549 99 27 försäljas
728 1549 34 21 till
777 1549 26 20 K.
821 1549 112 21 Svensson.

83 1614 24 16 27
125 1610 38 19 RD
179 1609 115 26 medgiver,
314 1611 32 19 att
369 1609 174 26 torplägenheten
567 1609 144 26 Nybrotorpet
733 1610 36 19 må
788 1609 49 20 med
852 1609 7 20 i
876 1611 59 18 stats-

140 1639 178 30 rådsprotokollet
334 1640 86 25 angivet
434 1639 87 21 område
536 1639 125 26 frånskiljas
677 1639 148 26 kronoparken
840 1639 96 20 Ulfshult

140 1669 7 20 i
164 1669 109 20 Örkeneds
290 1669 78 20 socken
384 1669 39 20 och
439 1669 105 26 försäljas.

83 1733 24 15 28
125 1729 38 20 RD
187 1728 116 26 medgiver,
327 1730 37 23 att,
384 1728 65 21 sedan
466 1728 200 26 kronoegendomen
682 1727 27 28 !/;
726 1728 82 20 mantal
825 1728 111 26 Söndraby

141 1765 25 14 nr
182 1759 12 19 2
211 1759 7 19 i
235 1758 75 27 Vedby
326 1759 78 20 socken
418 1758 63 20 blivit
491 1759 7 19 i
509 1758 144 26 huvudsaklig
664 1758 211 20 överensstämmelse
887 1758 49 19 med

141 1788 272 27 uppskattningsmännens
422 1788 79 26 förslag
511 1788 62 20 delad
582 1788 7 20 i
597 1788 30 19 tio
638 1788 69 24 lotter,
719 1787 39 20 litt.
768 1788 76 24 A—K,
853 1794 83 13 samma

141 1818 63 21 lotter
220 1819 36 19 må
271 1825 37 13 var
323 1818 34 20 för
372 1818 32 26 sig
420 1818 49 20 med
485 1818 7 19 i
508 1817 233 27 statsrådsprotokollet
754 1818 85 25 angivet
849 1817 87 20 område

141 1848 105 26 försäljas,
264 1848 49 20 med
329 1848 151 20 hembudsrätt
495 1848 33 20 för
544 1848 18 19 5.
574 1848 24 20 B.
614 1848 105 20 Svensson
735 1847 33 20 till
779 1847 67 20 lotten
857 1847 41 20 litt.
910 1848 25 19 A.

84 1913 24 15 29
127 1908 37 20 RD
181 1908 108 26 medgiver
307 1908 128 26 försäljning
454 1914 26 13 av
496 1914 26 13 en
538 1908 7 19 i
561 1907 231 26 statsrådsprotokollet
807 1906 129 21 omförmäld

141 1937 100 27 lägenhet
256 1937 49 21 med
322 1944 26 14 en
364 1937 56 20 areal
437 1944 26 14 av
479 1937 94 21 22.8200
591 1937 75 20 hektar
679 1937 48 20 från
738 1936 198 26 kronoegendomen

143 1967 10 20 1
172 1968 81 20 mantal
271 1968 164 25 Vessmanstorp
451 1974 25 13 nr
493 1968 11 19 7
521 1968 7 19 i
544 1967 114 25 Riseberga
673 1967 84 20 socken.

84 2032 25 16 80
127 2027 37 20 RD
187 2027 115 26 medgiver,
327 2029 31 18 att
373 2027 8 20 i
397 2026 232 27 statsrådsprotokollet
652 2026 149 24 omförmälda,
826 2027 12 19 å
861 2033 26 13 en
911 2033 25 13 av

141 2057 240 20 distriktslantmätaren
393 2057 24 20 O.
430 2057 88 20 Hobroh
529 2057 23 20 år
565 2056 56 20 1920
632 2056 115 27 upprättad
758 2056 61 20 karta
829 2056 107 20 avfattade

75 2109 29 17 22.
119 2112 89 17 Sakregister
218 2112 12 14 I.

967 252 22 145 1YSBEPSAIY

1025 299 17 105 J2SJ9ALIYS
1025 240 18 47 IA[[O

1044 369 17 54 "doxd
1044 297 22 65 sylten
1045 222 21 70 Bun

1084 276 95 18 Motioner

1241 247 95 17 Utskotts-

1229 277 112 17 utlåtanden

1205 307 47 17 eller
1264 307 99 17 memorial

1408 229 53 18 Riks-

1399 259 72 22 dagens

1413 289 46 17 skri-

1405 319 63 17 velser

1528 259 118 18 Kamrarnas

1513 289 145 22 förhandlingar

1086 384 33 17 FK

1138 384 35 17 AK

1198 366 17 57 "Tues

1241 371 17 49 "PAY

1295 384 17 16 AA

1295 402 12 9 4

1354 374 18 45 BPpIg

1408 384 17 27 IN

1456 374 17 45 BPIS

1502 373 66 17 Första
1571 369 24 31 |
1602 373 66 17 Andra

1499 397 69 17 kamm.
1570 393 24 31 |
1599 397 70 17 kamm.

951 498 55 20 1925

1027 534 34 22 p.2

1023 917 42 20 206

1027 951 33 23 p.8

1031 1489 25 20 11

1026 1524 33 22 p.7

1030 1609 26 19 57

1028 1644 32 21 p.6

1030 1728 26 20 57

1027 1762 33 23 p.7

1031 1907 25 19 57

1027 1941 34 23 p.8

1024 2026 41 21 140

1135 680 46 18 179-

1141 711 33 17 181

1190 917 25 20 10

1188 1489 26 21 10

1189 1609 26 20 10

1190 1728 25 20 10

1190 1907 25 20 10

1190 2026 26 20 10

1294 1609 26 20 31

1294 1728 26 20 31

1294 1907 26 19 31

1294 2027 27 20 47

1409 500 27 20 60

1368 504 10 16 -

1368 1608 102 21 511318

1368 1727 103 21 511318

1369 1906 102 21 511318

1395 2026 42 20 240

1503 500 67 20 14:18
1571 495 23 35 |
1604 499 67 21 16:28

1502 679 33 20 20:
1546 684 25 16 30
1583 688 1 8 |
1596 679 33 20 22:
1640 679 41 20 35d

1502 917 33 20 32:
1546 922 10 15 47
1574 913 18 34 |
1595 918 33 20 34:
1640 923 38 15 164

1562 922 9 15 -

1502 1488 154 22 T00£-AAES

1501 1609 70 21 22:17
1571 1605 18 34 |
1603 1609 33 20 25:
1647 1613 25 16 50

1501 1728 69 20 22:17
1573 1724 21 33 |
1602 1728 33 19 25:
1647 1732 25 16 50

1502 1907 68 19 22:17
1572 1902 18 34 |
1603 1906 33 20 25:
1648 1911 24 15 50

1503 2026 32 20 27:
1547 2031 24 15 85
1573 2022 22 34 |
1603 2026 33 20 30:
1648 2031 22 15 91
