1845 2348
770 143 223 32 SAKREGISTER
1643 148 41 21 357

1216 221 110 31 Utskotts-
1399 226 55 16 Riks-

1006 247 65 34 Kungl.
1125 274 3 3 E
1207 247 129 34 utlåtanden,
1392 247 70 34 dagens
1523 240 116 42 FaDWarnas

1019 282 53 18 Maj:ts]
1084 274 91 16 Motioner]
1201 286 96 16 memorial
1310 286 44 16 eller
1403 285 45 18 Hele
1510 274 142 21 förhandlingar

964 305 26 20 År
1018 315 51 14 Ipropir
1212 316 132 16 betänkanden
1384 311 71 31 velser
1536 304 88 21 (protnr)

1026 341 36 15 eller

1018 371 54 14 See
1086 381 86 17 FKIAK
1193 370 16 37 5
1235 369 16 33 5
1275 382 91 16 Nummer|
1382 381 91 17 Nummer
1494 370 68 40 Fkn
1598 366 65 40 Andra

1193 403 58 17 Ala
1508 399 56 11 amm.
1569 391 22 29 |
1596 395 70 16 kamm.

97 439 61 25 Egna
172 438 53 20 hem.
1265 437 2 17 I

99 471 9 17 1
124 468 42 20 RD
182 468 127 27 godkänner
318 468 160 26 avlöningsstat
486 469 34 19 för
529 469 222 26 egnahemsstyrelsen
761 471 57 18 samt
827 469 108 26 personal-
953 471 53 20 11940]
1025 471 39 20 130
1072 464 10 35 I
1087 471 38 19 164]
1167 471 12 20 61
1196 471 67 20 10/—'
1315 472 26 19 33
1408 471 41 20 273
1484 472 33 20 124:
1529 474 24 17 24
1564 472 55 20 dl26:
1630 474 25 18 40
1665 473 14 20 d

139 498 137 26 förteckning
292 498 40 20 och
347 498 160 26 avlöningsstat
521 498 34 20 för
569 498 258 27 egnahemsnämnderna;
843 499 40 20 och
898 505 37 14 an-
1086 500 39 21 165|
1139 501 40 20 227
1315 501 27 20 35
1485 501 33 21 25:
1529 503 25 18 25
1585 502 34 20 128:
1630 504 10 18 5

138 528 58 20 visar
213 528 42 20 RD
272 528 34 20 till
323 528 222 26 egnahemsbildning:
562 528 230 27 egnahemsstyrelsen:
809 529 127 26 avlöningar
1087 530 38 21 186]
1139 531 40 20 228
1485 531 154 21 [30:-1:5al33:
1623 527 18 35 1

137 559 34 18 ett
186 558 75 26 anslag
276 564 29 13 av
320 558 41 19 202
370 558 41 19 800
426 558 32 20 kr.
475 558 33 25 (f),
525 558 33 19 till
573 558 221 26 egnahemsbildning:
810 559 126 25 egnahems-
1087 560 38 20 190
1139 561 40 19 229/

138 587 112 26 styrelsen:
269 587 155 20 omkostnader
441 589 33 18 ett
490 587 75 26 anslag
582 593 28 14 av
627 587 76 20 72000
720 588 32 20 kr.
770 588 33 26 (f),
821 588 33 20 till
871 593 64 21 egna-
1086 589 37 20 191|
1139 590 40 20 243

139 617 165 26 hemsbildning:
330 617 258 26 egnahemsnämnderna:
614 617 127 26 avlöningar
764 619 33 18 ett
815 618 74 26 anslag
907 624 28 14 av
1139 620 40 20 245

139 646 39 20 747
187 646 41 21 000
253 647 32 19 kr.
312 647 33 25 (f),
371 647 33 19 till
429 647 222 26 egnahemsbildning:
677 647 257 26 egnahemsnämnderna:
1139 649 40 20 246

139 676 155 20 omkostnader
312 677 33 19 ett
363 676 75 26 anslag
456 682 28 14 av
502 676 40 21 275
551 676 41 20 000
609 677 33 20 kr.
661 677 33 25 (f),
713 677 33 20 till
764 677 172 26 egnahemsbild-
1139 679 40 20 247

138 706 58 26 ning:
216 706 147 26 ersättningar
381 706 24 20 åt
424 706 225 26 egnahemsombuden
669 708 33 18 ett
720 707 75 26 anslag
813 713 28 14 av
860 706 75 21 30000
1139 709 40 20 248

138 736 33 19 kr.
188 736 33 25 (f),
238 736 33 20 till
287 736 221 26 egnahemsbildning:
525 736 222 26 förvaltningsbidrag
762 736 33 20 till
811 737 125 26 egnahems-

139 765 177 20 låneförmedlare
328 771 28 14 m.
368 771 29 14 m.
409 767 32 18 ett
453 766 75 26 anslag
538 772 28 14 av
577 766 41 20 675
626 766 41 20 000
678 766 32 20 kr.
723 766 33 26 (f),
767 766 33 20 till
811 766 125 26 egnahems-

139 795 104 26 bildning:
259 795 117 26 premielån
391 795 33 20 till
439 796 229 26 egnahemslåntagare
683 802 28 14 m.
727 802 28 14 m.
771 797 34 19 ett
819 796 74 26 anslag
908 802 28 14 av

139 825 40 20 600
187 825 42 20 000
236 825 40 24 kr.,
285 825 32 20 till
325 825 221 26 egnahemsbildning:
556 825 76 26 bidrag
639 825 33 20 till
679 825 81 21 inlösen
769 832 28 14 av
804 826 57 20 vissa
870 826 67 26 bygg-

139 855 67 20 nader
215 855 37 20 vid
264 855 106 26 utökning
379 861 29 14 av
418 855 154 26 ofullständiga
581 855 106 26 jordbruk
697 857 33 18 ett
740 856 74 26 anslag
823 862 28 14 av
861 856 26 20 75
896 856 40 20 000

139 885 32 19 kr.
193 884 35 26 (r),
250 884 32 20 till
304 885 222 26 egnahemsbildning:
548 885 114 26 byggande
683 892 28 13 av
732 885 152 27 odlingsvägar
904 887 32 19 ett

138 914 76 26 anslag
228 920 28 14 av
272 914 40 20 100
320 914 41 20 000
375 915 33 19 kr.
424 914 26 26 (f)
465 916 58 19 samt
536 915 33 20 till
581 915 221 26 egnahemsbildning:
815 916 122 26 byggnads-

139 944 77 26 bidrag
231 944 33 20 till
279 944 58 20 vissa
352 944 317 27 arbetarsmåbrukslåntagare
684 946 33 19 ett
732 945 75 26 anslag
822 951 28 14 av
861 945 27 21 50
896 945 41 20 000

139 974 32 20 kr.
181 974 35 26 (r);
226 974 40 20 och
275 974 112 26 medgiver
395 974 50 24 RD,
454 976 35 18 att
497 974 133 27 statsbidrag
639 975 35 20 må
684 975 90 26 beviljas
783 975 56 20 intill
849 975 39 20 125
895 975 41 20 000

138 1004 33 20 kr.
184 1004 34 19 för
230 1004 114 26 byggande
357 1010 28 14 av
398 1004 158 26 odlingsvägar;
570 1004 40 20 och
622 1004 111 26 medgiver
742 1005 49 23 RD,
801 1006 35 18 att
844 1005 35 20 lån
888 1005 48 20 från

138 1033 248 27 egnahemslånefonden
401 1034 36 20 må
452 1034 91 26 beviljas
557 1034 57 20 intill
628 1036 33 18 ett
676 1034 78 26 belopp
769 1041 28 13 av
812 1034 27 20 20
847 1034 41 20 000
896 1034 41 20 000

138 1064 40 22 kr.,
195 1063 68 20 därav
280 1063 25 20 12
314 1063 41 20 000
363 1063 41 20 000
419 1064 33 19 kr.
468 1064 34 20 för
515 1063 246 27 jordbruksfastigheter
776 1064 40 20 och
826 1064 13 20 8
847 1064 41 20 000
896 1064 41 20 000

138 1093 33 20 kr.
188 1093 34 20 för
237 1093 226 26 bostadsfastigheter,
480 1093 49 20 med
545 1095 46 18 rätt
607 1093 55 21 dock
678 1094 34 20 för
727 1093 64 21 KM:t
807 1095 40 23 att,
865 1094 72 20 därest

138 1122 165 20 förhållandena
317 1123 69 20 skulle
400 1123 49 26 giva
464 1123 116 26 anledning
595 1123 79 24 därtill,
689 1123 100 27 medgiva
803 1123 114 27 jämkning
930 1124 7 19 i

139 1152 66 26 sagda
233 1152 122 26 fördelning
383 1153 78 20 mellan
489 1152 127 27 jordbruks-
644 1153 39 20 och
711 1153 225 26 bostadsfastigheter;

139 1182 40 20 och
192 1182 88 20 anvisar
292 1182 43 20 RD
349 1182 45 20 dels
407 1183 12 19 å
432 1182 195 27 kapitalbudgeten
641 1183 68 20 under
722 1184 83 19 statens
819 1183 118 26 utlånings-

138 1212 77 20 fonder
226 1212 33 20 till
271 1212 220 20 arrendelånefonden
504 1214 33 18 ett
548 1213 75 26 anslag
635 1218 28 14 av
676 1212 39 21 150
723 1212 41 21 000
776 1213 32 20 kr.
821 1213 34 26 (r),
868 1213 45 20 dels
925 1213 11 20 å

138 1241 195 27 kapitalbudgeten
352 1242 68 20 under
437 1243 84 19 statens
539 1242 188 26 utlåningsfonder
743 1243 34 20 till
793 1243 145 20 arbetarsmå-

139 1271 197 20 brukslånefonden
354 1273 33 18 ett
403 1272 75 26 anslag
494 1278 28 14 av
543 1272 59 20 1950
611 1272 40 20 000
664 1273 33 19 kr.
712 1272 34 26 (r),
761 1272 44 20 dels
819 1273 12 19 å
844 1272 94 26 kapital-

139 1301 109 26 budgeten
258 1301 69 20 under
335 1301 79 20 fonden
424 1302 34 19 för
466 1302 169 20 låneunderstöd
643 1302 33 20 till
685 1302 127 20 ackordslån
821 1302 39 20 och
868 1302 70 26 hjälp-

138 1331 35 20 lån
191 1331 33 20 till
240 1331 144 26 jordbrukare
402 1333 33 18 ett
451 1331 76 27 anslag
544 1338 28 14 av
590 1331 39 21 100
638 1331 41 21 000
696 1332 32 20 kr.
745 1332 34 26 (r);
792 1332 39 20 och
843 1332 94 20 besluter

139 1361 42 20 RD
202 1361 126 20 inrättande
348 1367 28 14 av
397 1367 25 14 en
443 1361 145 26 kapitalfond,
609 1362 110 20 benämnd
739 1362 137 26 jordfonden;
897 1362 40 20 och

138 1390 88 20 anvisar
240 1391 43 19 RD
299 1391 45 19 dels
358 1391 12 20 å
385 1391 195 26 kapitalbudgeten
596 1391 68 20 under
679 1391 83 20 diverse
776 1392 162 26 kapitalfonder

138 1420 33 20 till
184 1420 130 26 jordfonden
328 1422 33 18 ett
374 1421 75 26 anslag
462 1427 28 14 av
503 1421 12 20 3
524 1420 41 21 000
573 1420 42 21 000
627 1421 33 20 kr.
672 1421 35 26 (r),
719 1421 45 20 dels
775 1422 12 19 å
798 1421 139 27 kapitalbud-

138 1451 64 25 geten
223 1450 68 20 under
311 1450 84 20 diverse
415 1450 162 27 kapitalfonder
596 1451 33 20 till
648 1451 288 26 arrendeegnahemsfonden

139 1481 33 19 ett
183 1480 74 25 anslag
268 1486 28 14 av
310 1480 59 20 1000
377 1480 41 20 000
429 1481 32 19 kr.
474 1480 34 26 (r);
521 1481 39 19 och
572 1481 95 20 besluter
678 1481 49 23 RD,
739 1482 35 19 att
784 1481 152 26 egnahemslån

139 1509 60 20 skola
208 1509 68 20 under
283 1510 51 19 åren
344 1509 53 20 1940
405 1510 39 20 och
454 1510 50 20 1941
513 1510 109 20 förräntas
630 1510 55 20 efter
692 1517 26 14 en
726 1511 102 23 räntefot,
837 1511 100 20 bestämd

139 1539 33 20 till
180 1539 35 20 3.6
223 1541 90 24 procent
320 1539 34 20 för
361 1539 35 20 lån
404 1540 34 20 till
445 1539 246 27 jordbruksfastigheter
699 1541 39 19 och
746 1540 33 20 till
786 1540 13 20 4
807 1542 89 25 procent
904 1541 34 20 för

140 1569 35 20 lån
196 1569 33 20 till
250 1569 225 26 bostadsfastigheter;
497 1570 40 20 och
555 1570 111 26 medgiver
685 1570 50 24 RD,
751 1572 34 18 att
800 1570 137 20 beträffande

139 1599 161 25 egnahemslån,
313 1605 46 14 som
372 1599 55 20 efter
438 1599 107 26 ingången
557 1605 29 14 av
598 1600 24 20 år
635 1599 53 21 1920
700 1606 49 14 men
761 1600 46 20 före
820 1600 40 20 den
875 1600 8 20 1
897 1600 40 26 juli

141 1628 53 20 1940
213 1628 103 26 beviljats
335 1629 49 19 från
404 1629 254 26 egnahemslånefonden,
679 1630 41 19 den
740 1630 66 26 årliga
826 1631 78 19 räntan
925 1630 11 20 å

139 1658 91 20 stående
245 1658 34 20 del
295 1664 28 14 av
339 1658 62 20 lånen
418 1659 35 19 må
469 1659 69 20 under
553 1659 50 20 åren
621 1659 53 20 1940
690 1659 39 20 och
746 1659 50 20 1941
814 1660 53 26 utgå
882 1659 56 21 efter

139 1688 35 20 3.6
189 1689 91 25 procent
294 1688 34 20 för
342 1688 154 26 jordbrukslån
512 1689 39 20 och
566 1688 14 20 4
594 1690 91 25 procent
699 1689 34 20 för
748 1689 132 24 bostadslån;
897 1689 40 20 och

139 1717 127 26 godkänner
283 1717 42 21 RD
343 1718 94 26 grunder
453 1718 33 20 för
503 1719 126 26 uppgörelse
645 1719 79 20 mellan
741 1720 72 19 staten
831 1719 39 20 och
887 1719 50 20 hus-

139 1747 231 27 hållningssällskapen
388 1747 7 20 i
412 1748 107 20 avseende
536 1748 12 20 å
567 1748 184 27 överflyttningen
768 1749 34 20 till
819 1750 72 19 staten
909 1755 28 14 av

139 1777 126 26 egnahems-
285 1777 40 20 och
346 1777 90 20 därmed
456 1778 123 26 jämförliga
600 1778 42 24 lån,
664 1778 156 27 dispositionen
840 1785 29 14 av
889 1779 48 20 säll-

139 1807 94 26 skapens
255 1807 123 20 riskfonder
400 1809 58 18 samt
480 1808 67 20 andra
570 1808 49 20 med
642 1809 295 25 egnahemsverksamhetens

139 1836 184 26 omorganisation
343 1837 215 27 sammanhängande
576 1838 78 26 frågor;
675 1838 39 20 och
733 1838 143 27 bemyndigar
894 1839 42 20 RD

139 1866 64 20 KM:t
220 1868 35 18 att
272 1867 99 20 meddela
389 1867 72 20 beslut
477 1867 7 20 i
501 1867 61 27 fråga
582 1874 35 13 om
634 1869 46 19 rätt
696 1868 34 20 för
746 1868 134 26 tjänsteman
898 1868 39 20 hos

139 1896 253 27 hushållningssällskap,
420 1897 74 20 vilken
520 1897 6 20 i
551 1898 106 20 samband.
683 1898 49 20 med
758 1898 179 26 egnahemsverk-

139 1926 125 20 samhetens
291 1926 183 26 omorganisation
498 1927 90 26 övergår
610 1927 34 20 till
667 1934 26 13 en
717 1928 48 20 med
790 1928 148 26 pensionsrätt

139 1955 47 20 icke
212 1955 90 21 förenad
331 1956 124 27 befattning
475 1956 39 20 hos
535 1957 207 26 egnahemsnämnd,
764 1959 35 19 att
819 1958 119 26 personligt

140 1985 120 20 bibehållas
275 1985 37 20 vid
328 1986 41 20 den
385 1986 148 26 pensionsrätt
551 1987 7 19 i
577 1988 84 19 statens
680 1987 190 26 pensionsanstalt,
891 1994 45 14 som

139 2015 128 20 tillkommit
287 2015 80 20 honom
387 2016 27 26 på
431 2016 70 26 grund
517 2022 29 14 av
563 2016 150 27 befattningen
727 2017 39 20 hos
779 2017 159 27 hushållnings-

139 2044 126 27 sällskapet.
