1847 2355
1 784 2 41 |

1 826 2 32 |

814 154 136 15 SAKREGISTER

96 433 204 28 Fiskerinäringen.

140 464 78 21 villkor
236 464 33 20 till
292 464 128 21 statsverket
435 464 123 20 överlämna
572 464 8 20 i
596 464 232 26 statsrådsprotokollet
843 464 90 26 angiven

139 494 103 26 fastighet
263 494 7 20 i
294 494 86 26 Lysekil
396 494 32 20 för
444 494 137 20 anordnande
597 494 109 20 därstädes
723 500 26 14 av
765 500 26 14 en
807 493 80 21 anstalt
901 494 34 20 för

140 524 256 26 fiskeriundersökningar
418 524 91 21 likasom
533 525 19 26 ej
577 524 67 20 heller
662 525 46 19 mot
723 523 147 27 mottagandet
885 530 26 14 av
927 524 7 20 i

140 554 232 26 statsrådsprotokollet
387 554 128 20 omförmäld
531 554 102 20 donation
649 554 33 20 för
698 554 117 20 anstaltens
829 553 104 27 iordning-

139 583 107 21 ställande
262 584 39 20 och
318 584 129 26 utrustning.

97 654 9 15 9
125 649 37 20 RD
179 651 86 25 antager
281 649 78 27 förslag
375 650 33 20 till
424 649 35 26 lag
474 656 35 14 om
525 649 81 20 ändrad
622 649 81 27 lydelse
720 656 26 14 av
763 649 26 20 18
806 649 39 20 och
863 648 26 21 19
906 649 27 25 $$

139 680 8 19 i
163 679 62 26 lagen
245 679 41 21 den
303 680 26 19 27
346 680 48 26 juni
411 679 56 21 1896
484 686 35 14 om
535 681 43 19 rätt
593 679 34 21 till
642 679 53 21 fiske
711 686 28 13 m.
757 686 28 14 m.
802 679 132 26 (utlännings

140 711 41 19 rätt
197 709 33 21 till
246 709 53 21 fiske
315 710 7 19 i
338 709 88 21 svenskt
441 709 120 26 farvatten).

83 779 23 16 10
124 775 37 20 RD
177 777 87 24 antager
280 775 32 20 för
328 776 32 19 sin
377 775 34 20 del
427 775 45 20 dels
488 775 79 26 förslag
582 775 34 20 till
632 775 35 26 lag
677 781 35 14 om
724 774 81 21 ändrad
816 774 81 27 lydelse
908 781 26 13 av

139 804 12 20 3
168 805 13 25 $
197 805 7 20 i
220 805 62 26 lagen
298 805 41 20 den
356 805 26 20 27
399 805 49 27 juni
465 805 56 20 1896
537 805 33 26 (nr
586 805 28 20 42
630 805 39 20 sid.
688 804 20 26 1)
727 811 35 14 om
776 806 42 19 rätt
829 804 34 21 till
874 804 59 25 fiske,

138 834 45 21 dels
199 835 40 20 ock
255 835 79 26 förslag
349 835 34 20 till
399 835 34 26 lag
448 841 35 14 om
495 835 118 26 ersättning
623 835 33 20 till
667 834 135 27 strandägare
812 834 33 21 för
856 834 78 20 mistad

138 864 105 25 fiskerätt;
267 865 40 20 och
331 865 96 20 anhåller
442 865 38 20 RD
496 865 46 20 dels
558 871 36 14 om
609 864 115 27 utredning
739 865 7 19 i
762 864 56 27 syfte
833 866 32 18 att
880 864 53 20 klar-

138 894 68 26 lägga,
229 894 60 21 vilka
310 894 97 26 åtgärder
422 896 36 19 äro
477 894 137 26 erforderliga
629 895 33 19 för
677 894 123 26 reglerande
815 901 26 13 av
857 894 76 20 förhål-

138 924 93 20 landena
246 926 39 18 rör.
303 924 203 27 strömmingsfisket
521 924 50 20 med
587 925 71 20 skötar
674 924 39 20 och
729 924 108 20 vinternot
852 925 13 19 å
879 924 55 20 vissa

138 954 59 20 delar
213 961 26 13 av
254 954 66 21 rikets
336 954 90 25 ostkust,
443 954 46 20 dels
505 954 39 21 ock
561 956 31 18 att
608 954 60 20 KM:t
684 954 7 20 i
707 954 105 20 samband
824 954 50 20 med
885 954 48 20 fort-

138 986 43 18 satt
197 984 115 26 utredning
327 991 36 13 om
379 985 57 20 vissa
451 984 256 21 fiskerättsförhållanden
721 984 13 20 å
744 984 81 20 Skånes
837 984 98 20 västkust

139 1014 49 20 med
208 1014 104 20 avseende
328 1015 12 19 å
356 1014 52 20 fiske
424 1014 50 21 med
490 1015 42 19 fast
547 1014 91 26 redskap
654 1014 81 27 jämväl
751 1014 51 20 ville
817 1014 44 20 låta
876 1014 57 20 verk-

138 1044 63 20 ställa
217 1044 87 20 fortsatt
319 1044 115 26 utredning
449 1051 26 13 av
491 1044 74 26 frågan
584 1051 35 13 om
630 1044 130 20 införande
741 1040 22 34 i
776 1044 61 26 lagen
846 1050 35 14 om
892 1045 43 19 rätt

139 1074 33 20 till
189 1074 53 20 fiske
261 1081 26 13 av
307 1074 131 27 uttryckliga
454 1074 162 20 bestämmelser
632 1080 35 14 om
683 1073 42 22 vad
740 1080 46 14 som
797 1074 77 20 förstås
885 1073 50 21 med

138 1104 43 20 fast
204 1104 38 20 och
266 1104 64 26 rörlig
349 1104 100 26 redskap;
469 1104 79 26 förslag
568 1111 35 13 om
619 1104 115 26 utredning
748 1104 8 20 i
772 1104 55 26 syfte
843 1105 32 19 att
889 1103 46 21 helt

138 1133 76 27 frigiva
230 1134 164 21 hummerfisket
409 1134 7 20 i
433 1134 117 26 Göteborgs
566 1134 39 20 och
622 1134 72 20 Bohus
710 1135 56 19 samt
782 1133 106 21 Hallands
898 1133 36 21 län

138 1163 101 21 förfaller.

96 1228 7 15 1
123 1223 41 20 För
175 1223 126 27 budgetåret
313 1222 125 29 1929/1930
450 1224 79 26 uppför
539 1224 37 20 RD
588 1223 46 21 dels
644 1223 44 21 ord.
699 1223 236 26 reservationsanslaget

138 1253 34 20 till
196 1253 73 21 fiskets
293 1253 148 27 befrämjande
459 1254 8 20 i
486 1253 26 21 de
528 1253 104 21 särskilda
648 1255 83 19 orterna
746 1253 51 21 med
812 1253 123 21 oförändrat

139 1283 78 27 belopp
242 1283 79 21 78500
345 1284 39 24 kr.,
408 1283 46 21 dels
477 1283 40 21 ock
535 1283 44 21 ord.
600 1283 237 26 reservationsanslaget
851 1283 34 21 till
901 1283 33 20 be-

138 1313 122 27 främjande
276 1314 7 20 i
299 1313 120 21 allmänhet
434 1320 26 14 av
476 1313 176 26 fiskerinäringen
662 1313 50 21 med
723 1313 123 21 oförändrat
857 1313 77 27 belopp

140 1343 27 20 30
177 1343 43 20 000
236 1343 31 20 kr.

96 1419 9 15 2
122 1415 38 20 RD
183 1415 84 20 anvisar
291 1414 33 21 till
347 1415 118 20 understöd
484 1415 22 20 åt
525 1414 66 21 Södra
607 1415 96 25 Sveriges
718 1415 169 25 fiskeriförening
902 1414 33 20 för

138 1444 126 27 budgetåret
281 1442 126 27 1929/1930
424 1445 70 20 såsom
511 1446 61 19 extra
582 1444 82 27 anslag:
679 1445 71 20 såsom
764 1444 73 26 bidrag
850 1444 34 20 till
894 1444 40 20 för-

138 1475 102 25 eningens
262 1474 281 27 upplysningsverksamhet
566 1474 65 20 8650
647 1475 31 20 kr.
702 1476 57 19 samt
774 1475 70 20 såsom
860 1474 75 26 bidrag

137 1504 34 20 till
198 1504 135 26 föreningens
359 1504 192 26 fiskeribiologiska
576 1504 183 26 undersöknings-,
782 1504 89 20 försöks-
895 1504 39 20 och

138 1534 265 26 fiskodlingsverksamhet
420 1534 26 20 17
457 1534 42 20 350
516 1534 31 20 kr.
564 1534 52 20 eller
632 1534 91 27 tillhopa
740 1534 26 20 26
777 1534 42 21 000
835 1534 42 24 kr.;
894 1534 40 20 och

139 1564 84 20 anvisas
246 1571 26 13 av
291 1564 36 20 det
346 1564 73 26 anslag
438 1565 13 19 å
471 1564 78 21 18000
566 1564 38 25 kr.,
622 1571 45 14 som
684 1571 26 14 av
726 1563 56 21 1928
799 1564 33 21 års
848 1564 37 20 RD
901 1564 33 20 be-

138 1594 73 27 viljats
227 1594 34 20 för
276 1594 138 21 anordnande
430 1595 13 19 å
458 1594 33 21 för
507 1594 123 20 ändamålet
645 1601 27 14 av
687 1594 124 27 föreningen
823 1594 112 21 förvärvad

138 1624 103 26 fastighet
256 1631 26 13 av
298 1624 215 26 dammhushållning
530 1624 48 20 med
595 1631 15 14 s.
627 1624 21 20 k.
665 1624 119 21 växelbruk
800 1624 33 21 för
850 1624 84 26 budget-

137 1654 46 20 året
200 1652 126 29 1929/1930
343 1656 31 18 ett
389 1656 61 19 extra
465 1654 74 26 anslag
555 1661 26 14 av
598 1654 12 20 9
621 1654 42 21 000
679 1654 31 20 kr.

96 1730 9 15 3
124 1725 37 20 RD
185 1725 115 26 medgiver,
324 1727 32 19 att
379 1726 63 20 fisket
462 1725 35 21 vid
513 1725 26 21 de
554 1726 34 20 till
604 1726 115 20 lotsverket
735 1725 101 27 anslagna
852 1725 83 20 holmar

138 1756 40 20 och
202 1756 49 20 skär
274 1756 59 20 inom
351 1756 117 25 Göteborgs
484 1756 39 20 och
539 1756 73 20 Bohus
628 1757 56 19 samt
699 1755 107 21 Hallands
821 1755 43 25 län,
880 1755 55 21 dock

138 1785 50 20 med
210 1785 111 26 undantag
344 1792 26 14 av
393 1786 54 20 fiske
466 1786 54 20 efter
535 1787 78 22 ostron,
630 1785 99 27 upplåtes
745 1785 34 21 till
795 1785 91 20 allmänt
902 1785 32 21 be-

138 1815 110 26 gagnande
264 1816 7 19 i
287 1815 42 21 den
345 1816 137 25 omfattning,
499 1822 46 14 som
563 1815 10 20 1
591 1815 13 26 8
621 1816 7 19 i
644 1815 60 26 lagen
721 1815 41 20 den
779 1815 27 20 27
817 1815 49 26 juni
878 1814 56 21 1896

138 1851 36 14 om
189 1846 43 19 rätt
247 1845 34 20 till
297 1845 53 20 fiske
366 1845 144 24 omförmäler,
522 1847 32 18 att
564 1845 25 20 fr.
600 1852 18 13 o.
631 1852 28 13 m.
672 1845 125 26 budgetåret
808 1843 126 29 1929/1930

138 1874 128 26 grundskatt
290 1875 54 20 skall
368 1875 99 26 upphöra
486 1876 31 19 att
532 1875 52 26 utgå
598 1875 48 20 från
662 1875 94 20 nämnda
772 1875 91 24 holmar,
879 1876 57 19 samt

138 1906 32 18 att
184 1904 161 25 hummerfiske,
357 1911 46 14 som
416 1905 132 20 tillkommer
559 1904 92 21 kronans
662 1904 68 21 under
740 1904 195 27 domänstyrelsens

138 1934 131 26 förvaltning
292 1934 86 20 stående
394 1934 126 26 fastigheter
535 1934 59 20 inom
612 1935 68 24 Vette,
697 1934 95 21 Tanums
808 1934 39 20 och
864 1934 71 21 Kville

138 1963 68 21 härad
229 1971 26 13 av
279 1964 117 26 Göteborgs
419 1964 40 21 och
483 1964 72 20 Bohus
579 1964 43 24 län,
647 1964 112 20 efterhand
777 1970 47 14 som
843 1964 92 26 löpande

139 1993 187 27 arrendeperioder
341 1994 26 26 gå
386 1994 34 20 till
436 1994 62 24 ända,
515 1994 100 26 upplåtes
631 1994 28 26 på
675 1996 42 18 sätt
732 2001 51 19 nyss
799 1996 87 18 nämnts
901 1994 33 20 be-

138 2023 106 21 träffande
258 2023 115 21 lotsverket
384 2024 102 26 anslagna
496 2024 85 20 holmar
591 2024 40 20 och
643 2024 49 20 skär
703 2024 39 20 och
753 2024 91 20 sålunda
854 2023 80 21 undan-

137 2055 59 24 tages
211 2053 38 21 vid
265 2053 163 27 fastigheternas
444 2053 157 27 disponerande
616 2054 34 20 för
665 2054 93 20 kronans
774 2054 96 26 räkning.

964 246 23 147 IBSTEPSALA

1022 294 18 105 J98[9ALLYS
1022 235 17 47 19][9

1041 364 17 55 "doad
1041 293 22 65 s:fen
1041 216 22 72 [Bun

1080 271 94 18 Motioner

1237 242 95 17 Utskotts-

1225 271 112 18 utlåtanden

1201 301 47 18 eller
1261 302 99 17 memorial

1403 224 54 18 Riks-

1394 254 73 22 dagens

1408 284 47 18 skri-

1400 314 63 18 velser

1638 149 43 21 495

1523 255 118 17 Kamrarnas

1509 284 145 23 förhandlingar

1083 380 34 17 FK

1135 380 36 17 AK

1195 362 17 57 "TwuBg

1237 367 17 49 ”PAV

1291 379 17 17 Zz

1291 397 11 10 H

1350 370 17 45 BpIs

1404 380 17 27 IN

1451 371 18 45 BpIs

1497 369 67 17 Första
1570 365 20 31 |
1598 369 66 18 Andra

1494 393 70 18 kamm.
1565 389 24 31 |
1594 393 71 18 kamm.

949 463 55 21 1928

949 1222 57 23 1929

1022 1222 41 20 1:90

1014 1263 17 16 p.
1038 1257 33 17 102

1022 1413 41 20 1:9

1014 1454 17 17 p.
1034 1448 37 23 103

1030 1725 27 20 74

1092 774 27 21 41

1079 804 41 21 113

1147 774 27 20 13

1133 834 40 21 123

1132 864 42 21 304

1186 649 26 20 10

1188 1223 25 21 10

1188 1414 25 20 10

1187 1724 26 21 10

1290 650 28 20 24

1291 775 27 20 33

1291 805 27 20 173

1292 1725 28 20 20

1351 1229 24 15 42

1350 1420 25 15 42

1392 649 40 21 180

1387 775 42 21 313

1406 1223 62 21 50110

1406 1414 62 22 50/10

1406 1726 27 20 87

1498 650 33 20 23:
1542 654 24 17 68
1568 646 22 34 |
1599 650 33 20 24:
1643 655 25 16 40

1490 776 33 20 25:
1534 776 41 20 26d/
1591 775 33 21 28:
1635 776 42 21 60od

1490 805 33 21 36:
1535 810 23 17 57
1591 805 84 21 |36:1238

1499 1222 68 21 14:13
1567 1218 18 35 |
1600 1223 68 21 17:68

1499 1413 68 22 14:181.
1600 1414 68 21 17:68

1500 1725 32 20 14:
1544 1730 24 16 14
1574 1720 14 35 |
1594 1724 32 21 18:
1638 1724 41 21 19d
