<?xml version="1.0" encoding="UTF-8"?>
<alto xmlns="http://www.loc.gov/standards/alto/ns-v3#" xmlns:xlink="http://www.w3.org/1999/xlink" xmlns:xsi="http://www.w3.org/2001/XMLSchema-instance" xsi:schemaLocation="http://www.loc.gov/standards/alto/ns-v3# http://www.loc.gov/alto/v3/alto-3-0.xsd">
	<Description>
		<MeasurementUnit>pixel</MeasurementUnit>
		<sourceImageInformation>
			<fileName></fileName>
		</sourceImageInformation>
		<OCRProcessing ID="OCR_0">
			<ocrProcessingStep>
				<processingSoftware>
					<softwareName>tesseract 4.1.1</softwareName>
				</processingSoftware>
			</ocrProcessingStep>
		</OCRProcessing>
	</Description>
	<Layout>
		<Page WIDTH="1803" HEIGHT="2341" PHYSICAL_IMG_NR="0" ID="page_0">
			<PrintSpace HPOS="0" VPOS="0" WIDTH="1803" HEIGHT="2341">
				<ComposedBlock ID="cblock_0" HPOS="132" VPOS="66" WIDTH="908" HEIGHT="22">
					<TextBlock ID="block_0" HPOS="132" VPOS="66" WIDTH="908" HEIGHT="22">
						<TextLine ID="line_0" HPOS="132" VPOS="66" WIDTH="908" HEIGHT="22">
							<String ID="string_0" HPOS="132" VPOS="69" WIDTH="37" HEIGHT="19" WC="0.96" CONTENT="156"/><SP WIDTH="648" VPOS="69" HPOS="169"/>
							<String ID="string_1" HPOS="817" VPOS="66" WIDTH="223" HEIGHT="20" WC="0.91" CONTENT="SAKREGISTER"/>
						</TextLine>
					</TextBlock>
				</ComposedBlock>
				<ComposedBlock ID="cblock_1" HPOS="132" VPOS="128" WIDTH="1596" HEIGHT="14">
					<TextBlock ID="block_1" HPOS="132" VPOS="128" WIDTH="1596" HEIGHT="14">
						<TextLine ID="line_1" HPOS="132" VPOS="128" WIDTH="1596" HEIGHT="14">
							<String ID="string_2" HPOS="132" VPOS="128" WIDTH="1596" HEIGHT="14" WC="0.95" CONTENT=" "/>
						</TextLine>
					</TextBlock>
				</ComposedBlock>
				<ComposedBlock ID="cblock_2" HPOS="1173" VPOS="192" WIDTH="556" HEIGHT="4">
					<TextBlock ID="block_2" HPOS="1173" VPOS="192" WIDTH="556" HEIGHT="4">
						<TextLine ID="line_2" HPOS="1173" VPOS="192" WIDTH="556" HEIGHT="4">
							<String ID="string_3" HPOS="1173" VPOS="192" WIDTH="556" HEIGHT="4" WC="0.95" CONTENT=" "/>
						</TextLine>
					</TextBlock>
				</ComposedBlock>
				<ComposedBlock ID="cblock_3" HPOS="1048" VPOS="244" WIDTH="674" HEIGHT="7">
					<TextBlock ID="block_3" HPOS="1048" VPOS="244" WIDTH="674" HEIGHT="7">
						<TextLine ID="line_3" HPOS="1048" VPOS="244" WIDTH="674" HEIGHT="7">
							<String ID="string_4" HPOS="1048" VPOS="244" WIDTH="674" HEIGHT="7" WC="0.95" CONTENT=" "/>
						</TextLine>
					</TextBlock>
				</ComposedBlock>
				<ComposedBlock ID="cblock_4" HPOS="146" VPOS="153" WIDTH="1556" HEIGHT="304">
					<TextBlock ID="block_4" HPOS="146" VPOS="153" WIDTH="1556" HEIGHT="304">
						<TextLine ID="line_4" HPOS="1190" VPOS="153" WIDTH="481" HEIGHT="30">
							<String ID="string_5" HPOS="1190" VPOS="157" WIDTH="89" HEIGHT="17" WC="0.96" CONTENT="Motioner"/><SP WIDTH="55" VPOS="157" HPOS="1279"/>
							<String ID="string_6" HPOS="1334" VPOS="153" WIDTH="81" HEIGHT="30" WC="0.96" CONTENT="Utskott"/><SP WIDTH="83" VPOS="153" HPOS="1415"/>
							<String ID="string_7" HPOS="1498" VPOS="169" WIDTH="4" HEIGHT="4" WC="0.15" CONTENT="5"/><SP WIDTH="78" VPOS="169" HPOS="1502"/>
							<String ID="string_8" HPOS="1580" VPOS="157" WIDTH="91" HEIGHT="17" WC="0.96" CONTENT="Protokoll"/>
						</TextLine>
						<TextLine ID="line_5" HPOS="1055" VPOS="165" WIDTH="452" HEIGHT="48">
							<String ID="string_9" HPOS="1055" VPOS="178" WIDTH="25" HEIGHT="20" WC="0.96" CONTENT="År"/><SP WIDTH="-3" VPOS="178" HPOS="1080"/>
							<String ID="string_10" HPOS="1077" VPOS="174" WIDTH="20" HEIGHT="32" WC="0.95" CONTENT="|"/><SP WIDTH="7" VPOS="174" HPOS="1097"/>
							<String ID="string_11" HPOS="1104" VPOS="182" WIDTH="52" HEIGHT="20" WC="0.95" CONTENT="Prop."/><SP WIDTH="333" VPOS="182" HPOS="1156"/>
							<String ID="string_12" HPOS="1489" VPOS="165" WIDTH="18" HEIGHT="48" WC="0.11" CONTENT="OS"/>
						</TextLine>
						<TextLine ID="line_6" HPOS="1186" VPOS="210" WIDTH="505" HEIGHT="18">
							<String ID="string_13" HPOS="1186" VPOS="212" WIDTH="30" HEIGHT="16" WC="0.95" CONTENT="FK"/><SP WIDTH="2" VPOS="212" HPOS="1216"/>
							<String ID="string_14" HPOS="1218" VPOS="206" WIDTH="25" HEIGHT="31" WC="0.96" CONTENT="|"/><SP WIDTH="8" VPOS="206" HPOS="1243"/>
							<String ID="string_15" HPOS="1251" VPOS="211" WIDTH="32" HEIGHT="17" WC="0.93" CONTENT="AK"/><SP WIDTH="22" VPOS="211" HPOS="1283"/>
							<String ID="string_16" HPOS="1305" VPOS="210" WIDTH="86" HEIGHT="18" WC="0.17" CONTENT="|SmllAvd|"/><SP WIDTH="24" VPOS="210" HPOS="1391"/>
							<String ID="string_17" HPOS="1415" VPOS="211" WIDTH="26" HEIGHT="16" WC="0.96" CONTENT="Nr"/><SP WIDTH="119" VPOS="211" HPOS="1441"/>
							<String ID="string_18" HPOS="1560" VPOS="211" WIDTH="30" HEIGHT="16" WC="0.83" CONTENT="FK"/><SP WIDTH="69" VPOS="211" HPOS="1590"/>
							<String ID="string_19" HPOS="1659" VPOS="211" WIDTH="32" HEIGHT="17" WC="0.94" CONTENT="AK"/>
						</TextLine>
						<TextLine ID="line_7" HPOS="146" VPOS="253" WIDTH="372" HEIGHT="21">
							<String ID="string_20" HPOS="146" VPOS="253" WIDTH="372" HEIGHT="21" WC="0.91" CONTENT="BOSTADSPRODUKTIONEN."/>
						</TextLine>
						<TextLine ID="line_8" HPOS="166" VPOS="281" WIDTH="1536" HEIGHT="28">
							<String ID="string_21" HPOS="166" VPOS="290" WIDTH="7" HEIGHT="13" WC="0.92" CONTENT="1"/><SP WIDTH="20" VPOS="290" HPOS="173"/>
							<String ID="string_22" HPOS="193" VPOS="283" WIDTH="39" HEIGHT="21" WC="0.91" CONTENT="RD"/><SP WIDTH="16" VPOS="283" HPOS="232"/>
							<String ID="string_23" HPOS="248" VPOS="283" WIDTH="123" HEIGHT="26" WC="0.91" CONTENT="medgiver,"/><SP WIDTH="15" VPOS="283" HPOS="371"/>
							<String ID="string_24" HPOS="386" VPOS="284" WIDTH="34" HEIGHT="19" WC="0.96" CONTENT="att"/><SP WIDTH="14" VPOS="284" HPOS="420"/>
							<String ID="string_25" HPOS="434" VPOS="289" WIDTH="28" HEIGHT="14" WC="0.96" CONTENT="av"/><SP WIDTH="12" VPOS="289" HPOS="462"/>
							<String ID="string_26" HPOS="474" VPOS="283" WIDTH="39" HEIGHT="20" WC="0.96" CONTENT="det"/><SP WIDTH="14" VPOS="283" HPOS="513"/>
							<String ID="string_27" HPOS="527" VPOS="284" WIDTH="77" HEIGHT="19" WC="0.96" CONTENT="senast"/><SP WIDTH="14" VPOS="284" HPOS="604"/>
							<String ID="string_28" HPOS="618" VPOS="282" WIDTH="36" HEIGHT="20" WC="0.96" CONTENT="för"/><SP WIDTH="13" VPOS="282" HPOS="654"/>
							<String ID="string_29" HPOS="667" VPOS="282" WIDTH="136" HEIGHT="25" WC="0.93" CONTENT="budgetåret"/><SP WIDTH="15" VPOS="282" HPOS="803"/>
							<String ID="string_30" HPOS="818" VPOS="281" WIDTH="94" HEIGHT="25" WC="0.92" CONTENT="1947/48"/><SP WIDTH="13" VPOS="281" HPOS="912"/>
							<String ID="string_31" HPOS="925" VPOS="281" WIDTH="109" HEIGHT="20" WC="0.39" CONTENT="anvisade]."/><SP WIDTH="23" VPOS="281" HPOS="1034"/>
							<String ID="string_32" HPOS="1057" VPOS="282" WIDTH="27" HEIGHT="22" WC="0.0" CONTENT="51l"/><SP WIDTH="21" VPOS="282" HPOS="1084"/>
							<String ID="string_33" HPOS="1105" VPOS="285" WIDTH="50" HEIGHT="19" WC="0.0" CONTENT="1:26]"/><SP WIDTH="43" VPOS="285" HPOS="1155"/>
							<String ID="string_34" HPOS="1198" VPOS="296" WIDTH="25" HEIGHT="2" WC="0.0" CONTENT="—|"/><SP WIDTH="40" VPOS="296" HPOS="1223"/>
							<String ID="string_35" HPOS="1263" VPOS="296" WIDTH="26" HEIGHT="2" WC="0.9" CONTENT="—LL"/><SP WIDTH="39" VPOS="296" HPOS="1289"/>
							<String ID="string_36" HPOS="1328" VPOS="284" WIDTH="13" HEIGHT="20" WC="0.63" CONTENT="6)"/><SP WIDTH="23" VPOS="284" HPOS="1341"/>
							<String ID="string_37" HPOS="1364" VPOS="295" WIDTH="25" HEIGHT="3" WC="0.14" CONTENT="—|"/><SP WIDTH="30" VPOS="295" HPOS="1389"/>
							<String ID="string_38" HPOS="1419" VPOS="284" WIDTH="145" HEIGHT="20" WC="0.86" CONTENT="821148116:"/><SP WIDTH="15" VPOS="284" HPOS="1564"/>
							<String ID="string_39" HPOS="1579" VPOS="288" WIDTH="22" HEIGHT="16" WC="0.41" CONTENT="33:"/><SP WIDTH="29" VPOS="288" HPOS="1601"/>
							<String ID="string_40" HPOS="1630" VPOS="284" WIDTH="35" HEIGHT="20" WC="0.26" CONTENT="116:"/><SP WIDTH="15" VPOS="284" HPOS="1665"/>
							<String ID="string_41" HPOS="1680" VPOS="288" WIDTH="22" HEIGHT="16" WC="0.96" CONTENT="36"/>
						</TextLine>
						<TextLine ID="line_9" HPOS="192" VPOS="311" WIDTH="1256" HEIGHT="27">
							<String ID="string_42" HPOS="192" VPOS="313" WIDTH="261" HEIGHT="25" WC="0.91" CONTENT="investeringsanslaget"/><SP WIDTH="12" VPOS="313" HPOS="453"/>
							<String ID="string_43" HPOS="465" VPOS="313" WIDTH="34" HEIGHT="20" WC="0.93" CONTENT="till"/><SP WIDTH="13" VPOS="313" HPOS="499"/>
							<String ID="string_44" HPOS="512" VPOS="312" WIDTH="121" HEIGHT="21" WC="0.91" CONTENT="tertiärlån"/><SP WIDTH="12" VPOS="312" HPOS="633"/>
							<String ID="string_45" HPOS="645" VPOS="313" WIDTH="35" HEIGHT="19" WC="0.96" CONTENT="till"/><SP WIDTH="12" VPOS="313" HPOS="680"/>
							<String ID="string_46" HPOS="692" VPOS="312" WIDTH="47" HEIGHT="20" WC="0.93" CONTENT="viss"/><SP WIDTH="12" VPOS="312" HPOS="739"/>
							<String ID="string_47" HPOS="751" VPOS="311" WIDTH="283" HEIGHT="25" WC="0.90" CONTENT="bostadsbyggnadsverk-"/><SP WIDTH="74" VPOS="311" HPOS="1034"/>
							<String ID="string_48" HPOS="1108" VPOS="321" WIDTH="17" HEIGHT="13" WC="0.31" CONTENT="S."/><SP WIDTH="14" VPOS="321" HPOS="1125"/>
							<String ID="string_49" HPOS="1139" VPOS="319" WIDTH="10" HEIGHT="15" WC="0.96" CONTENT="2"/><SP WIDTH="289" VPOS="319" HPOS="1149"/>
							<String ID="string_50" HPOS="1438" VPOS="318" WIDTH="10" HEIGHT="15" WC="0.96" CONTENT="3"/>
						</TextLine>
						<TextLine ID="line_10" HPOS="193" VPOS="341" WIDTH="840" HEIGHT="27">
							<String ID="string_51" HPOS="193" VPOS="343" WIDTH="92" HEIGHT="20" WC="0.96" CONTENT="samhet"/><SP WIDTH="11" VPOS="343" HPOS="285"/>
							<String ID="string_52" HPOS="296" VPOS="344" WIDTH="33" HEIGHT="19" WC="0.96" CONTENT="ett"/><SP WIDTH="11" VPOS="344" HPOS="329"/>
							<String ID="string_53" HPOS="340" VPOS="343" WIDTH="84" HEIGHT="25" WC="0.96" CONTENT="belopp"/><SP WIDTH="11" VPOS="343" HPOS="424"/>
							<String ID="string_54" HPOS="435" VPOS="349" WIDTH="28" HEIGHT="14" WC="0.95" CONTENT="av"/><SP WIDTH="13" VPOS="349" HPOS="463"/>
							<String ID="string_55" HPOS="476" VPOS="343" WIDTH="26" HEIGHT="20" WC="0.96" CONTENT="10"/><SP WIDTH="10" VPOS="343" HPOS="502"/>
							<String ID="string_56" HPOS="512" VPOS="342" WIDTH="41" HEIGHT="21" WC="0.95" CONTENT="000"/><SP WIDTH="10" VPOS="342" HPOS="553"/>
							<String ID="string_57" HPOS="563" VPOS="342" WIDTH="42" HEIGHT="21" WC="0.95" CONTENT="000"/><SP WIDTH="12" VPOS="342" HPOS="605"/>
							<String ID="string_58" HPOS="617" VPOS="342" WIDTH="34" HEIGHT="20" WC="0.96" CONTENT="kr."/><SP WIDTH="13" VPOS="342" HPOS="651"/>
							<String ID="string_59" HPOS="664" VPOS="342" WIDTH="37" HEIGHT="20" WC="0.96" CONTENT="må"/><SP WIDTH="12" VPOS="342" HPOS="701"/>
							<String ID="string_60" HPOS="713" VPOS="342" WIDTH="136" HEIGHT="25" WC="0.96" CONTENT="disponeras"/><SP WIDTH="11" VPOS="342" HPOS="849"/>
							<String ID="string_61" HPOS="860" VPOS="341" WIDTH="88" HEIGHT="25" WC="0.96" CONTENT="jämväl"/><SP WIDTH="11" VPOS="341" HPOS="948"/>
							<String ID="string_62" HPOS="959" VPOS="341" WIDTH="74" HEIGHT="19" WC="0.96" CONTENT="under"/>
						</TextLine>
						<TextLine ID="line_11" HPOS="191" VPOS="372" WIDTH="250" HEIGHT="26">
							<String ID="string_63" HPOS="191" VPOS="372" WIDTH="138" HEIGHT="26" WC="0.93" CONTENT="budgetåret"/><SP WIDTH="14" VPOS="372" HPOS="329"/>
							<String ID="string_64" HPOS="343" VPOS="372" WIDTH="98" HEIGHT="20" WC="0.91" CONTENT="1951/52."/>
						</TextLine>
						<TextLine ID="line_12" HPOS="165" VPOS="400" WIDTH="1537" HEIGHT="27">
							<String ID="string_65" HPOS="165" VPOS="408" WIDTH="9" HEIGHT="15" WC="0.92" CONTENT="2"/><SP WIDTH="19" VPOS="408" HPOS="174"/>
							<String ID="string_66" HPOS="193" VPOS="403" WIDTH="39" HEIGHT="20" WC="0.91" CONTENT="RD"/><SP WIDTH="14" VPOS="403" HPOS="232"/>
							<String ID="string_67" HPOS="246" VPOS="402" WIDTH="124" HEIGHT="25" WC="0.92" CONTENT="medgiver,"/><SP WIDTH="14" VPOS="402" HPOS="370"/>
							<String ID="string_68" HPOS="384" VPOS="403" WIDTH="34" HEIGHT="19" WC="0.96" CONTENT="att"/><SP WIDTH="13" VPOS="403" HPOS="418"/>
							<String ID="string_69" HPOS="431" VPOS="402" WIDTH="38" HEIGHT="21" WC="0.96" CONTENT="det"/><SP WIDTH="13" VPOS="402" HPOS="469"/>
							<String ID="string_70" HPOS="482" VPOS="403" WIDTH="78" HEIGHT="19" WC="0.96" CONTENT="senast"/><SP WIDTH="13" VPOS="403" HPOS="560"/>
							<String ID="string_71" HPOS="573" VPOS="402" WIDTH="37" HEIGHT="20" WC="0.96" CONTENT="för"/><SP WIDTH="12" VPOS="402" HPOS="610"/>
							<String ID="string_72" HPOS="622" VPOS="401" WIDTH="137" HEIGHT="25" WC="0.91" CONTENT="budgetåret"/><SP WIDTH="14" VPOS="401" HPOS="759"/>
							<String ID="string_73" HPOS="773" VPOS="400" WIDTH="90" HEIGHT="21" WC="0.91" CONTENT="1947/48"/><SP WIDTH="14" VPOS="400" HPOS="863"/>
							<String ID="string_74" HPOS="877" VPOS="400" WIDTH="110" HEIGHT="21" WC="0.93" CONTENT="anvisade"/><SP WIDTH="12" VPOS="400" HPOS="987"/>
							<String ID="string_75" HPOS="999" VPOS="400" WIDTH="34" HEIGHT="20" WC="0.88" CONTENT="in-|"/><SP WIDTH="24" VPOS="400" HPOS="1033"/>
							<String ID="string_76" HPOS="1057" VPOS="402" WIDTH="26" HEIGHT="21" WC="0.53" CONTENT="51|"/><SP WIDTH="21" VPOS="402" HPOS="1083"/>
							<String ID="string_77" HPOS="1104" VPOS="404" WIDTH="51" HEIGHT="20" WC="0.61" CONTENT="1:26]"/><SP WIDTH="43" VPOS="404" HPOS="1155"/>
							<String ID="string_78" HPOS="1198" VPOS="415" WIDTH="25" HEIGHT="2" WC="0.43" CONTENT="—|"/><SP WIDTH="40" VPOS="415" HPOS="1223"/>
							<String ID="string_79" HPOS="1263" VPOS="415" WIDTH="25" HEIGHT="2" WC="0.36" CONTENT="—1I"/><SP WIDTH="40" VPOS="415" HPOS="1288"/>
							<String ID="string_80" HPOS="1328" VPOS="403" WIDTH="13" HEIGHT="20" WC="0.58" CONTENT="6"/><SP WIDTH="23" VPOS="403" HPOS="1341"/>
							<String ID="string_81" HPOS="1364" VPOS="415" WIDTH="26" HEIGHT="2" WC="0.34" CONTENT="—I"/><SP WIDTH="29" VPOS="415" HPOS="1390"/>
							<String ID="string_82" HPOS="1419" VPOS="402" WIDTH="144" HEIGHT="22" WC="0.70" CONTENT="821148116:"/><SP WIDTH="16" VPOS="402" HPOS="1563"/>
							<String ID="string_83" HPOS="1579" VPOS="408" WIDTH="22" HEIGHT="15" WC="0.96" CONTENT="33"/><SP WIDTH="29" VPOS="408" HPOS="1601"/>
							<String ID="string_84" HPOS="1630" VPOS="403" WIDTH="34" HEIGHT="21" WC="0.27" CONTENT="116:"/><SP WIDTH="16" VPOS="403" HPOS="1664"/>
							<String ID="string_85" HPOS="1680" VPOS="408" WIDTH="22" HEIGHT="15" WC="0.95" CONTENT="36"/>
						</TextLine>
						<TextLine ID="line_13" HPOS="192" VPOS="430" WIDTH="1256" HEIGHT="27">
							<String ID="string_86" HPOS="192" VPOS="432" WIDTH="236" HEIGHT="25" WC="0.91" CONTENT="vesteringsanslaget"/><SP WIDTH="11" VPOS="432" HPOS="428"/>
							<String ID="string_87" HPOS="439" VPOS="432" WIDTH="34" HEIGHT="20" WC="0.96" CONTENT="till"/><SP WIDTH="13" VPOS="432" HPOS="473"/>
							<String ID="string_88" HPOS="486" VPOS="431" WIDTH="38" HEIGHT="20" WC="0.96" CONTENT="lån"/><SP WIDTH="13" VPOS="431" HPOS="524"/>
							<String ID="string_89" HPOS="537" VPOS="432" WIDTH="34" HEIGHT="20" WC="0.93" CONTENT="till"/><SP WIDTH="12" VPOS="432" HPOS="571"/>
							<String ID="string_90" HPOS="583" VPOS="430" WIDTH="401" HEIGHT="25" WC="0.91" CONTENT="bostadsförbättringsverksamhet"/><SP WIDTH="12" VPOS="430" HPOS="984"/>
							<String ID="string_91" HPOS="996" VPOS="430" WIDTH="37" HEIGHT="19" WC="0.96" CONTENT="må"/><SP WIDTH="74" VPOS="430" HPOS="1033"/>
							<String ID="string_92" HPOS="1107" VPOS="438" WIDTH="42" HEIGHT="16" WC="0.25" CONTENT="så"/><SP WIDTH="289" VPOS="438" HPOS="1149"/>
							<String ID="string_93" HPOS="1438" VPOS="437" WIDTH="10" HEIGHT="16" WC="0.96" CONTENT="5"/>
						</TextLine>
					</TextBlock>
				</ComposedBlock>
				<ComposedBlock ID="cblock_5" HPOS="164" VPOS="460" WIDTH="1557" HEIGHT="57">
					<TextBlock ID="block_5" HPOS="164" VPOS="460" WIDTH="1557" HEIGHT="57">
						<TextLine ID="line_14" HPOS="192" VPOS="460" WIDTH="571" HEIGHT="27">
							<String ID="string_94" HPOS="192" VPOS="462" WIDTH="136" HEIGHT="25" WC="0.96" CONTENT="disponeras"/><SP WIDTH="10" VPOS="462" HPOS="328"/>
							<String ID="string_95" HPOS="338" VPOS="462" WIDTH="88" HEIGHT="25" WC="0.96" CONTENT="jämväl"/><SP WIDTH="9" VPOS="462" HPOS="426"/>
							<String ID="string_96" HPOS="435" VPOS="462" WIDTH="74" HEIGHT="19" WC="0.96" CONTENT="under"/><SP WIDTH="9" VPOS="462" HPOS="509"/>
							<String ID="string_97" HPOS="518" VPOS="461" WIDTH="136" HEIGHT="25" WC="0.92" CONTENT="budgetåret"/><SP WIDTH="11" VPOS="461" HPOS="654"/>
							<String ID="string_98" HPOS="665" VPOS="460" WIDTH="98" HEIGHT="21" WC="0.90" CONTENT="1951/52."/>
						</TextLine>
						<TextLine ID="line_15" HPOS="164" VPOS="489" WIDTH="1557" HEIGHT="28">
							<String ID="string_99" HPOS="164" VPOS="497" WIDTH="10" HEIGHT="15" WC="0.93" CONTENT="3"/><SP WIDTH="19" VPOS="497" HPOS="174"/>
							<String ID="string_100" HPOS="193" VPOS="492" WIDTH="39" HEIGHT="20" WC="0.91" CONTENT="RD"/><SP WIDTH="15" VPOS="492" HPOS="232"/>
							<String ID="string_101" HPOS="247" VPOS="492" WIDTH="137" HEIGHT="25" WC="0.96" CONTENT="godkänner"/><SP WIDTH="14" VPOS="492" HPOS="384"/>
							<String ID="string_102" HPOS="398" VPOS="491" WIDTH="127" HEIGHT="25" WC="0.96" CONTENT="ändringar"/><SP WIDTH="14" VPOS="491" HPOS="525"/>
							<String ID="string_103" HPOS="539" VPOS="491" WIDTH="6" HEIGHT="20" WC="0.95" CONTENT="i"/><SP WIDTH="15" VPOS="491" HPOS="545"/>
							<String ID="string_104" HPOS="560" VPOS="491" WIDTH="62" HEIGHT="20" WC="0.96" CONTENT="olika"/><SP WIDTH="15" VPOS="491" HPOS="622"/>
							<String ID="string_105" HPOS="637" VPOS="491" WIDTH="130" HEIGHT="20" WC="0.96" CONTENT="avseenden"/><SP WIDTH="15" VPOS="491" HPOS="767"/>
							<String ID="string_106" HPOS="782" VPOS="490" WIDTH="28" HEIGHT="20" WC="0.93" CONTENT="fr."/><SP WIDTH="14" VPOS="490" HPOS="810"/>
							<String ID="string_107" HPOS="824" VPOS="496" WIDTH="20" HEIGHT="14" WC="0.92" CONTENT="o."/><SP WIDTH="15" VPOS="496" HPOS="844"/>
							<String ID="string_108" HPOS="859" VPOS="496" WIDTH="30" HEIGHT="14" WC="0.92" CONTENT="m."/><SP WIDTH="15" VPOS="496" HPOS="889"/>
							<String ID="string_109" HPOS="904" VPOS="490" WIDTH="44" HEIGHT="20" WC="0.96" CONTENT="den"/><SP WIDTH="15" VPOS="490" HPOS="948"/>
							<String ID="string_110" HPOS="963" VPOS="490" WIDTH="9" HEIGHT="20" WC="0.87" CONTENT="1"/><SP WIDTH="17" VPOS="490" HPOS="972"/>
							<String ID="string_111" HPOS="989" VPOS="489" WIDTH="43" HEIGHT="25" WC="0.78" CONTENT="julil"/><SP WIDTH="25" VPOS="489" HPOS="1032"/>
							<String ID="string_112" HPOS="1057" VPOS="492" WIDTH="26" HEIGHT="21" WC="0.50" CONTENT="51]"/><SP WIDTH="26" VPOS="492" HPOS="1083"/>
							<String ID="string_113" HPOS="1109" VPOS="493" WIDTH="42" HEIGHT="21" WC="0.96" CONTENT="124"/><SP WIDTH="58" VPOS="493" HPOS="1151"/>
							<String ID="string_114" HPOS="1209" VPOS="493" WIDTH="13" HEIGHT="20" WC="0.60" CONTENT="9|"/><SP WIDTH="39" VPOS="493" HPOS="1222"/>
							<String ID="string_115" HPOS="1261" VPOS="492" WIDTH="26" HEIGHT="20" WC="0.66" CONTENT="141"/><SP WIDTH="41" VPOS="492" HPOS="1287"/>
							<String ID="string_116" HPOS="1328" VPOS="492" WIDTH="13" HEIGHT="20" WC="0.42" CONTENT="6)"/><SP WIDTH="23" VPOS="492" HPOS="1341"/>
							<String ID="string_117" HPOS="1364" VPOS="504" WIDTH="26" HEIGHT="3" WC="0.47" CONTENT="—|"/><SP WIDTH="15" VPOS="504" HPOS="1390"/>
							<String ID="string_118" HPOS="1405" VPOS="492" WIDTH="259" HEIGHT="21" WC="0.48" CONTENT="1551299121:106d]22:"/><SP WIDTH="28" VPOS="492" HPOS="1664"/>
							<String ID="string_119" HPOS="1692" VPOS="493" WIDTH="29" HEIGHT="20" WC="0.91" CONTENT="4d"/>
						</TextLine>
					</TextBlock>
				</ComposedBlock>
				<ComposedBlock ID="cblock_6" HPOS="191" VPOS="520" WIDTH="1098" HEIGHT="204">
					<TextBlock ID="block_6" HPOS="191" VPOS="520" WIDTH="1098" HEIGHT="204">
						<TextLine ID="line_16" HPOS="193" VPOS="520" WIDTH="1094" HEIGHT="26">
							<String ID="string_120" HPOS="193" VPOS="522" WIDTH="55" HEIGHT="20" WC="0.96" CONTENT="1951"/><SP WIDTH="15" VPOS="522" HPOS="248"/>
							<String ID="string_121" HPOS="263" VPOS="528" WIDTH="28" HEIGHT="14" WC="0.96" CONTENT="av"/><SP WIDTH="12" VPOS="528" HPOS="291"/>
							<String ID="string_122" HPOS="303" VPOS="521" WIDTH="133" HEIGHT="25" WC="0.96" CONTENT="grunderna"/><SP WIDTH="13" VPOS="521" HPOS="436"/>
							<String ID="string_123" HPOS="449" VPOS="521" WIDTH="37" HEIGHT="20" WC="0.96" CONTENT="för"/><SP WIDTH="12" VPOS="521" HPOS="486"/>
							<String ID="string_124" HPOS="498" VPOS="521" WIDTH="44" HEIGHT="20" WC="0.96" CONTENT="den"/><SP WIDTH="13" VPOS="521" HPOS="542"/>
							<String ID="string_125" HPOS="555" VPOS="521" WIDTH="93" HEIGHT="25" WC="0.91" CONTENT="statliga"/><SP WIDTH="13" VPOS="521" HPOS="648"/>
							<String ID="string_126" HPOS="661" VPOS="520" WIDTH="61" HEIGHT="20" WC="0.91" CONTENT="låne-"/><SP WIDTH="13" VPOS="520" HPOS="722"/>
							<String ID="string_127" HPOS="735" VPOS="521" WIDTH="43" HEIGHT="19" WC="0.92" CONTENT="och"/><SP WIDTH="12" VPOS="521" HPOS="778"/>
							<String ID="string_128" HPOS="790" VPOS="520" WIDTH="243" HEIGHT="25" WC="0.92" CONTENT="bidragsverksamhe-"/><SP WIDTH="147" VPOS="520" HPOS="1033"/>
							<String ID="string_129" HPOS="1180" VPOS="523" WIDTH="41" HEIGHT="20" WC="0.15" CONTENT="129"/><SP WIDTH="24" VPOS="523" HPOS="1221"/>
							<String ID="string_130" HPOS="1245" VPOS="522" WIDTH="42" HEIGHT="20" WC="0.15" CONTENT="1175"/>
						</TextLine>
						<TextLine ID="line_17" HPOS="192" VPOS="549" WIDTH="1095" HEIGHT="26">
							<String ID="string_131" HPOS="192" VPOS="553" WIDTH="39" HEIGHT="19" WC="0.96" CONTENT="ten"/><SP WIDTH="14" VPOS="553" HPOS="231"/>
							<String ID="string_132" HPOS="245" VPOS="551" WIDTH="35" HEIGHT="21" WC="0.96" CONTENT="till"/><SP WIDTH="16" VPOS="551" HPOS="280"/>
							<String ID="string_133" HPOS="296" VPOS="551" WIDTH="93" HEIGHT="20" WC="0.96" CONTENT="förmån"/><SP WIDTH="14" VPOS="551" HPOS="389"/>
							<String ID="string_134" HPOS="403" VPOS="551" WIDTH="37" HEIGHT="20" WC="0.92" CONTENT="för"/><SP WIDTH="13" VPOS="551" HPOS="440"/>
							<String ID="string_135" HPOS="453" VPOS="550" WIDTH="283" HEIGHT="25" WC="0.91" CONTENT="bostadsförsörjningen;"/><SP WIDTH="15" VPOS="550" HPOS="736"/>
							<String ID="string_136" HPOS="751" VPOS="550" WIDTH="43" HEIGHT="20" WC="0.93" CONTENT="och"/><SP WIDTH="14" VPOS="550" HPOS="794"/>
							<String ID="string_137" HPOS="808" VPOS="550" WIDTH="116" HEIGHT="25" WC="0.91" CONTENT="medgiver"/><SP WIDTH="15" VPOS="550" HPOS="924"/>
							<String ID="string_138" HPOS="939" VPOS="549" WIDTH="46" HEIGHT="24" WC="0.91" CONTENT="RD,"/><SP WIDTH="14" VPOS="549" HPOS="985"/>
							<String ID="string_139" HPOS="999" VPOS="550" WIDTH="34" HEIGHT="19" WC="0.96" CONTENT="att"/><SP WIDTH="145" VPOS="550" HPOS="1033"/>
							<String ID="string_140" HPOS="1178" VPOS="553" WIDTH="43" HEIGHT="20" WC="0.86" CONTENT="209"/><SP WIDTH="-1" VPOS="553" HPOS="1221"/>
							<String ID="string_141" HPOS="1220" VPOS="545" WIDTH="16" HEIGHT="32" WC="0.86" CONTENT="|"/><SP WIDTH="8" VPOS="545" HPOS="1236"/>
							<String ID="string_142" HPOS="1244" VPOS="552" WIDTH="43" HEIGHT="20" WC="0.94" CONTENT="254"/>
						</TextLine>
						<TextLine ID="line_18" HPOS="192" VPOS="579" WIDTH="1095" HEIGHT="25">
							<String ID="string_143" HPOS="192" VPOS="581" WIDTH="133" HEIGHT="20" WC="0.92" CONTENT="räntefoten"/><SP WIDTH="16" VPOS="581" HPOS="325"/>
							<String ID="string_144" HPOS="341" VPOS="581" WIDTH="37" HEIGHT="20" WC="0.92" CONTENT="för"/><SP WIDTH="16" VPOS="581" HPOS="378"/>
							<String ID="string_145" HPOS="394" VPOS="580" WIDTH="287" HEIGHT="24" WC="0.91" CONTENT="lantarbetarbostadslån,"/><SP WIDTH="16" VPOS="580" HPOS="681"/>
							<String ID="string_146" HPOS="697" VPOS="580" WIDTH="63" HEIGHT="20" WC="0.95" CONTENT="vilka"/><SP WIDTH="16" VPOS="580" HPOS="760"/>
							<String ID="string_147" HPOS="776" VPOS="580" WIDTH="94" HEIGHT="20" WC="0.95" CONTENT="komma"/><SP WIDTH="16" VPOS="580" HPOS="870"/>
							<String ID="string_148" HPOS="886" VPOS="580" WIDTH="34" HEIGHT="20" WC="0.95" CONTENT="att"/><SP WIDTH="14" VPOS="580" HPOS="920"/>
							<String ID="string_149" HPOS="934" VPOS="579" WIDTH="99" HEIGHT="25" WC="0.96" CONTENT="beviljas"/><SP WIDTH="145" VPOS="579" HPOS="1033"/>
							<String ID="string_150" HPOS="1178" VPOS="582" WIDTH="43" HEIGHT="21" WC="0.94" CONTENT="250"/><SP WIDTH="1" VPOS="582" HPOS="1221"/>
							<String ID="string_151" HPOS="1222" VPOS="575" WIDTH="18" HEIGHT="34" WC="0.89" CONTENT="|"/><SP WIDTH="4" VPOS="575" HPOS="1240"/>
							<String ID="string_152" HPOS="1244" VPOS="582" WIDTH="43" HEIGHT="20" WC="0.89" CONTENT="369"/>
						</TextLine>
						<TextLine ID="line_19" HPOS="191" VPOS="609" WIDTH="1096" HEIGHT="27">
							<String ID="string_153" HPOS="191" VPOS="611" WIDTH="75" HEIGHT="20" WC="0.96" CONTENT="under"/><SP WIDTH="16" VPOS="611" HPOS="266"/>
							<String ID="string_154" HPOS="282" VPOS="610" WIDTH="137" HEIGHT="26" WC="0.93" CONTENT="budgetåret"/><SP WIDTH="18" VPOS="610" HPOS="419"/>
							<String ID="string_155" HPOS="437" VPOS="610" WIDTH="98" HEIGHT="24" WC="0.92" CONTENT="1951/52,"/><SP WIDTH="16" VPOS="610" HPOS="535"/>
							<String ID="string_156" HPOS="551" VPOS="610" WIDTH="140" HEIGHT="20" WC="0.96" CONTENT="bestämmes"/><SP WIDTH="17" VPOS="610" HPOS="691"/>
							<String ID="string_157" HPOS="708" VPOS="610" WIDTH="34" HEIGHT="20" WC="0.96" CONTENT="till"/><SP WIDTH="17" VPOS="610" HPOS="742"/>
							<String ID="string_158" HPOS="759" VPOS="609" WIDTH="47" HEIGHT="24" WC="0.96" CONTENT="3,25"/><SP WIDTH="22" VPOS="609" HPOS="806"/>
							<String ID="string_159" HPOS="828" VPOS="609" WIDTH="35" HEIGHT="24" WC="0.40" CONTENT="7;"/><SP WIDTH="17" VPOS="609" HPOS="863"/>
							<String ID="string_160" HPOS="880" VPOS="609" WIDTH="43" HEIGHT="20" WC="0.96" CONTENT="och"/><SP WIDTH="17" VPOS="609" HPOS="923"/>
							<String ID="string_161" HPOS="940" VPOS="609" WIDTH="93" HEIGHT="20" WC="0.96" CONTENT="anvisar"/><SP WIDTH="145" VPOS="609" HPOS="1033"/>
							<String ID="string_162" HPOS="1178" VPOS="612" WIDTH="43" HEIGHT="21" WC="0.96" CONTENT="460"/><SP WIDTH="1" VPOS="612" HPOS="1221"/>
							<String ID="string_163" HPOS="1222" VPOS="604" WIDTH="18" HEIGHT="35" WC="0.94" CONTENT="|"/><SP WIDTH="4" VPOS="604" HPOS="1240"/>
							<String ID="string_164" HPOS="1244" VPOS="612" WIDTH="43" HEIGHT="20" WC="0.94" CONTENT="593"/>
						</TextLine>
						<TextLine ID="line_20" HPOS="192" VPOS="639" WIDTH="1097" HEIGHT="26">
							<String ID="string_165" HPOS="192" VPOS="641" WIDTH="39" HEIGHT="20" WC="0.90" CONTENT="RD"/><SP WIDTH="18" VPOS="641" HPOS="231"/>
							<String ID="string_166" HPOS="249" VPOS="641" WIDTH="36" HEIGHT="20" WC="0.93" CONTENT="till"/><SP WIDTH="19" VPOS="641" HPOS="285"/>
							<String ID="string_167" HPOS="304" VPOS="640" WIDTH="290" HEIGHT="25" WC="0.91" CONTENT="kapitalmedelsförluster"/><SP WIDTH="17" VPOS="640" HPOS="594"/>
							<String ID="string_168" HPOS="611" VPOS="640" WIDTH="43" HEIGHT="20" WC="0.92" CONTENT="och"/><SP WIDTH="18" VPOS="640" HPOS="654"/>
							<String ID="string_169" HPOS="672" VPOS="639" WIDTH="197" HEIGHT="25" WC="0.92" CONTENT="ränteeftergifter"/><SP WIDTH="17" VPOS="639" HPOS="869"/>
							<String ID="string_170" HPOS="886" VPOS="639" WIDTH="13" HEIGHT="20" WC="0.92" CONTENT="å"/><SP WIDTH="17" VPOS="639" HPOS="899"/>
							<String ID="string_171" HPOS="916" VPOS="639" WIDTH="62" HEIGHT="20" WC="0.93" CONTENT="vissa"/><SP WIDTH="16" VPOS="639" HPOS="978"/>
							<String ID="string_172" HPOS="994" VPOS="639" WIDTH="39" HEIGHT="19" WC="0.92" CONTENT="bo-"/><SP WIDTH="138" VPOS="639" HPOS="1033"/>
							<String ID="string_173" HPOS="1171" VPOS="642" WIDTH="118" HEIGHT="20" WC="0.78" CONTENT="-4631-597"/>
						</TextLine>
						<TextLine ID="line_21" HPOS="193" VPOS="668" WIDTH="1094" HEIGHT="27">
							<String ID="string_174" HPOS="193" VPOS="670" WIDTH="226" HEIGHT="25" WC="0.91" CONTENT="stadsbyggnadslån"/><SP WIDTH="12" VPOS="670" HPOS="419"/>
							<String ID="string_175" HPOS="431" VPOS="670" WIDTH="12" HEIGHT="20" WC="0.96" CONTENT="5"/><SP WIDTH="10" VPOS="670" HPOS="443"/>
							<String ID="string_176" HPOS="453" VPOS="670" WIDTH="41" HEIGHT="20" WC="0.96" CONTENT="000"/><SP WIDTH="10" VPOS="670" HPOS="494"/>
							<String ID="string_177" HPOS="504" VPOS="670" WIDTH="42" HEIGHT="20" WC="0.90" CONTENT="000"/><SP WIDTH="13" VPOS="670" HPOS="546"/>
							<String ID="string_178" HPOS="559" VPOS="670" WIDTH="42" HEIGHT="23" WC="0.90" CONTENT="kr.,"/><SP WIDTH="12" VPOS="670" HPOS="601"/>
							<String ID="string_179" HPOS="613" VPOS="670" WIDTH="35" HEIGHT="19" WC="0.93" CONTENT="till"/><SP WIDTH="12" VPOS="670" HPOS="648"/>
							<String ID="string_180" HPOS="660" VPOS="669" WIDTH="174" HEIGHT="25" WC="0.92" CONTENT="hyresrabatter"/><SP WIDTH="12" VPOS="669" HPOS="834"/>
							<String ID="string_181" HPOS="846" VPOS="669" WIDTH="36" HEIGHT="20" WC="0.96" CONTENT="för"/><SP WIDTH="12" VPOS="669" HPOS="882"/>
							<String ID="string_182" HPOS="894" VPOS="669" WIDTH="90" HEIGHT="20" WC="0.93" CONTENT="mindre"/><SP WIDTH="11" VPOS="669" HPOS="984"/>
							<String ID="string_183" HPOS="995" VPOS="668" WIDTH="37" HEIGHT="20" WC="0.92" CONTENT="be-"/><SP WIDTH="146" VPOS="668" HPOS="1032"/>
							<String ID="string_184" HPOS="1178" VPOS="672" WIDTH="43" HEIGHT="20" WC="0.95" CONTENT="465"/><SP WIDTH="-1" VPOS="672" HPOS="1221"/>
							<String ID="string_185" HPOS="1220" VPOS="665" WIDTH="22" HEIGHT="34" WC="0.95" CONTENT="|"/><SP WIDTH="2" VPOS="665" HPOS="1242"/>
							<String ID="string_186" HPOS="1244" VPOS="672" WIDTH="43" HEIGHT="20" WC="0.96" CONTENT="600"/>
						</TextLine>
						<TextLine ID="line_22" HPOS="192" VPOS="698" WIDTH="1093" HEIGHT="26">
							<String ID="string_187" HPOS="192" VPOS="700" WIDTH="113" HEIGHT="24" WC="0.93" CONTENT="medlade,"/><SP WIDTH="12" VPOS="700" HPOS="305"/>
							<String ID="string_188" HPOS="317" VPOS="700" WIDTH="112" HEIGHT="20" WC="0.92" CONTENT="barnrika"/><SP WIDTH="12" VPOS="700" HPOS="429"/>
							<String ID="string_189" HPOS="441" VPOS="700" WIDTH="103" HEIGHT="24" WC="0.96" CONTENT="familjer"/><SP WIDTH="12" VPOS="700" HPOS="544"/>
							<String ID="string_190" HPOS="556" VPOS="699" WIDTH="27" HEIGHT="20" WC="0.96" CONTENT="37"/><SP WIDTH="10" VPOS="699" HPOS="583"/>
							<String ID="string_191" HPOS="593" VPOS="699" WIDTH="41" HEIGHT="20" WC="0.96" CONTENT="000"/><SP WIDTH="10" VPOS="699" HPOS="634"/>
							<String ID="string_192" HPOS="644" VPOS="699" WIDTH="42" HEIGHT="20" WC="0.93" CONTENT="000"/><SP WIDTH="13" VPOS="699" HPOS="686"/>
							<String ID="string_193" HPOS="699" VPOS="699" WIDTH="42" HEIGHT="23" WC="0.92" CONTENT="kr.,"/><SP WIDTH="12" VPOS="699" HPOS="741"/>
							<String ID="string_194" HPOS="753" VPOS="699" WIDTH="35" HEIGHT="20" WC="0.96" CONTENT="till"/><SP WIDTH="12" VPOS="699" HPOS="788"/>
							<String ID="string_195" HPOS="800" VPOS="699" WIDTH="116" HEIGHT="19" WC="0.93" CONTENT="särskilda"/><SP WIDTH="12" VPOS="699" HPOS="916"/>
							<String ID="string_196" HPOS="928" VPOS="698" WIDTH="104" HEIGHT="20" WC="0.92" CONTENT="bostads-"/><SP WIDTH="146" VPOS="698" HPOS="1032"/>
							<String ID="string_197" HPOS="1178" VPOS="702" WIDTH="42" HEIGHT="20" WC="0.96" CONTENT="467"/><SP WIDTH="-1" VPOS="702" HPOS="1220"/>
							<String ID="string_198" HPOS="1219" VPOS="695" WIDTH="21" HEIGHT="33" WC="0.95" CONTENT="|"/><SP WIDTH="4" VPOS="695" HPOS="1240"/>
							<String ID="string_199" HPOS="1244" VPOS="702" WIDTH="41" HEIGHT="20" WC="0.96" CONTENT="601"/>
						</TextLine>
					</TextBlock>
				</ComposedBlock>
				<ComposedBlock ID="cblock_7" HPOS="190" VPOS="728" WIDTH="842" HEIGHT="411">
					<TextBlock ID="block_7" HPOS="190" VPOS="728" WIDTH="842" HEIGHT="411">
						<TextLine ID="line_23" HPOS="192" VPOS="728" WIDTH="840" HEIGHT="26">
							<String ID="string_200" HPOS="192" VPOS="730" WIDTH="103" HEIGHT="20" WC="0.96" CONTENT="rabatter"/><SP WIDTH="16" VPOS="730" HPOS="295"/>
							<String ID="string_201" HPOS="311" VPOS="730" WIDTH="10" HEIGHT="20" WC="0.79" CONTENT="1"/><SP WIDTH="11" VPOS="730" HPOS="321"/>
							<String ID="string_202" HPOS="332" VPOS="729" WIDTH="41" HEIGHT="21" WC="0.79" CONTENT="650"/><SP WIDTH="11" VPOS="729" HPOS="373"/>
							<String ID="string_203" HPOS="384" VPOS="730" WIDTH="41" HEIGHT="20" WC="0.93" CONTENT="000"/><SP WIDTH="15" VPOS="730" HPOS="425"/>
							<String ID="string_204" HPOS="440" VPOS="729" WIDTH="42" HEIGHT="24" WC="0.92" CONTENT="kr.,"/><SP WIDTH="15" VPOS="729" HPOS="482"/>
							<String ID="string_205" HPOS="497" VPOS="729" WIDTH="34" HEIGHT="20" WC="0.96" CONTENT="till"/><SP WIDTH="15" VPOS="729" HPOS="531"/>
							<String ID="string_206" HPOS="546" VPOS="729" WIDTH="82" HEIGHT="25" WC="0.95" CONTENT="bidrag"/><SP WIDTH="14" VPOS="729" HPOS="628"/>
							<String ID="string_207" HPOS="642" VPOS="729" WIDTH="34" HEIGHT="20" WC="0.95" CONTENT="till"/><SP WIDTH="16" VPOS="729" HPOS="676"/>
							<String ID="string_208" HPOS="692" VPOS="728" WIDTH="133" HEIGHT="25" WC="0.96" CONTENT="främjande"/><SP WIDTH="15" VPOS="728" HPOS="825"/>
							<String ID="string_209" HPOS="840" VPOS="734" WIDTH="28" HEIGHT="14" WC="0.93" CONTENT="av"/><SP WIDTH="14" VPOS="734" HPOS="868"/>
							<String ID="string_210" HPOS="882" VPOS="728" WIDTH="150" HEIGHT="24" WC="0.91" CONTENT="bostadsbyg-"/>
						</TextLine>
						<TextLine ID="line_24" HPOS="192" VPOS="758" WIDTH="840" HEIGHT="27">
							<String ID="string_211" HPOS="192" VPOS="760" WIDTH="75" HEIGHT="25" WC="0.96" CONTENT="gande"/><SP WIDTH="12" VPOS="760" HPOS="267"/>
							<String ID="string_212" HPOS="279" VPOS="759" WIDTH="30" HEIGHT="25" WC="0.96" CONTENT="på"/><SP WIDTH="12" VPOS="759" HPOS="309"/>
							<String ID="string_213" HPOS="321" VPOS="759" WIDTH="158" HEIGHT="25" WC="0.96" CONTENT="landsbygden"/><SP WIDTH="13" VPOS="759" HPOS="479"/>
							<String ID="string_214" HPOS="492" VPOS="759" WIDTH="11" HEIGHT="20" WC="0.96" CONTENT="7"/><SP WIDTH="11" VPOS="759" HPOS="503"/>
							<String ID="string_215" HPOS="514" VPOS="759" WIDTH="42" HEIGHT="20" WC="0.96" CONTENT="500"/><SP WIDTH="8" VPOS="759" HPOS="556"/>
							<String ID="string_216" HPOS="564" VPOS="759" WIDTH="42" HEIGHT="20" WC="0.93" CONTENT="000"/><SP WIDTH="14" VPOS="759" HPOS="606"/>
							<String ID="string_217" HPOS="620" VPOS="759" WIDTH="41" HEIGHT="23" WC="0.92" CONTENT="kr.,"/><SP WIDTH="12" VPOS="759" HPOS="661"/>
							<String ID="string_218" HPOS="673" VPOS="759" WIDTH="34" HEIGHT="19" WC="0.96" CONTENT="till"/><SP WIDTH="13" VPOS="759" HPOS="707"/>
							<String ID="string_219" HPOS="720" VPOS="758" WIDTH="81" HEIGHT="25" WC="0.96" CONTENT="bidrag"/><SP WIDTH="11" VPOS="758" HPOS="801"/>
							<String ID="string_220" HPOS="812" VPOS="758" WIDTH="35" HEIGHT="20" WC="0.96" CONTENT="till"/><SP WIDTH="12" VPOS="758" HPOS="847"/>
							<String ID="string_221" HPOS="859" VPOS="758" WIDTH="134" HEIGHT="20" WC="0.96" CONTENT="inrättande"/><SP WIDTH="11" VPOS="758" HPOS="993"/>
							<String ID="string_222" HPOS="1004" VPOS="764" WIDTH="28" HEIGHT="13" WC="0.96" CONTENT="av"/>
						</TextLine>
						<TextLine ID="line_25" HPOS="191" VPOS="787" WIDTH="841" HEIGHT="27">
							<String ID="string_223" HPOS="191" VPOS="789" WIDTH="193" HEIGHT="25" WC="0.91" CONTENT="pensionärshem"/><SP WIDTH="18" VPOS="789" HPOS="384"/>
							<String ID="string_224" HPOS="402" VPOS="789" WIDTH="13" HEIGHT="20" WC="0.95" CONTENT="8"/><SP WIDTH="9" VPOS="789" HPOS="415"/>
							<String ID="string_225" HPOS="424" VPOS="789" WIDTH="42" HEIGHT="20" WC="0.96" CONTENT="000"/><SP WIDTH="10" VPOS="789" HPOS="466"/>
							<String ID="string_226" HPOS="476" VPOS="789" WIDTH="41" HEIGHT="20" WC="0.93" CONTENT="000"/><SP WIDTH="19" VPOS="789" HPOS="517"/>
							<String ID="string_227" HPOS="536" VPOS="789" WIDTH="40" HEIGHT="23" WC="0.91" CONTENT="kr.,"/><SP WIDTH="19" VPOS="789" HPOS="576"/>
							<String ID="string_228" HPOS="595" VPOS="788" WIDTH="34" HEIGHT="20" WC="0.96" CONTENT="till"/><SP WIDTH="19" VPOS="788" HPOS="629"/>
							<String ID="string_229" HPOS="648" VPOS="788" WIDTH="81" HEIGHT="25" WC="0.96" CONTENT="bidrag"/><SP WIDTH="17" VPOS="788" HPOS="729"/>
							<String ID="string_230" HPOS="746" VPOS="788" WIDTH="34" HEIGHT="20" WC="0.96" CONTENT="till"/><SP WIDTH="18" VPOS="788" HPOS="780"/>
							<String ID="string_231" HPOS="798" VPOS="787" WIDTH="149" HEIGHT="25" WC="0.90" CONTENT="jämförande"/><SP WIDTH="17" VPOS="787" HPOS="947"/>
							<String ID="string_232" HPOS="964" VPOS="787" WIDTH="68" HEIGHT="25" WC="0.90" CONTENT="bygg-"/>
						</TextLine>
						<TextLine ID="line_26" HPOS="191" VPOS="817" WIDTH="841" HEIGHT="26">
							<String ID="string_233" HPOS="191" VPOS="818" WIDTH="301" HEIGHT="25" WC="0.91" CONTENT="nadskostnadsutredning"/><SP WIDTH="16" VPOS="818" HPOS="492"/>
							<String ID="string_234" HPOS="508" VPOS="818" WIDTH="27" HEIGHT="20" WC="0.96" CONTENT="50"/><SP WIDTH="11" VPOS="818" HPOS="535"/>
							<String ID="string_235" HPOS="546" VPOS="818" WIDTH="41" HEIGHT="20" WC="0.96" CONTENT="000"/><SP WIDTH="17" VPOS="818" HPOS="587"/>
							<String ID="string_236" HPOS="604" VPOS="818" WIDTH="34" HEIGHT="20" WC="0.96" CONTENT="kr."/><SP WIDTH="18" VPOS="818" HPOS="638"/>
							<String ID="string_237" HPOS="656" VPOS="819" WIDTH="61" HEIGHT="19" WC="0.96" CONTENT="samt"/><SP WIDTH="16" VPOS="819" HPOS="717"/>
							<String ID="string_238" HPOS="733" VPOS="818" WIDTH="34" HEIGHT="20" WC="0.93" CONTENT="till"/><SP WIDTH="18" VPOS="818" HPOS="767"/>
							<String ID="string_239" HPOS="785" VPOS="817" WIDTH="140" HEIGHT="21" WC="0.92" CONTENT="lånefonden"/><SP WIDTH="17" VPOS="817" HPOS="925"/>
							<String ID="string_240" HPOS="942" VPOS="817" WIDTH="36" HEIGHT="20" WC="0.93" CONTENT="för"/><SP WIDTH="16" VPOS="817" HPOS="978"/>
							<String ID="string_241" HPOS="994" VPOS="817" WIDTH="38" HEIGHT="20" WC="0.92" CONTENT="bo-"/>
						</TextLine>
						<TextLine ID="line_27" HPOS="192" VPOS="847" WIDTH="840" HEIGHT="27">
							<String ID="string_242" HPOS="192" VPOS="848" WIDTH="186" HEIGHT="26" WC="0.90" CONTENT="stadsbyggande"/><SP WIDTH="10" VPOS="848" HPOS="378"/>
							<String ID="string_243" HPOS="388" VPOS="848" WIDTH="42" HEIGHT="20" WC="0.96" CONTENT="265"/><SP WIDTH="10" VPOS="848" HPOS="430"/>
							<String ID="string_244" HPOS="440" VPOS="848" WIDTH="41" HEIGHT="20" WC="0.96" CONTENT="000"/><SP WIDTH="10" VPOS="848" HPOS="481"/>
							<String ID="string_245" HPOS="491" VPOS="848" WIDTH="41" HEIGHT="20" WC="0.93" CONTENT="000"/><SP WIDTH="12" VPOS="848" HPOS="532"/>
							<String ID="string_246" HPOS="544" VPOS="848" WIDTH="44" HEIGHT="23" WC="0.92" CONTENT="kr.;"/><SP WIDTH="12" VPOS="848" HPOS="588"/>
							<String ID="string_247" HPOS="600" VPOS="848" WIDTH="43" HEIGHT="20" WC="0.93" CONTENT="och"/><SP WIDTH="11" VPOS="848" HPOS="643"/>
							<String ID="string_248" HPOS="654" VPOS="848" WIDTH="116" HEIGHT="24" WC="0.92" CONTENT="medgiver"/><SP WIDTH="10" VPOS="848" HPOS="770"/>
							<String ID="string_249" HPOS="780" VPOS="847" WIDTH="47" HEIGHT="23" WC="0.92" CONTENT="RD,"/><SP WIDTH="11" VPOS="847" HPOS="827"/>
							<String ID="string_250" HPOS="838" VPOS="848" WIDTH="34" HEIGHT="19" WC="0.96" CONTENT="att"/><SP WIDTH="9" VPOS="848" HPOS="872"/>
							<String ID="string_251" HPOS="881" VPOS="847" WIDTH="151" HEIGHT="24" WC="0.96" CONTENT="preliminära"/>
						</TextLine>
						<TextLine ID="line_28" HPOS="190" VPOS="877" WIDTH="842" HEIGHT="26">
							<String ID="string_252" HPOS="190" VPOS="878" WIDTH="77" HEIGHT="20" WC="0.95" CONTENT="beslut"/><SP WIDTH="18" VPOS="878" HPOS="267"/>
							<String ID="string_253" HPOS="285" VPOS="883" WIDTH="52" HEIGHT="20" WC="0.95" CONTENT="ang."/><SP WIDTH="19" VPOS="883" HPOS="337"/>
							<String ID="string_254" HPOS="356" VPOS="878" WIDTH="45" HEIGHT="23" WC="0.96" CONTENT="lån,"/><SP WIDTH="18" VPOS="878" HPOS="401"/>
							<String ID="string_255" HPOS="419" VPOS="884" WIDTH="51" HEIGHT="14" WC="0.96" CONTENT="som"/><SP WIDTH="18" VPOS="884" HPOS="470"/>
							<String ID="string_256" HPOS="488" VPOS="878" WIDTH="66" HEIGHT="20" WC="0.96" CONTENT="skola"/><SP WIDTH="17" VPOS="878" HPOS="554"/>
							<String ID="string_257" HPOS="571" VPOS="877" WIDTH="55" HEIGHT="25" WC="0.96" CONTENT="utgå"/><SP WIDTH="19" VPOS="877" HPOS="626"/>
							<String ID="string_258" HPOS="645" VPOS="877" WIDTH="52" HEIGHT="20" WC="0.92" CONTENT="från"/><SP WIDTH="19" VPOS="877" HPOS="697"/>
							<String ID="string_259" HPOS="716" VPOS="877" WIDTH="140" HEIGHT="20" WC="0.92" CONTENT="lånefonden"/><SP WIDTH="18" VPOS="877" HPOS="856"/>
							<String ID="string_260" HPOS="874" VPOS="877" WIDTH="37" HEIGHT="19" WC="0.93" CONTENT="för"/><SP WIDTH="17" VPOS="877" HPOS="911"/>
							<String ID="string_261" HPOS="928" VPOS="877" WIDTH="104" HEIGHT="19" WC="0.92" CONTENT="bostads-"/>
						</TextLine>
						<TextLine ID="line_29" HPOS="191" VPOS="906" WIDTH="841" HEIGHT="27">
							<String ID="string_262" HPOS="191" VPOS="908" WIDTH="128" HEIGHT="25" WC="0.96" CONTENT="byggande,"/><SP WIDTH="15" VPOS="908" HPOS="319"/>
							<String ID="string_263" HPOS="334" VPOS="907" WIDTH="38" HEIGHT="20" WC="0.95" CONTENT="må"/><SP WIDTH="15" VPOS="907" HPOS="372"/>
							<String ID="string_264" HPOS="387" VPOS="907" WIDTH="36" HEIGHT="20" WC="0.96" CONTENT="för"/><SP WIDTH="14" VPOS="907" HPOS="423"/>
							<String ID="string_265" HPOS="437" VPOS="907" WIDTH="137" HEIGHT="25" WC="0.93" CONTENT="budgetåret"/><SP WIDTH="16" VPOS="907" HPOS="574"/>
							<String ID="string_266" HPOS="590" VPOS="907" WIDTH="90" HEIGHT="20" WC="0.92" CONTENT="1951/52"/><SP WIDTH="15" VPOS="907" HPOS="680"/>
							<String ID="string_267" HPOS="695" VPOS="907" WIDTH="118" HEIGHT="20" WC="0.96" CONTENT="meddelas"/><SP WIDTH="14" VPOS="907" HPOS="813"/>
							<String ID="string_268" HPOS="827" VPOS="907" WIDTH="61" HEIGHT="19" WC="0.96" CONTENT="intill"/><SP WIDTH="15" VPOS="907" HPOS="888"/>
							<String ID="string_269" HPOS="903" VPOS="907" WIDTH="32" HEIGHT="20" WC="0.96" CONTENT="ett"/><SP WIDTH="13" VPOS="907" HPOS="935"/>
							<String ID="string_270" HPOS="948" VPOS="906" WIDTH="84" HEIGHT="25" WC="0.95" CONTENT="belopp"/>
						</TextLine>
						<TextLine ID="line_30" HPOS="191" VPOS="936" WIDTH="841" HEIGHT="26">
							<String ID="string_271" HPOS="191" VPOS="944" WIDTH="28" HEIGHT="14" WC="0.96" CONTENT="av"/><SP WIDTH="18" VPOS="944" HPOS="219"/>
							<String ID="string_272" HPOS="237" VPOS="938" WIDTH="42" HEIGHT="20" WC="0.95" CONTENT="370"/><SP WIDTH="10" VPOS="938" HPOS="279"/>
							<String ID="string_273" HPOS="289" VPOS="937" WIDTH="42" HEIGHT="21" WC="0.96" CONTENT="000"/><SP WIDTH="9" VPOS="937" HPOS="331"/>
							<String ID="string_274" HPOS="340" VPOS="937" WIDTH="42" HEIGHT="21" WC="0.96" CONTENT="000"/><SP WIDTH="20" VPOS="937" HPOS="382"/>
							<String ID="string_275" HPOS="402" VPOS="937" WIDTH="34" HEIGHT="20" WC="0.96" CONTENT="kr."/><SP WIDTH="19" VPOS="937" HPOS="436"/>
							<String ID="string_276" HPOS="455" VPOS="938" WIDTH="61" HEIGHT="19" WC="0.96" CONTENT="samt"/><SP WIDTH="18" VPOS="938" HPOS="516"/>
							<String ID="string_277" HPOS="534" VPOS="938" WIDTH="34" HEIGHT="19" WC="0.96" CONTENT="att"/><SP WIDTH="18" VPOS="938" HPOS="568"/>
							<String ID="string_278" HPOS="586" VPOS="937" WIDTH="151" HEIGHT="25" WC="0.96" CONTENT="preliminära"/><SP WIDTH="17" VPOS="937" HPOS="737"/>
							<String ID="string_279" HPOS="754" VPOS="936" WIDTH="77" HEIGHT="21" WC="0.96" CONTENT="beslut"/><SP WIDTH="17" VPOS="936" HPOS="831"/>
							<String ID="string_280" HPOS="848" VPOS="941" WIDTH="51" HEIGHT="20" WC="0.96" CONTENT="ang."/><SP WIDTH="19" VPOS="941" HPOS="899"/>
							<String ID="string_281" HPOS="918" VPOS="936" WIDTH="46" HEIGHT="24" WC="0.95" CONTENT="lån,"/><SP WIDTH="18" VPOS="936" HPOS="964"/>
							<String ID="string_282" HPOS="982" VPOS="942" WIDTH="50" HEIGHT="14" WC="0.96" CONTENT="som"/>
						</TextLine>
						<TextLine ID="line_31" HPOS="192" VPOS="966" WIDTH="840" HEIGHT="26">
							<String ID="string_283" HPOS="192" VPOS="968" WIDTH="66" HEIGHT="19" WC="0.96" CONTENT="skola"/><SP WIDTH="10" VPOS="968" HPOS="258"/>
							<String ID="string_284" HPOS="268" VPOS="967" WIDTH="55" HEIGHT="25" WC="0.96" CONTENT="utgå"/><SP WIDTH="12" VPOS="967" HPOS="323"/>
							<String ID="string_285" HPOS="335" VPOS="967" WIDTH="53" HEIGHT="20" WC="0.96" CONTENT="från"/><SP WIDTH="11" VPOS="967" HPOS="388"/>
							<String ID="string_286" HPOS="399" VPOS="967" WIDTH="105" HEIGHT="25" WC="0.96" CONTENT="anslaget"/><SP WIDTH="10" VPOS="967" HPOS="504"/>
							<String ID="string_287" HPOS="514" VPOS="967" WIDTH="35" HEIGHT="20" WC="0.93" CONTENT="till"/><SP WIDTH="11" VPOS="967" HPOS="549"/>
							<String ID="string_288" HPOS="560" VPOS="966" WIDTH="132" HEIGHT="25" WC="0.91" CONTENT="tilläggslån"/><SP WIDTH="11" VPOS="966" HPOS="692"/>
							<String ID="string_289" HPOS="703" VPOS="967" WIDTH="35" HEIGHT="19" WC="0.96" CONTENT="till"/><SP WIDTH="11" VPOS="967" HPOS="738"/>
							<String ID="string_290" HPOS="749" VPOS="966" WIDTH="47" HEIGHT="20" WC="0.93" CONTENT="viss"/><SP WIDTH="10" VPOS="966" HPOS="796"/>
							<String ID="string_291" HPOS="806" VPOS="966" WIDTH="226" HEIGHT="25" WC="0.91" CONTENT="bostadsbyggnads-"/>
						</TextLine>
						<TextLine ID="line_32" HPOS="191" VPOS="995" WIDTH="841" HEIGHT="26">
							<String ID="string_292" HPOS="191" VPOS="997" WIDTH="156" HEIGHT="23" WC="0.96" CONTENT="verksamhet,"/><SP WIDTH="12" VPOS="997" HPOS="347"/>
							<String ID="string_293" HPOS="359" VPOS="997" WIDTH="38" HEIGHT="19" WC="0.96" CONTENT="må"/><SP WIDTH="11" VPOS="997" HPOS="397"/>
							<String ID="string_294" HPOS="408" VPOS="997" WIDTH="36" HEIGHT="19" WC="0.96" CONTENT="för"/><SP WIDTH="11" VPOS="997" HPOS="444"/>
							<String ID="string_295" HPOS="455" VPOS="996" WIDTH="137" HEIGHT="25" WC="0.91" CONTENT="budgetåret"/><SP WIDTH="12" VPOS="996" HPOS="592"/>
							<String ID="string_296" HPOS="604" VPOS="996" WIDTH="90" HEIGHT="20" WC="0.91" CONTENT="1951/52"/><SP WIDTH="12" VPOS="996" HPOS="694"/>
							<String ID="string_297" HPOS="706" VPOS="996" WIDTH="117" HEIGHT="20" WC="0.96" CONTENT="meddelas"/><SP WIDTH="11" VPOS="996" HPOS="823"/>
							<String ID="string_298" HPOS="834" VPOS="996" WIDTH="61" HEIGHT="20" WC="0.95" CONTENT="intill"/><SP WIDTH="11" VPOS="996" HPOS="895"/>
							<String ID="string_299" HPOS="906" VPOS="997" WIDTH="33" HEIGHT="19" WC="0.96" CONTENT="ett"/><SP WIDTH="10" VPOS="997" HPOS="939"/>
							<String ID="string_300" HPOS="949" VPOS="995" WIDTH="83" HEIGHT="25" WC="0.96" CONTENT="belopp"/>
						</TextLine>
						<TextLine ID="line_33" HPOS="191" VPOS="1025" WIDTH="841" HEIGHT="24">
							<String ID="string_301" HPOS="191" VPOS="1032" WIDTH="28" HEIGHT="14" WC="0.96" CONTENT="av"/><SP WIDTH="17" VPOS="1032" HPOS="219"/>
							<String ID="string_302" HPOS="236" VPOS="1027" WIDTH="28" HEIGHT="19" WC="0.95" CONTENT="34"/><SP WIDTH="9" VPOS="1027" HPOS="264"/>
							<String ID="string_303" HPOS="273" VPOS="1027" WIDTH="41" HEIGHT="19" WC="0.95" CONTENT="000"/><SP WIDTH="10" VPOS="1027" HPOS="314"/>
							<String ID="string_304" HPOS="324" VPOS="1026" WIDTH="42" HEIGHT="20" WC="0.93" CONTENT="000"/><SP WIDTH="18" VPOS="1026" HPOS="366"/>
							<String ID="string_305" HPOS="384" VPOS="1027" WIDTH="45" HEIGHT="22" WC="0.92" CONTENT="kr.;"/><SP WIDTH="19" VPOS="1027" HPOS="429"/>
							<String ID="string_306" HPOS="448" VPOS="1026" WIDTH="44" HEIGHT="19" WC="0.96" CONTENT="och"/><SP WIDTH="17" VPOS="1026" HPOS="492"/>
							<String ID="string_307" HPOS="509" VPOS="1026" WIDTH="93" HEIGHT="19" WC="0.93" CONTENT="anvisar"/><SP WIDTH="18" VPOS="1026" HPOS="602"/>
							<String ID="string_308" HPOS="620" VPOS="1026" WIDTH="38" HEIGHT="19" WC="0.91" CONTENT="RD"/><SP WIDTH="18" VPOS="1026" HPOS="658"/>
							<String ID="string_309" HPOS="676" VPOS="1026" WIDTH="35" HEIGHT="19" WC="0.96" CONTENT="till"/><SP WIDTH="18" VPOS="1026" HPOS="711"/>
							<String ID="string_310" HPOS="729" VPOS="1025" WIDTH="38" HEIGHT="20" WC="0.96" CONTENT="lån"/><SP WIDTH="17" VPOS="1025" HPOS="767"/>
							<String ID="string_311" HPOS="784" VPOS="1026" WIDTH="34" HEIGHT="19" WC="0.96" CONTENT="till"/><SP WIDTH="18" VPOS="1026" HPOS="818"/>
							<String ID="string_312" HPOS="836" VPOS="1025" WIDTH="152" HEIGHT="20" WC="0.96" CONTENT="anordnande"/><SP WIDTH="16" VPOS="1025" HPOS="988"/>
							<String ID="string_313" HPOS="1004" VPOS="1031" WIDTH="28" HEIGHT="13" WC="0.96" CONTENT="av"/>
						</TextLine>
						<TextLine ID="line_34" HPOS="190" VPOS="1054" WIDTH="842" HEIGHT="26">
							<String ID="string_314" HPOS="190" VPOS="1056" WIDTH="127" HEIGHT="20" WC="0.93" CONTENT="kollektiva"/><SP WIDTH="20" VPOS="1056" HPOS="317"/>
							<String ID="string_315" HPOS="337" VPOS="1056" WIDTH="120" HEIGHT="19" WC="0.91" CONTENT="tvätterier"/><SP WIDTH="21" VPOS="1056" HPOS="457"/>
							<String ID="string_316" HPOS="478" VPOS="1055" WIDTH="62" HEIGHT="20" WC="0.91" CONTENT="1500"/><SP WIDTH="11" VPOS="1055" HPOS="540"/>
							<String ID="string_317" HPOS="551" VPOS="1055" WIDTH="41" HEIGHT="20" WC="0.91" CONTENT="000"/><SP WIDTH="21" VPOS="1055" HPOS="592"/>
							<String ID="string_318" HPOS="613" VPOS="1055" WIDTH="42" HEIGHT="23" WC="0.92" CONTENT="kr.,"/><SP WIDTH="20" VPOS="1055" HPOS="655"/>
							<String ID="string_319" HPOS="675" VPOS="1055" WIDTH="34" HEIGHT="20" WC="0.91" CONTENT="till"/><SP WIDTH="20" VPOS="1055" HPOS="709"/>
							<String ID="string_320" HPOS="729" VPOS="1054" WIDTH="221" HEIGHT="26" WC="0.91" CONTENT="bostadsstyrelsen:"/><SP WIDTH="22" VPOS="1054" HPOS="950"/>
							<String ID="string_321" HPOS="972" VPOS="1054" WIDTH="60" HEIGHT="20" WC="0.92" CONTENT="avlö-"/>
						</TextLine>
						<TextLine ID="line_35" HPOS="190" VPOS="1083" WIDTH="842" HEIGHT="28">
							<String ID="string_322" HPOS="190" VPOS="1086" WIDTH="84" HEIGHT="25" WC="0.96" CONTENT="ningar"/><SP WIDTH="17" VPOS="1086" HPOS="274"/>
							<String ID="string_323" HPOS="291" VPOS="1086" WIDTH="12" HEIGHT="19" WC="0.82" CONTENT="2"/><SP WIDTH="10" VPOS="1086" HPOS="303"/>
							<String ID="string_324" HPOS="313" VPOS="1085" WIDTH="41" HEIGHT="21" WC="0.82" CONTENT="237"/><SP WIDTH="11" VPOS="1085" HPOS="354"/>
							<String ID="string_325" HPOS="365" VPOS="1085" WIDTH="42" HEIGHT="20" WC="0.96" CONTENT="000"/><SP WIDTH="17" VPOS="1085" HPOS="407"/>
							<String ID="string_326" HPOS="424" VPOS="1085" WIDTH="34" HEIGHT="20" WC="0.92" CONTENT="kr."/><SP WIDTH="18" VPOS="1085" HPOS="458"/>
							<String ID="string_327" HPOS="476" VPOS="1085" WIDTH="43" HEIGHT="19" WC="0.96" CONTENT="och"/><SP WIDTH="17" VPOS="1085" HPOS="519"/>
							<String ID="string_328" HPOS="536" VPOS="1085" WIDTH="167" HEIGHT="19" WC="0.96" CONTENT="omkostnader"/><SP WIDTH="17" VPOS="1085" HPOS="703"/>
							<String ID="string_329" HPOS="720" VPOS="1084" WIDTH="41" HEIGHT="20" WC="0.95" CONTENT="432"/><SP WIDTH="10" VPOS="1084" HPOS="761"/>
							<String ID="string_330" HPOS="771" VPOS="1084" WIDTH="42" HEIGHT="20" WC="0.93" CONTENT="000"/><SP WIDTH="18" VPOS="1084" HPOS="813"/>
							<String ID="string_331" HPOS="831" VPOS="1084" WIDTH="41" HEIGHT="24" WC="0.92" CONTENT="kr.,"/><SP WIDTH="17" VPOS="1084" HPOS="872"/>
							<String ID="string_332" HPOS="889" VPOS="1084" WIDTH="35" HEIGHT="20" WC="0.93" CONTENT="till"/><SP WIDTH="17" VPOS="1084" HPOS="924"/>
							<String ID="string_333" HPOS="941" VPOS="1083" WIDTH="91" HEIGHT="21" WC="0.92" CONTENT="länsbo-"/>
						</TextLine>
						<TextLine ID="line_36" HPOS="190" VPOS="1114" WIDTH="842" HEIGHT="25">
							<String ID="string_334" HPOS="190" VPOS="1115" WIDTH="223" HEIGHT="20" WC="0.89" CONTENT="stadsnämnderna:"/><SP WIDTH="26" VPOS="1115" HPOS="413"/>
							<String ID="string_335" HPOS="439" VPOS="1114" WIDTH="136" HEIGHT="25" WC="0.91" CONTENT="avlöningar"/><SP WIDTH="26" VPOS="1114" HPOS="575"/>
							<String ID="string_336" HPOS="601" VPOS="1114" WIDTH="62" HEIGHT="20" WC="0.69" CONTENT="1660"/><SP WIDTH="10" VPOS="1114" HPOS="663"/>
							<String ID="string_337" HPOS="673" VPOS="1114" WIDTH="42" HEIGHT="20" WC="0.69" CONTENT="000"/><SP WIDTH="25" VPOS="1114" HPOS="715"/>
							<String ID="string_338" HPOS="740" VPOS="1114" WIDTH="34" HEIGHT="20" WC="0.93" CONTENT="kr."/><SP WIDTH="24" VPOS="1114" HPOS="774"/>
							<String ID="string_339" HPOS="798" VPOS="1114" WIDTH="44" HEIGHT="20" WC="0.96" CONTENT="och"/><SP WIDTH="24" VPOS="1114" HPOS="842"/>
							<String ID="string_340" HPOS="866" VPOS="1114" WIDTH="166" HEIGHT="20" WC="0.95" CONTENT="omkostnader"/>
						</TextLine>
					</TextBlock>
				</ComposedBlock>
				<ComposedBlock ID="cblock_8" HPOS="164" VPOS="1145" WIDTH="1556" HEIGHT="172">
					<TextBlock ID="block_8" HPOS="164" VPOS="1145" WIDTH="1556" HEIGHT="172">
						<TextLine ID="line_37" HPOS="190" VPOS="1145" WIDTH="140" HEIGHT="20">
							<String ID="string_341" HPOS="190" VPOS="1145" WIDTH="42" HEIGHT="20" WC="0.94" CONTENT="565"/><SP WIDTH="10" VPOS="1145" HPOS="232"/>
							<String ID="string_342" HPOS="242" VPOS="1145" WIDTH="42" HEIGHT="20" WC="0.95" CONTENT="000"/><SP WIDTH="11" VPOS="1145" HPOS="284"/>
							<String ID="string_343" HPOS="295" VPOS="1145" WIDTH="35" HEIGHT="20" WC="0.95" CONTENT="kr."/>
						</TextLine>
						<TextLine ID="line_38" HPOS="164" VPOS="1202" WIDTH="1556" HEIGHT="27">
							<String ID="string_344" HPOS="164" VPOS="1210" WIDTH="7" HEIGHT="14" WC="0.93" CONTENT="1"/><SP WIDTH="20" VPOS="1210" HPOS="171"/>
							<String ID="string_345" HPOS="191" VPOS="1204" WIDTH="39" HEIGHT="20" WC="0.89" CONTENT="RD"/><SP WIDTH="15" VPOS="1204" HPOS="230"/>
							<String ID="string_346" HPOS="245" VPOS="1203" WIDTH="136" HEIGHT="26" WC="0.96" CONTENT="godkänner"/><SP WIDTH="15" VPOS="1203" HPOS="381"/>
							<String ID="string_347" HPOS="396" VPOS="1204" WIDTH="44" HEIGHT="19" WC="0.96" CONTENT="vad"/><SP WIDTH="16" VPOS="1204" HPOS="440"/>
							<String ID="string_348" HPOS="456" VPOS="1203" WIDTH="174" HEIGHT="21" WC="0.96" CONTENT="statsutskottet"/><SP WIDTH="16" VPOS="1203" HPOS="630"/>
							<String ID="string_349" HPOS="646" VPOS="1203" WIDTH="79" HEIGHT="20" WC="0.96" CONTENT="anfört"/><SP WIDTH="13" VPOS="1203" HPOS="725"/>
							<String ID="string_350" HPOS="738" VPOS="1202" WIDTH="149" HEIGHT="21" WC="0.96" CONTENT="beträffande"/><SP WIDTH="15" VPOS="1202" HPOS="887"/>
							<String ID="string_351" HPOS="902" VPOS="1203" WIDTH="87" HEIGHT="25" WC="0.93" CONTENT="ökning"/><SP WIDTH="15" VPOS="1203" HPOS="989"/>
							<String ID="string_352" HPOS="1004" VPOS="1208" WIDTH="28" HEIGHT="14" WC="0.52" CONTENT="av|"/><SP WIDTH="23" VPOS="1208" HPOS="1032"/>
							<String ID="string_353" HPOS="1055" VPOS="1204" WIDTH="27" HEIGHT="21" WC="0.66" CONTENT="511"/><SP WIDTH="25" VPOS="1204" HPOS="1082"/>
							<String ID="string_354" HPOS="1107" VPOS="1205" WIDTH="42" HEIGHT="20" WC="0.96" CONTENT="217"/><SP WIDTH="28" VPOS="1205" HPOS="1149"/>
							<String ID="string_355" HPOS="1177" VPOS="1205" WIDTH="43" HEIGHT="20" WC="0.68" CONTENT="1510"/><SP WIDTH="23" VPOS="1205" HPOS="1220"/>
							<String ID="string_356" HPOS="1243" VPOS="1205" WIDTH="43" HEIGHT="20" WC="0.66" CONTENT="|653]"/><SP WIDTH="41" VPOS="1205" HPOS="1286"/>
							<String ID="string_357" HPOS="1327" VPOS="1205" WIDTH="13" HEIGHT="20" WC="0.67" CONTENT="6|"/><SP WIDTH="22" VPOS="1205" HPOS="1340"/>
							<String ID="string_358" HPOS="1362" VPOS="1216" WIDTH="26" HEIGHT="3" WC="0.56" CONTENT="—|"/><SP WIDTH="16" VPOS="1216" HPOS="1388"/>
							<String ID="string_359" HPOS="1404" VPOS="1205" WIDTH="158" HEIGHT="20" WC="0.56" CONTENT="1921363133:"/><SP WIDTH="28" VPOS="1205" HPOS="1562"/>
							<String ID="string_360" HPOS="1590" VPOS="1204" WIDTH="73" HEIGHT="21" WC="0.13" CONTENT="-9d/33:"/><SP WIDTH="17" VPOS="1204" HPOS="1663"/>
							<String ID="string_361" HPOS="1680" VPOS="1205" WIDTH="40" HEIGHT="20" WC="0.24" CONTENT="13d"/>
						</TextLine>
						<TextLine ID="line_39" HPOS="189" VPOS="1232" WIDTH="1098" HEIGHT="26">
							<String ID="string_362" HPOS="189" VPOS="1233" WIDTH="228" HEIGHT="25" WC="0.96" CONTENT="bostadsbyggandet"/><SP WIDTH="13" VPOS="1233" HPOS="417"/>
							<String ID="string_363" HPOS="430" VPOS="1234" WIDTH="61" HEIGHT="19" WC="0.96" CONTENT="samt"/><SP WIDTH="12" VPOS="1234" HPOS="491"/>
							<String ID="string_364" HPOS="503" VPOS="1233" WIDTH="117" HEIGHT="24" WC="0.96" CONTENT="sänkning"/><SP WIDTH="13" VPOS="1233" HPOS="620"/>
							<String ID="string_365" HPOS="633" VPOS="1239" WIDTH="27" HEIGHT="13" WC="0.93" CONTENT="av"/><SP WIDTH="12" VPOS="1239" HPOS="660"/>
							<String ID="string_366" HPOS="672" VPOS="1232" WIDTH="304" HEIGHT="25" WC="0.90" CONTENT="byggnadsmaterialpriser"/><SP WIDTH="12" VPOS="1232" HPOS="976"/>
							<String ID="string_367" HPOS="988" VPOS="1232" WIDTH="44" HEIGHT="20" WC="0.96" CONTENT="och"/><SP WIDTH="145" VPOS="1232" HPOS="1032"/>
							<String ID="string_368" HPOS="1177" VPOS="1235" WIDTH="43" HEIGHT="20" WC="0.64" CONTENT="512"/><SP WIDTH="2" VPOS="1235" HPOS="1220"/>
							<String ID="string_369" HPOS="1222" VPOS="1228" WIDTH="17" HEIGHT="33" WC="0.55" CONTENT="|"/><SP WIDTH="4" VPOS="1228" HPOS="1239"/>
							<String ID="string_370" HPOS="1243" VPOS="1234" WIDTH="44" HEIGHT="20" WC="0.55" CONTENT="654"/>
						</TextLine>
						<TextLine ID="line_40" HPOS="189" VPOS="1261" WIDTH="1097" HEIGHT="26">
							<String ID="string_371" HPOS="189" VPOS="1263" WIDTH="229" HEIGHT="23" WC="0.91" CONTENT="bränslekostnader,"/><SP WIDTH="16" VPOS="1263" HPOS="418"/>
							<String ID="string_372" HPOS="434" VPOS="1262" WIDTH="149" HEIGHT="20" WC="0.96" CONTENT="beträffande"/><SP WIDTH="15" VPOS="1262" HPOS="583"/>
							<String ID="string_373" HPOS="598" VPOS="1262" WIDTH="84" HEIGHT="20" WC="0.96" CONTENT="villkor"/><SP WIDTH="16" VPOS="1262" HPOS="682"/>
							<String ID="string_374" HPOS="698" VPOS="1262" WIDTH="37" HEIGHT="19" WC="0.96" CONTENT="för"/><SP WIDTH="15" VPOS="1262" HPOS="735"/>
							<String ID="string_375" HPOS="750" VPOS="1261" WIDTH="158" HEIGHT="26" WC="0.96" CONTENT="provisoriska"/><SP WIDTH="17" VPOS="1261" HPOS="908"/>
							<String ID="string_376" HPOS="925" VPOS="1261" WIDTH="106" HEIGHT="26" WC="0.96" CONTENT="åtgärder"/><SP WIDTH="146" VPOS="1261" HPOS="1031"/>
							<String ID="string_377" HPOS="1177" VPOS="1265" WIDTH="43" HEIGHT="19" WC="0.80" CONTENT="513"/><SP WIDTH="2" VPOS="1265" HPOS="1220"/>
							<String ID="string_378" HPOS="1222" VPOS="1258" WIDTH="17" HEIGHT="33" WC="0.15" CONTENT="|"/><SP WIDTH="4" VPOS="1258" HPOS="1239"/>
							<String ID="string_379" HPOS="1243" VPOS="1264" WIDTH="43" HEIGHT="20" WC="0.15" CONTENT="655"/>
						</TextLine>
						<TextLine ID="line_41" HPOS="190" VPOS="1291" WIDTH="1096" HEIGHT="26">
							<String ID="string_380" HPOS="190" VPOS="1292" WIDTH="37" HEIGHT="20" WC="0.96" CONTENT="för"/><SP WIDTH="18" VPOS="1292" HPOS="227"/>
							<String ID="string_381" HPOS="245" VPOS="1292" WIDTH="51" HEIGHT="20" WC="0.96" CONTENT="stöd"/><SP WIDTH="19" VPOS="1292" HPOS="296"/>
							<String ID="string_382" HPOS="315" VPOS="1292" WIDTH="24" HEIGHT="20" WC="0.96" CONTENT="åt"/><SP WIDTH="17" VPOS="1292" HPOS="339"/>
							<String ID="string_383" HPOS="356" VPOS="1292" WIDTH="235" HEIGHT="25" WC="0.96" CONTENT="bostadsbyggandet,"/><SP WIDTH="17" VPOS="1292" HPOS="591"/>
							<String ID="string_384" HPOS="608" VPOS="1291" WIDTH="149" HEIGHT="21" WC="0.93" CONTENT="beträffande"/><SP WIDTH="17" VPOS="1291" HPOS="757"/>
							<String ID="string_385" HPOS="774" VPOS="1291" WIDTH="133" HEIGHT="25" WC="0.92" CONTENT="tilläggslån"/><SP WIDTH="18" VPOS="1291" HPOS="907"/>
							<String ID="string_386" HPOS="925" VPOS="1291" WIDTH="36" HEIGHT="20" WC="0.88" CONTENT="för"/><SP WIDTH="17" VPOS="1291" HPOS="961"/>
							<String ID="string_387" HPOS="978" VPOS="1291" WIDTH="54" HEIGHT="20" WC="0.88" CONTENT="fler-"/><SP WIDTH="145" VPOS="1291" HPOS="1032"/>
							<String ID="string_388" HPOS="1177" VPOS="1294" WIDTH="44" HEIGHT="20" WC="0.68" CONTENT="514"/><SP WIDTH="22" VPOS="1294" HPOS="1221"/>
							<String ID="string_389" HPOS="1243" VPOS="1294" WIDTH="43" HEIGHT="20" WC="0.58" CONTENT="1656"/>
						</TextLine>
					</TextBlock>
				</ComposedBlock>
				<ComposedBlock ID="cblock_9" HPOS="161" VPOS="1320" WIDTH="1558" HEIGHT="441">
					<TextBlock ID="block_9" HPOS="189" VPOS="1320" WIDTH="843" HEIGHT="382">
						<TextLine ID="line_42" HPOS="190" VPOS="1320" WIDTH="840" HEIGHT="26">
							<String ID="string_390" HPOS="190" VPOS="1322" WIDTH="144" HEIGHT="24" WC="0.91" CONTENT="familjshus,"/><SP WIDTH="17" VPOS="1322" HPOS="334"/>
							<String ID="string_391" HPOS="351" VPOS="1321" WIDTH="148" HEIGHT="20" WC="0.93" CONTENT="beträffande"/><SP WIDTH="17" VPOS="1321" HPOS="499"/>
							<String ID="string_392" HPOS="516" VPOS="1321" WIDTH="166" HEIGHT="25" WC="0.92" CONTENT="egnahemslån"/><SP WIDTH="17" VPOS="1321" HPOS="682"/>
							<String ID="string_393" HPOS="699" VPOS="1322" WIDTH="61" HEIGHT="19" WC="0.96" CONTENT="samt"/><SP WIDTH="16" VPOS="1322" HPOS="760"/>
							<String ID="string_394" HPOS="776" VPOS="1320" WIDTH="148" HEIGHT="21" WC="0.96" CONTENT="beträffande"/><SP WIDTH="17" VPOS="1320" HPOS="924"/>
							<String ID="string_395" HPOS="941" VPOS="1321" WIDTH="39" HEIGHT="19" WC="0.96" CONTENT="lån"/><SP WIDTH="16" VPOS="1321" HPOS="980"/>
							<String ID="string_396" HPOS="996" VPOS="1321" WIDTH="34" HEIGHT="20" WC="0.96" CONTENT="till"/>
						</TextLine>
						<TextLine ID="line_43" HPOS="190" VPOS="1350" WIDTH="842" HEIGHT="26">
							<String ID="string_397" HPOS="190" VPOS="1351" WIDTH="141" HEIGHT="20" WC="0.96" CONTENT="bostadshus"/><SP WIDTH="13" VPOS="1351" HPOS="331"/>
							<String ID="string_398" HPOS="344" VPOS="1351" WIDTH="36" HEIGHT="20" WC="0.93" CONTENT="för"/><SP WIDTH="12" VPOS="1351" HPOS="380"/>
							<String ID="string_399" HPOS="392" VPOS="1351" WIDTH="246" HEIGHT="25" WC="0.91" CONTENT="sjukvårdspersonal;"/><SP WIDTH="13" VPOS="1351" HPOS="638"/>
							<String ID="string_400" HPOS="651" VPOS="1351" WIDTH="43" HEIGHT="19" WC="0.96" CONTENT="och"/><SP WIDTH="11" VPOS="1351" HPOS="694"/>
							<String ID="string_401" HPOS="705" VPOS="1351" WIDTH="136" HEIGHT="24" WC="0.93" CONTENT="godkänner"/><SP WIDTH="11" VPOS="1351" HPOS="841"/>
							<String ID="string_402" HPOS="852" VPOS="1351" WIDTH="39" HEIGHT="20" WC="0.92" CONTENT="RD"/><SP WIDTH="12" VPOS="1351" HPOS="891"/>
							<String ID="string_403" HPOS="903" VPOS="1350" WIDTH="129" HEIGHT="21" WC="0.91" CONTENT="beträffan-"/>
						</TextLine>
						<TextLine ID="line_44" HPOS="190" VPOS="1380" WIDTH="841" HEIGHT="26">
							<String ID="string_404" HPOS="190" VPOS="1381" WIDTH="27" HEIGHT="20" WC="0.96" CONTENT="de"/><SP WIDTH="18" VPOS="1381" HPOS="217"/>
							<String ID="string_405" HPOS="235" VPOS="1381" WIDTH="134" HEIGHT="25" WC="0.96" CONTENT="grunderna"/><SP WIDTH="19" VPOS="1381" HPOS="369"/>
							<String ID="string_406" HPOS="388" VPOS="1381" WIDTH="36" HEIGHT="19" WC="0.96" CONTENT="för"/><SP WIDTH="19" VPOS="1381" HPOS="424"/>
							<String ID="string_407" HPOS="443" VPOS="1381" WIDTH="43" HEIGHT="19" WC="0.96" CONTENT="den"/><SP WIDTH="20" VPOS="1381" HPOS="486"/>
							<String ID="string_408" HPOS="506" VPOS="1380" WIDTH="93" HEIGHT="25" WC="0.93" CONTENT="statliga"/><SP WIDTH="18" VPOS="1380" HPOS="599"/>
							<String ID="string_409" HPOS="617" VPOS="1380" WIDTH="62" HEIGHT="20" WC="0.92" CONTENT="låne-"/><SP WIDTH="18" VPOS="1380" HPOS="679"/>
							<String ID="string_410" HPOS="697" VPOS="1380" WIDTH="43" HEIGHT="20" WC="0.92" CONTENT="och"/><SP WIDTH="18" VPOS="1380" HPOS="740"/>
							<String ID="string_411" HPOS="758" VPOS="1380" WIDTH="273" HEIGHT="25" WC="0.91" CONTENT="bidragsverksamheten"/>
						</TextLine>
						<TextLine ID="line_45" HPOS="190" VPOS="1410" WIDTH="841" HEIGHT="25">
							<String ID="string_412" HPOS="190" VPOS="1411" WIDTH="34" HEIGHT="20" WC="0.95" CONTENT="till"/><SP WIDTH="17" VPOS="1411" HPOS="224"/>
							<String ID="string_413" HPOS="241" VPOS="1410" WIDTH="94" HEIGHT="20" WC="0.96" CONTENT="förmån"/><SP WIDTH="16" VPOS="1410" HPOS="335"/>
							<String ID="string_414" HPOS="351" VPOS="1410" WIDTH="36" HEIGHT="20" WC="0.93" CONTENT="för"/><SP WIDTH="16" VPOS="1410" HPOS="387"/>
							<String ID="string_415" HPOS="403" VPOS="1410" WIDTH="271" HEIGHT="25" WC="0.92" CONTENT="bostadsförsörjningen"/><SP WIDTH="16" VPOS="1410" HPOS="674"/>
							<String ID="string_416" HPOS="690" VPOS="1411" WIDTH="7" HEIGHT="19" WC="0.93" CONTENT="i"/><SP WIDTH="17" VPOS="1411" HPOS="697"/>
							<String ID="string_417" HPOS="714" VPOS="1410" WIDTH="256" HEIGHT="24" WC="0.59" CONTENT="statsrådsprotokollet:"/><SP WIDTH="16" VPOS="1410" HPOS="970"/>
							<String ID="string_418" HPOS="986" VPOS="1410" WIDTH="45" HEIGHT="19" WC="0.87" CONTENT="för-"/>
						</TextLine>
						<TextLine ID="line_46" HPOS="189" VPOS="1439" WIDTH="843" HEIGHT="26">
							<String ID="string_419" HPOS="189" VPOS="1440" WIDTH="57" HEIGHT="20" WC="0.96" CONTENT="orda"/><SP WIDTH="15" VPOS="1440" HPOS="246"/>
							<String ID="string_420" HPOS="261" VPOS="1440" WIDTH="128" HEIGHT="25" WC="0.96" CONTENT="ändringar"/><SP WIDTH="14" VPOS="1440" HPOS="389"/>
							<String ID="string_421" HPOS="403" VPOS="1441" WIDTH="34" HEIGHT="19" WC="0.97" CONTENT="att"/><SP WIDTH="14" VPOS="1441" HPOS="437"/>
							<String ID="string_422" HPOS="451" VPOS="1440" WIDTH="60" HEIGHT="25" WC="0.96" CONTENT="gälla"/><SP WIDTH="15" VPOS="1440" HPOS="511"/>
							<String ID="string_423" HPOS="526" VPOS="1440" WIDTH="28" HEIGHT="20" WC="0.91" CONTENT="fr."/><SP WIDTH="15" VPOS="1440" HPOS="554"/>
							<String ID="string_424" HPOS="569" VPOS="1446" WIDTH="20" HEIGHT="13" WC="0.89" CONTENT="o."/><SP WIDTH="16" VPOS="1446" HPOS="589"/>
							<String ID="string_425" HPOS="605" VPOS="1446" WIDTH="29" HEIGHT="13" WC="0.92" CONTENT="m."/><SP WIDTH="15" VPOS="1446" HPOS="634"/>
							<String ID="string_426" HPOS="649" VPOS="1440" WIDTH="45" HEIGHT="19" WC="0.96" CONTENT="den"/><SP WIDTH="15" VPOS="1440" HPOS="694"/>
							<String ID="string_427" HPOS="709" VPOS="1440" WIDTH="10" HEIGHT="20" WC="0.96" CONTENT="1"/><SP WIDTH="15" VPOS="1440" HPOS="719"/>
							<String ID="string_428" HPOS="734" VPOS="1440" WIDTH="49" HEIGHT="24" WC="0.94" CONTENT="jan."/><SP WIDTH="16" VPOS="1440" HPOS="783"/>
							<String ID="string_429" HPOS="799" VPOS="1439" WIDTH="66" HEIGHT="24" WC="0.96" CONTENT="1952;"/><SP WIDTH="15" VPOS="1439" HPOS="865"/>
							<String ID="string_430" HPOS="880" VPOS="1439" WIDTH="43" HEIGHT="20" WC="0.96" CONTENT="och"/><SP WIDTH="15" VPOS="1439" HPOS="923"/>
							<String ID="string_431" HPOS="938" VPOS="1439" WIDTH="94" HEIGHT="20" WC="0.96" CONTENT="anvisar"/>
						</TextLine>
						<TextLine ID="line_47" HPOS="190" VPOS="1469" WIDTH="841" HEIGHT="26">
							<String ID="string_432" HPOS="190" VPOS="1470" WIDTH="39" HEIGHT="20" WC="0.90" CONTENT="RD"/><SP WIDTH="11" VPOS="1470" HPOS="229"/>
							<String ID="string_433" HPOS="240" VPOS="1470" WIDTH="35" HEIGHT="20" WC="0.92" CONTENT="till"/><SP WIDTH="11" VPOS="1470" HPOS="275"/>
							<String ID="string_434" HPOS="286" VPOS="1469" WIDTH="133" HEIGHT="26" WC="0.91" CONTENT="tilläggslån"/><SP WIDTH="10" VPOS="1469" HPOS="419"/>
							<String ID="string_435" HPOS="429" VPOS="1470" WIDTH="34" HEIGHT="20" WC="0.96" CONTENT="till"/><SP WIDTH="11" VPOS="1470" HPOS="463"/>
							<String ID="string_436" HPOS="474" VPOS="1470" WIDTH="46" HEIGHT="19" WC="0.93" CONTENT="viss"/><SP WIDTH="11" VPOS="1470" HPOS="520"/>
							<String ID="string_437" HPOS="531" VPOS="1469" WIDTH="366" HEIGHT="25" WC="0.90" CONTENT="bostadsbyggnadsverksamhet"/><SP WIDTH="10" VPOS="1469" HPOS="897"/>
							<String ID="string_438" HPOS="907" VPOS="1469" WIDTH="13" HEIGHT="20" WC="0.91" CONTENT="å"/><SP WIDTH="10" VPOS="1469" HPOS="920"/>
							<String ID="string_439" HPOS="930" VPOS="1469" WIDTH="101" HEIGHT="25" WC="0.92" CONTENT="tilläggs-"/>
						</TextLine>
						<TextLine ID="line_48" HPOS="191" VPOS="1499" WIDTH="840" HEIGHT="25">
							<String ID="string_440" HPOS="191" VPOS="1500" WIDTH="46" HEIGHT="20" WC="0.96" CONTENT="stat"/><SP WIDTH="14" VPOS="1500" HPOS="237"/>
							<String ID="string_441" HPOS="251" VPOS="1500" WIDTH="9" HEIGHT="19" WC="0.96" CONTENT="I"/><SP WIDTH="15" VPOS="1500" HPOS="260"/>
							<String ID="string_442" HPOS="275" VPOS="1500" WIDTH="36" HEIGHT="20" WC="0.92" CONTENT="till"/><SP WIDTH="15" VPOS="1500" HPOS="311"/>
							<String ID="string_443" HPOS="326" VPOS="1499" WIDTH="127" HEIGHT="20" WC="0.91" CONTENT="riksstaten"/><SP WIDTH="15" VPOS="1499" HPOS="453"/>
							<String ID="string_444" HPOS="468" VPOS="1499" WIDTH="36" HEIGHT="20" WC="0.96" CONTENT="för"/><SP WIDTH="15" VPOS="1499" HPOS="504"/>
							<String ID="string_445" HPOS="519" VPOS="1499" WIDTH="136" HEIGHT="25" WC="0.93" CONTENT="budgetåret"/><SP WIDTH="16" VPOS="1499" HPOS="655"/>
							<String ID="string_446" HPOS="671" VPOS="1499" WIDTH="90" HEIGHT="20" WC="0.92" CONTENT="1951/52"/><SP WIDTH="16" VPOS="1499" HPOS="761"/>
							<String ID="string_447" HPOS="777" VPOS="1499" WIDTH="26" HEIGHT="20" WC="0.95" CONTENT="50"/><SP WIDTH="10" VPOS="1499" HPOS="803"/>
							<String ID="string_448" HPOS="813" VPOS="1499" WIDTH="42" HEIGHT="20" WC="0.96" CONTENT="000"/><SP WIDTH="9" VPOS="1499" HPOS="855"/>
							<String ID="string_449" HPOS="864" VPOS="1499" WIDTH="42" HEIGHT="20" WC="0.96" CONTENT="000"/><SP WIDTH="15" VPOS="1499" HPOS="906"/>
							<String ID="string_450" HPOS="921" VPOS="1499" WIDTH="34" HEIGHT="20" WC="0.96" CONTENT="kr."/><SP WIDTH="16" VPOS="1499" HPOS="955"/>
							<String ID="string_451" HPOS="971" VPOS="1500" WIDTH="60" HEIGHT="19" WC="0.96" CONTENT="samt"/>
						</TextLine>
						<TextLine ID="line_49" HPOS="190" VPOS="1528" WIDTH="841" HEIGHT="26">
							<String ID="string_452" HPOS="190" VPOS="1529" WIDTH="117" HEIGHT="25" WC="0.92" CONTENT="medgiver"/><SP WIDTH="13" VPOS="1529" HPOS="307"/>
							<String ID="string_453" HPOS="320" VPOS="1529" WIDTH="34" HEIGHT="20" WC="0.96" CONTENT="att"/><SP WIDTH="13" VPOS="1529" HPOS="354"/>
							<String ID="string_454" HPOS="367" VPOS="1529" WIDTH="37" HEIGHT="20" WC="0.96" CONTENT="för"/><SP WIDTH="11" VPOS="1529" HPOS="404"/>
							<String ID="string_455" HPOS="415" VPOS="1529" WIDTH="137" HEIGHT="25" WC="0.93" CONTENT="budgetåret"/><SP WIDTH="14" VPOS="1529" HPOS="552"/>
							<String ID="string_456" HPOS="566" VPOS="1529" WIDTH="90" HEIGHT="20" WC="0.91" CONTENT="1951/52"/><SP WIDTH="14" VPOS="1529" HPOS="656"/>
							<String ID="string_457" HPOS="670" VPOS="1528" WIDTH="150" HEIGHT="25" WC="0.96" CONTENT="preliminära"/><SP WIDTH="12" VPOS="1528" HPOS="820"/>
							<String ID="string_458" HPOS="832" VPOS="1528" WIDTH="76" HEIGHT="21" WC="0.95" CONTENT="beslut"/><SP WIDTH="13" VPOS="1528" HPOS="908"/>
							<String ID="string_459" HPOS="921" VPOS="1533" WIDTH="51" HEIGHT="20" WC="0.95" CONTENT="ang."/><SP WIDTH="13" VPOS="1533" HPOS="972"/>
							<String ID="string_460" HPOS="985" VPOS="1528" WIDTH="46" HEIGHT="24" WC="0.96" CONTENT="lån,"/>
						</TextLine>
						<TextLine ID="line_50" HPOS="190" VPOS="1558" WIDTH="841" HEIGHT="26">
							<String ID="string_461" HPOS="190" VPOS="1565" WIDTH="50" HEIGHT="14" WC="0.96" CONTENT="som"/><SP WIDTH="12" VPOS="1565" HPOS="240"/>
							<String ID="string_462" HPOS="252" VPOS="1559" WIDTH="66" HEIGHT="20" WC="0.96" CONTENT="skola"/><SP WIDTH="10" VPOS="1559" HPOS="318"/>
							<String ID="string_463" HPOS="328" VPOS="1559" WIDTH="56" HEIGHT="25" WC="0.96" CONTENT="utgå"/><SP WIDTH="11" VPOS="1559" HPOS="384"/>
							<String ID="string_464" HPOS="395" VPOS="1558" WIDTH="52" HEIGHT="20" WC="0.96" CONTENT="från"/><SP WIDTH="12" VPOS="1558" HPOS="447"/>
							<String ID="string_465" HPOS="459" VPOS="1559" WIDTH="104" HEIGHT="24" WC="0.96" CONTENT="anslaget"/><SP WIDTH="11" VPOS="1559" HPOS="563"/>
							<String ID="string_466" HPOS="574" VPOS="1559" WIDTH="34" HEIGHT="19" WC="0.93" CONTENT="till"/><SP WIDTH="11" VPOS="1559" HPOS="608"/>
							<String ID="string_467" HPOS="619" VPOS="1558" WIDTH="133" HEIGHT="25" WC="0.90" CONTENT="tilläggslån"/><SP WIDTH="10" VPOS="1558" HPOS="752"/>
							<String ID="string_468" HPOS="762" VPOS="1558" WIDTH="35" HEIGHT="21" WC="0.96" CONTENT="till"/><SP WIDTH="11" VPOS="1558" HPOS="797"/>
							<String ID="string_469" HPOS="808" VPOS="1558" WIDTH="47" HEIGHT="20" WC="0.93" CONTENT="viss"/><SP WIDTH="10" VPOS="1558" HPOS="855"/>
							<String ID="string_470" HPOS="865" VPOS="1558" WIDTH="166" HEIGHT="25" WC="0.91" CONTENT="bostadsbygg-"/>
						</TextLine>
						<TextLine ID="line_51" HPOS="190" VPOS="1587" WIDTH="840" HEIGHT="26">
							<String ID="string_471" HPOS="190" VPOS="1588" WIDTH="217" HEIGHT="24" WC="0.92" CONTENT="nadsverksamhet,"/><SP WIDTH="10" VPOS="1588" HPOS="407"/>
							<String ID="string_472" HPOS="417" VPOS="1588" WIDTH="39" HEIGHT="20" WC="0.96" CONTENT="må"/><SP WIDTH="10" VPOS="1588" HPOS="456"/>
							<String ID="string_473" HPOS="466" VPOS="1589" WIDTH="118" HEIGHT="19" WC="0.96" CONTENT="meddelas"/><SP WIDTH="10" VPOS="1589" HPOS="584"/>
							<String ID="string_474" HPOS="594" VPOS="1588" WIDTH="60" HEIGHT="20" WC="0.96" CONTENT="intill"/><SP WIDTH="12" VPOS="1588" HPOS="654"/>
							<String ID="string_475" HPOS="666" VPOS="1589" WIDTH="32" HEIGHT="19" WC="0.96" CONTENT="ett"/><SP WIDTH="10" VPOS="1589" HPOS="698"/>
							<String ID="string_476" HPOS="708" VPOS="1588" WIDTH="84" HEIGHT="25" WC="0.96" CONTENT="belopp"/><SP WIDTH="11" VPOS="1588" HPOS="792"/>
							<String ID="string_477" HPOS="803" VPOS="1594" WIDTH="28" HEIGHT="14" WC="0.95" CONTENT="av"/><SP WIDTH="11" VPOS="1594" HPOS="831"/>
							<String ID="string_478" HPOS="842" VPOS="1588" WIDTH="42" HEIGHT="20" WC="0.96" CONTENT="134"/><SP WIDTH="8" VPOS="1588" HPOS="884"/>
							<String ID="string_479" HPOS="892" VPOS="1587" WIDTH="41" HEIGHT="21" WC="0.96" CONTENT="000"/><SP WIDTH="10" VPOS="1587" HPOS="933"/>
							<String ID="string_480" HPOS="943" VPOS="1588" WIDTH="42" HEIGHT="20" WC="0.95" CONTENT="000"/><SP WIDTH="11" VPOS="1588" HPOS="985"/>
							<String ID="string_481" HPOS="996" VPOS="1588" WIDTH="34" HEIGHT="20" WC="0.95" CONTENT="kr."/>
						</TextLine>
						<TextLine ID="line_52" HPOS="190" VPOS="1617" WIDTH="841" HEIGHT="26">
							<String ID="string_482" HPOS="190" VPOS="1618" WIDTH="43" HEIGHT="20" WC="0.96" CONTENT="och"/><SP WIDTH="14" VPOS="1618" HPOS="233"/>
							<String ID="string_483" HPOS="247" VPOS="1619" WIDTH="34" HEIGHT="19" WC="0.96" CONTENT="att"/><SP WIDTH="14" VPOS="1619" HPOS="281"/>
							<String ID="string_484" HPOS="295" VPOS="1618" WIDTH="44" HEIGHT="20" WC="0.96" CONTENT="den"/><SP WIDTH="13" VPOS="1618" HPOS="339"/>
							<String ID="string_485" HPOS="352" VPOS="1618" WIDTH="7" HEIGHT="20" WC="0.93" CONTENT="i"/><SP WIDTH="14" VPOS="1618" HPOS="359"/>
							<String ID="string_486" HPOS="373" VPOS="1618" WIDTH="199" HEIGHT="24" WC="0.92" CONTENT="avlöningsstaten"/><SP WIDTH="14" VPOS="1618" HPOS="572"/>
							<String ID="string_487" HPOS="586" VPOS="1617" WIDTH="36" HEIGHT="20" WC="0.93" CONTENT="för"/><SP WIDTH="13" VPOS="1617" HPOS="622"/>
							<String ID="string_488" HPOS="635" VPOS="1618" WIDTH="210" HEIGHT="25" WC="0.91" CONTENT="bostadsstyrelsen"/><SP WIDTH="14" VPOS="1618" HPOS="845"/>
							<String ID="string_489" HPOS="859" VPOS="1618" WIDTH="119" HEIGHT="24" WC="0.93" CONTENT="upptagna"/><SP WIDTH="14" VPOS="1618" HPOS="978"/>
							<String ID="string_490" HPOS="992" VPOS="1623" WIDTH="39" HEIGHT="14" WC="0.91" CONTENT="an-"/>
						</TextLine>
						<TextLine ID="line_53" HPOS="190" VPOS="1647" WIDTH="840" HEIGHT="26">
							<String ID="string_491" HPOS="190" VPOS="1648" WIDTH="146" HEIGHT="25" WC="0.91" CONTENT="slagsposten"/><SP WIDTH="14" VPOS="1648" HPOS="336"/>
							<String ID="string_492" HPOS="350" VPOS="1648" WIDTH="35" HEIGHT="19" WC="0.93" CONTENT="till"/><SP WIDTH="15" VPOS="1648" HPOS="385"/>
							<String ID="string_493" HPOS="400" VPOS="1648" WIDTH="136" HEIGHT="24" WC="0.93" CONTENT="avlöningar"/><SP WIDTH="14" VPOS="1648" HPOS="536"/>
							<String ID="string_494" HPOS="550" VPOS="1647" WIDTH="34" HEIGHT="20" WC="0.96" CONTENT="till"/><SP WIDTH="15" VPOS="1647" HPOS="584"/>
							<String ID="string_495" HPOS="599" VPOS="1648" WIDTH="65" HEIGHT="24" WC="0.93" CONTENT="övrig"/><SP WIDTH="14" VPOS="1648" HPOS="664"/>
							<String ID="string_496" HPOS="678" VPOS="1647" WIDTH="179" HEIGHT="20" WC="0.90" CONTENT="icke-ordinarie"/><SP WIDTH="13" VPOS="1647" HPOS="857"/>
							<String ID="string_497" HPOS="870" VPOS="1648" WIDTH="107" HEIGHT="24" WC="0.96" CONTENT="personal"/><SP WIDTH="16" VPOS="1648" HPOS="977"/>
							<String ID="string_498" HPOS="993" VPOS="1647" WIDTH="37" HEIGHT="20" WC="0.96" CONTENT="må"/>
						</TextLine>
						<TextLine ID="line_54" HPOS="190" VPOS="1677" WIDTH="743" HEIGHT="25">
							<String ID="string_499" HPOS="190" VPOS="1677" WIDTH="37" HEIGHT="20" WC="0.96" CONTENT="för"/><SP WIDTH="13" VPOS="1677" HPOS="227"/>
							<String ID="string_500" HPOS="240" VPOS="1677" WIDTH="138" HEIGHT="25" WC="0.93" CONTENT="budgetåret"/><SP WIDTH="15" VPOS="1677" HPOS="378"/>
							<String ID="string_501" HPOS="393" VPOS="1677" WIDTH="90" HEIGHT="20" WC="0.92" CONTENT="1951/52"/><SP WIDTH="15" VPOS="1677" HPOS="483"/>
							<String ID="string_502" HPOS="498" VPOS="1677" WIDTH="147" HEIGHT="20" WC="0.96" CONTENT="överskridas"/><SP WIDTH="14" VPOS="1677" HPOS="645"/>
							<String ID="string_503" HPOS="659" VPOS="1677" WIDTH="51" HEIGHT="20" WC="0.96" CONTENT="med"/><SP WIDTH="15" VPOS="1677" HPOS="710"/>
							<String ID="string_504" HPOS="725" VPOS="1677" WIDTH="67" HEIGHT="25" WC="0.96" CONTENT="högst"/><SP WIDTH="14" VPOS="1677" HPOS="792"/>
							<String ID="string_505" HPOS="806" VPOS="1677" WIDTH="27" HEIGHT="20" WC="0.96" CONTENT="50"/><SP WIDTH="10" VPOS="1677" HPOS="833"/>
							<String ID="string_506" HPOS="843" VPOS="1677" WIDTH="42" HEIGHT="20" WC="0.96" CONTENT="000"/><SP WIDTH="14" VPOS="1677" HPOS="885"/>
							<String ID="string_507" HPOS="899" VPOS="1677" WIDTH="34" HEIGHT="20" WC="0.95" CONTENT="kr."/>
						</TextLine>
					</TextBlock>
					<TextBlock ID="block_10" HPOS="161" VPOS="1706" WIDTH="1558" HEIGHT="55">
						<TextLine ID="line_55" HPOS="161" VPOS="1706" WIDTH="1558" HEIGHT="25">
							<String ID="string_508" HPOS="161" VPOS="1712" WIDTH="9" HEIGHT="15" WC="0.91" CONTENT="2"/><SP WIDTH="19" VPOS="1712" HPOS="170"/>
							<String ID="string_509" HPOS="189" VPOS="1707" WIDTH="39" HEIGHT="20" WC="0.91" CONTENT="RD"/><SP WIDTH="17" VPOS="1707" HPOS="228"/>
							<String ID="string_510" HPOS="245" VPOS="1707" WIDTH="94" HEIGHT="20" WC="0.95" CONTENT="anvisar"/><SP WIDTH="14" VPOS="1707" HPOS="339"/>
							<String ID="string_511" HPOS="353" VPOS="1707" WIDTH="36" HEIGHT="19" WC="0.93" CONTENT="till"/><SP WIDTH="15" VPOS="1707" HPOS="389"/>
							<String ID="string_512" HPOS="404" VPOS="1706" WIDTH="132" HEIGHT="25" WC="0.91" CONTENT="tilläggslån"/><SP WIDTH="16" VPOS="1706" HPOS="536"/>
							<String ID="string_513" HPOS="552" VPOS="1706" WIDTH="35" HEIGHT="21" WC="0.96" CONTENT="till"/><SP WIDTH="15" VPOS="1706" HPOS="587"/>
							<String ID="string_514" HPOS="602" VPOS="1707" WIDTH="47" HEIGHT="19" WC="0.92" CONTENT="viss"/><SP WIDTH="15" VPOS="1707" HPOS="649"/>
							<String ID="string_515" HPOS="664" VPOS="1706" WIDTH="367" HEIGHT="25" WC="0.73" CONTENT="bostadsbyggnadsverksamhet|"/><SP WIDTH="24" VPOS="1706" HPOS="1031"/>
							<String ID="string_516" HPOS="1055" VPOS="1707" WIDTH="26" HEIGHT="22" WC="0.40" CONTENT="511"/><SP WIDTH="25" VPOS="1707" HPOS="1081"/>
							<String ID="string_517" HPOS="1106" VPOS="1708" WIDTH="43" HEIGHT="20" WC="0.70" CONTENT="2281"/><SP WIDTH="46" VPOS="1708" HPOS="1149"/>
							<String ID="string_518" HPOS="1195" VPOS="1720" WIDTH="26" HEIGHT="3" WC="0.16" CONTENT="—I"/><SP WIDTH="40" VPOS="1720" HPOS="1221"/>
							<String ID="string_519" HPOS="1261" VPOS="1720" WIDTH="25" HEIGHT="2" WC="0.49" CONTENT="—ILI"/><SP WIDTH="40" VPOS="1720" HPOS="1286"/>
							<String ID="string_520" HPOS="1326" VPOS="1708" WIDTH="13" HEIGHT="20" WC="0.63" CONTENT="61"/><SP WIDTH="22" VPOS="1708" HPOS="1339"/>
							<String ID="string_521" HPOS="1361" VPOS="1720" WIDTH="26" HEIGHT="2" WC="0.0" CONTENT="—|"/><SP WIDTH="14" VPOS="1720" HPOS="1387"/>
							<String ID="string_522" HPOS="1401" VPOS="1708" WIDTH="44" HEIGHT="20" WC="0.59" CONTENT="2061"/><SP WIDTH="22" VPOS="1708" HPOS="1445"/>
							<String ID="string_523" HPOS="1467" VPOS="1708" WIDTH="42" HEIGHT="20" WC="0.59" CONTENT="377"/><SP WIDTH="16" VPOS="1708" HPOS="1509"/>
							<String ID="string_524" HPOS="1525" VPOS="1707" WIDTH="35" HEIGHT="21" WC="0.88" CONTENT="134:"/><SP WIDTH="17" VPOS="1707" HPOS="1560"/>
							<String ID="string_525" HPOS="1577" VPOS="1712" WIDTH="21" HEIGHT="15" WC="0.96" CONTENT="76"/><SP WIDTH="28" VPOS="1712" HPOS="1598"/>
							<String ID="string_526" HPOS="1626" VPOS="1707" WIDTH="36" HEIGHT="21" WC="0.43" CONTENT="134:"/><SP WIDTH="16" VPOS="1707" HPOS="1662"/>
							<String ID="string_527" HPOS="1678" VPOS="1707" WIDTH="41" HEIGHT="21" WC="0.71" CONTENT="68d"/>
						</TextLine>
						<TextLine ID="line_56" HPOS="189" VPOS="1736" WIDTH="840" HEIGHT="25">
							<String ID="string_528" HPOS="189" VPOS="1736" WIDTH="13" HEIGHT="20" WC="0.89" CONTENT="å"/><SP WIDTH="9" VPOS="1736" HPOS="202"/>
							<String ID="string_529" HPOS="211" VPOS="1736" WIDTH="141" HEIGHT="25" WC="0.92" CONTENT="tilläggsstat"/><SP WIDTH="10" VPOS="1736" HPOS="352"/>
							<String ID="string_530" HPOS="362" VPOS="1736" WIDTH="8" HEIGHT="20" WC="0.96" CONTENT="I"/><SP WIDTH="10" VPOS="1736" HPOS="370"/>
							<String ID="string_531" HPOS="380" VPOS="1736" WIDTH="35" HEIGHT="20" WC="0.93" CONTENT="till"/><SP WIDTH="11" VPOS="1736" HPOS="415"/>
							<String ID="string_532" HPOS="426" VPOS="1736" WIDTH="126" HEIGHT="20" WC="0.91" CONTENT="riksstaten"/><SP WIDTH="10" VPOS="1736" HPOS="552"/>
							<String ID="string_533" HPOS="562" VPOS="1736" WIDTH="37" HEIGHT="20" WC="0.96" CONTENT="för"/><SP WIDTH="9" VPOS="1736" HPOS="599"/>
							<String ID="string_534" HPOS="608" VPOS="1736" WIDTH="137" HEIGHT="24" WC="0.93" CONTENT="budgetåret"/><SP WIDTH="10" VPOS="1736" HPOS="745"/>
							<String ID="string_535" HPOS="755" VPOS="1736" WIDTH="90" HEIGHT="20" WC="0.90" CONTENT="1951/52"/><SP WIDTH="11" VPOS="1736" HPOS="845"/>
							<String ID="string_536" HPOS="856" VPOS="1736" WIDTH="27" HEIGHT="20" WC="0.96" CONTENT="50"/><SP WIDTH="9" VPOS="1736" HPOS="883"/>
							<String ID="string_537" HPOS="892" VPOS="1736" WIDTH="42" HEIGHT="20" WC="0.96" CONTENT="000"/><SP WIDTH="10" VPOS="1736" HPOS="934"/>
							<String ID="string_538" HPOS="944" VPOS="1736" WIDTH="41" HEIGHT="20" WC="0.96" CONTENT="000"/><SP WIDTH="11" VPOS="1736" HPOS="985"/>
							<String ID="string_539" HPOS="996" VPOS="1736" WIDTH="33" HEIGHT="20" WC="0.96" CONTENT="kr."/>
						</TextLine>
					</TextBlock>
				</ComposedBlock>
				<ComposedBlock ID="cblock_10" HPOS="1518" VPOS="132" WIDTH="9" HEIGHT="1984">
					<TextBlock ID="block_11" HPOS="1518" VPOS="132" WIDTH="9" HEIGHT="1984">
						<TextLine ID="line_57" HPOS="1518" VPOS="132" WIDTH="9" HEIGHT="1984">
							<String ID="string_540" HPOS="1518" VPOS="132" WIDTH="9" HEIGHT="1984" WC="0.95" CONTENT=" "/>
						</TextLine>
					</TextBlock>
				</ComposedBlock>
				<ComposedBlock ID="cblock_11" HPOS="1086" VPOS="133" WIDTH="8" HEIGHT="1982">
					<TextBlock ID="block_12" HPOS="1086" VPOS="133" WIDTH="8" HEIGHT="1982">
						<TextLine ID="line_58" HPOS="1086" VPOS="133" WIDTH="8" HEIGHT="1982">
							<String ID="string_541" HPOS="1086" VPOS="133" WIDTH="8" HEIGHT="1982" WC="0.95" CONTENT=" "/>
						</TextLine>
					</TextBlock>
				</ComposedBlock>
				<ComposedBlock ID="cblock_12" HPOS="1294" VPOS="132" WIDTH="8" HEIGHT="1984">
					<TextBlock ID="block_13" HPOS="1294" VPOS="132" WIDTH="8" HEIGHT="1984">
						<TextLine ID="line_59" HPOS="1294" VPOS="132" WIDTH="8" HEIGHT="1984">
							<String ID="string_542" HPOS="1294" VPOS="132" WIDTH="8" HEIGHT="1984" WC="0.95" CONTENT=" "/>
						</TextLine>
					</TextBlock>
				</ComposedBlock>
				<ComposedBlock ID="cblock_13" HPOS="1038" VPOS="133" WIDTH="8" HEIGHT="1983">
					<TextBlock ID="block_14" HPOS="1038" VPOS="133" WIDTH="8" HEIGHT="1983">
						<TextLine ID="line_60" HPOS="1038" VPOS="133" WIDTH="8" HEIGHT="1983">
							<String ID="string_543" HPOS="1038" VPOS="133" WIDTH="8" HEIGHT="1983" WC="0.95" CONTENT=" "/>
						</TextLine>
					</TextBlock>
				</ComposedBlock>
				<ComposedBlock ID="cblock_14" HPOS="1163" VPOS="133" WIDTH="8" HEIGHT="1983">
					<TextBlock ID="block_15" HPOS="1163" VPOS="133" WIDTH="8" HEIGHT="1983">
						<TextLine ID="line_61" HPOS="1163" VPOS="133" WIDTH="8" HEIGHT="1983">
							<String ID="string_544" HPOS="1163" VPOS="133" WIDTH="8" HEIGHT="1983" WC="0.95" CONTENT=" "/>
						</TextLine>
					</TextBlock>
				</ComposedBlock>
				<ComposedBlock ID="cblock_15" HPOS="1453" VPOS="132" WIDTH="9" HEIGHT="1985">
					<TextBlock ID="block_16" HPOS="1453" VPOS="132" WIDTH="9" HEIGHT="1985">
						<TextLine ID="line_62" HPOS="1453" VPOS="132" WIDTH="9" HEIGHT="1985">
							<String ID="string_545" HPOS="1453" VPOS="132" WIDTH="9" HEIGHT="1985" WC="0.95" CONTENT=" "/>
						</TextLine>
					</TextBlock>
				</ComposedBlock>
				<ComposedBlock ID="cblock_16" HPOS="125" VPOS="137" WIDTH="9" HEIGHT="1984">
					<TextBlock ID="block_17" HPOS="125" VPOS="137" WIDTH="9" HEIGHT="1984">
						<TextLine ID="line_63" HPOS="125" VPOS="137" WIDTH="9" HEIGHT="1984">
							<String ID="string_546" HPOS="125" VPOS="137" WIDTH="9" HEIGHT="1984" WC="0.95" CONTENT=" "/>
						</TextLine>
					</TextBlock>
				</ComposedBlock>
				<ComposedBlock ID="cblock_17" HPOS="1389" VPOS="193" WIDTH="7" HEIGHT="1922">
					<TextBlock ID="block_18" HPOS="1389" VPOS="193" WIDTH="7" HEIGHT="1922">
						<TextLine ID="line_64" HPOS="1389" VPOS="193" WIDTH="7" HEIGHT="1922">
							<String ID="string_547" HPOS="1389" VPOS="193" WIDTH="7" HEIGHT="1922" WC="0.95" CONTENT=" "/>
						</TextLine>
					</TextBlock>
				</ComposedBlock>
				<ComposedBlock ID="cblock_18" HPOS="1390" VPOS="193" WIDTH="7" HEIGHT="1922">
					<TextBlock ID="block_19" HPOS="1390" VPOS="193" WIDTH="7" HEIGHT="1922">
						<TextLine ID="line_65" HPOS="1390" VPOS="193" WIDTH="7" HEIGHT="1922">
							<String ID="string_548" HPOS="1390" VPOS="193" WIDTH="7" HEIGHT="1922" WC="0.95" CONTENT=" "/>
						</TextLine>
					</TextBlock>
				</ComposedBlock>
				<ComposedBlock ID="cblock_19" HPOS="1620" VPOS="193" WIDTH="7" HEIGHT="1923">
					<TextBlock ID="block_20" HPOS="1620" VPOS="193" WIDTH="7" HEIGHT="1923">
						<TextLine ID="line_66" HPOS="1620" VPOS="193" WIDTH="7" HEIGHT="1923">
							<String ID="string_549" HPOS="1620" VPOS="193" WIDTH="7" HEIGHT="1923" WC="0.95" CONTENT=" "/>
						</TextLine>
					</TextBlock>
				</ComposedBlock>
				<ComposedBlock ID="cblock_20" HPOS="1229" VPOS="193" WIDTH="6" HEIGHT="1923">
					<TextBlock ID="block_21" HPOS="1229" VPOS="193" WIDTH="6" HEIGHT="1923">
						<TextLine ID="line_67" HPOS="1229" VPOS="193" WIDTH="6" HEIGHT="1923">
							<String ID="string_550" HPOS="1229" VPOS="193" WIDTH="6" HEIGHT="1923" WC="0.95" CONTENT=" "/>
						</TextLine>
					</TextBlock>
				</ComposedBlock>
				<ComposedBlock ID="cblock_21" HPOS="1342" VPOS="198" WIDTH="8" HEIGHT="1917">
					<TextBlock ID="block_22" HPOS="1342" VPOS="198" WIDTH="8" HEIGHT="1917">
						<TextLine ID="line_68" HPOS="1342" VPOS="198" WIDTH="8" HEIGHT="1917">
							<String ID="string_551" HPOS="1342" VPOS="198" WIDTH="8" HEIGHT="1917" WC="0.95" CONTENT=" "/>
						</TextLine>
					</TextBlock>
				</ComposedBlock>
				<ComposedBlock ID="cblock_22" HPOS="160" VPOS="1795" WIDTH="1559" HEIGHT="322">
					<TextBlock ID="block_23" HPOS="163" VPOS="1795" WIDTH="1537" HEIGHT="109">
						<TextLine ID="line_69" HPOS="163" VPOS="1795" WIDTH="1537" HEIGHT="25">
							<String ID="string_552" HPOS="163" VPOS="1801" WIDTH="6" HEIGHT="14" WC="0.92" CONTENT="1"/><SP WIDTH="21" VPOS="1801" HPOS="169"/>
							<String ID="string_553" HPOS="190" VPOS="1795" WIDTH="39" HEIGHT="20" WC="0.92" CONTENT="RD"/><SP WIDTH="14" VPOS="1795" HPOS="229"/>
							<String ID="string_554" HPOS="243" VPOS="1795" WIDTH="124" HEIGHT="25" WC="0.91" CONTENT="medgiver,"/><SP WIDTH="15" VPOS="1795" HPOS="367"/>
							<String ID="string_555" HPOS="382" VPOS="1796" WIDTH="33" HEIGHT="19" WC="0.96" CONTENT="att"/><SP WIDTH="14" VPOS="1796" HPOS="415"/>
							<String ID="string_556" HPOS="429" VPOS="1801" WIDTH="27" HEIGHT="14" WC="0.96" CONTENT="av"/><SP WIDTH="14" VPOS="1801" HPOS="456"/>
							<String ID="string_557" HPOS="470" VPOS="1795" WIDTH="38" HEIGHT="20" WC="0.96" CONTENT="det"/><SP WIDTH="14" VPOS="1795" HPOS="508"/>
							<String ID="string_558" HPOS="522" VPOS="1796" WIDTH="79" HEIGHT="19" WC="0.96" CONTENT="senast"/><SP WIDTH="14" VPOS="1796" HPOS="601"/>
							<String ID="string_559" HPOS="615" VPOS="1795" WIDTH="36" HEIGHT="20" WC="0.96" CONTENT="för"/><SP WIDTH="13" VPOS="1795" HPOS="651"/>
							<String ID="string_560" HPOS="664" VPOS="1795" WIDTH="137" HEIGHT="25" WC="0.93" CONTENT="budgetåret"/><SP WIDTH="15" VPOS="1795" HPOS="801"/>
							<String ID="string_561" HPOS="816" VPOS="1795" WIDTH="90" HEIGHT="20" WC="0.91" CONTENT="1947/48"/><SP WIDTH="14" VPOS="1795" HPOS="906"/>
							<String ID="string_562" HPOS="920" VPOS="1795" WIDTH="111" HEIGHT="20" WC="0.91" CONTENT="anvisadel"/><SP WIDTH="23" VPOS="1795" HPOS="1031"/>
							<String ID="string_563" HPOS="1054" VPOS="1796" WIDTH="30" HEIGHT="21" WC="0.0" CONTENT="521"/><SP WIDTH="18" VPOS="1796" HPOS="1084"/>
							<String ID="string_564" HPOS="1102" VPOS="1798" WIDTH="50" HEIGHT="20" WC="0.0" CONTENT="1:26]"/><SP WIDTH="43" VPOS="1798" HPOS="1152"/>
							<String ID="string_565" HPOS="1195" VPOS="1809" WIDTH="25" HEIGHT="2" WC="0.30" CONTENT="—!"/><SP WIDTH="40" VPOS="1809" HPOS="1220"/>
							<String ID="string_566" HPOS="1260" VPOS="1809" WIDTH="26" HEIGHT="2" WC="0.33" CONTENT="—1I"/><SP WIDTH="39" VPOS="1809" HPOS="1286"/>
							<String ID="string_567" HPOS="1325" VPOS="1797" WIDTH="14" HEIGHT="20" WC="0.61" CONTENT="6)"/><SP WIDTH="22" VPOS="1797" HPOS="1339"/>
							<String ID="string_568" HPOS="1361" VPOS="1809" WIDTH="26" HEIGHT="2" WC="0.24" CONTENT="—"/><SP WIDTH="30" VPOS="1809" HPOS="1387"/>
							<String ID="string_569" HPOS="1417" VPOS="1796" WIDTH="181" HEIGHT="21" WC="0.74" CONTENT="761150114:137"/><SP WIDTH="30" VPOS="1796" HPOS="1598"/>
							<String ID="string_570" HPOS="1628" VPOS="1796" WIDTH="72" HEIGHT="20" WC="0.64" CONTENT="|14:220"/>
						</TextLine>
						<TextLine ID="line_70" HPOS="188" VPOS="1824" WIDTH="1258" HEIGHT="26">
							<String ID="string_571" HPOS="188" VPOS="1825" WIDTH="261" HEIGHT="25" WC="0.90" CONTENT="investeringsanslaget"/><SP WIDTH="18" VPOS="1825" HPOS="449"/>
							<String ID="string_572" HPOS="467" VPOS="1825" WIDTH="34" HEIGHT="20" WC="0.95" CONTENT="till"/><SP WIDTH="19" VPOS="1825" HPOS="501"/>
							<String ID="string_573" HPOS="520" VPOS="1824" WIDTH="39" HEIGHT="21" WC="0.96" CONTENT="lån"/><SP WIDTH="18" VPOS="1824" HPOS="559"/>
							<String ID="string_574" HPOS="577" VPOS="1825" WIDTH="35" HEIGHT="20" WC="0.93" CONTENT="till"/><SP WIDTH="18" VPOS="1825" HPOS="612"/>
							<String ID="string_575" HPOS="630" VPOS="1824" WIDTH="401" HEIGHT="25" WC="0.91" CONTENT="bostadsförbättringsverksamhet"/><SP WIDTH="92" VPOS="1824" HPOS="1031"/>
							<String ID="string_576" HPOS="1123" VPOS="1832" WIDTH="10" HEIGHT="15" WC="0.96" CONTENT="5"/><SP WIDTH="303" VPOS="1832" HPOS="1133"/>
							<String ID="string_577" HPOS="1436" VPOS="1831" WIDTH="10" HEIGHT="15" WC="0.94" CONTENT="4"/>
						</TextLine>
						<TextLine ID="line_71" HPOS="189" VPOS="1854" WIDTH="841" HEIGHT="25">
							<String ID="string_578" HPOS="189" VPOS="1855" WIDTH="33" HEIGHT="19" WC="0.96" CONTENT="ett"/><SP WIDTH="12" VPOS="1855" HPOS="222"/>
							<String ID="string_579" HPOS="234" VPOS="1854" WIDTH="84" HEIGHT="25" WC="0.96" CONTENT="belopp"/><SP WIDTH="13" VPOS="1854" HPOS="318"/>
							<String ID="string_580" HPOS="331" VPOS="1860" WIDTH="29" HEIGHT="14" WC="0.96" CONTENT="av"/><SP WIDTH="12" VPOS="1860" HPOS="360"/>
							<String ID="string_581" HPOS="372" VPOS="1854" WIDTH="68" HEIGHT="25" WC="0.96" CONTENT="högst"/><SP WIDTH="12" VPOS="1854" HPOS="440"/>
							<String ID="string_582" HPOS="452" VPOS="1854" WIDTH="42" HEIGHT="21" WC="0.96" CONTENT="200"/><SP WIDTH="10" VPOS="1854" HPOS="494"/>
							<String ID="string_583" HPOS="504" VPOS="1855" WIDTH="42" HEIGHT="20" WC="0.96" CONTENT="000"/><SP WIDTH="13" VPOS="1855" HPOS="546"/>
							<String ID="string_584" HPOS="559" VPOS="1854" WIDTH="35" HEIGHT="20" WC="0.96" CONTENT="kr."/><SP WIDTH="13" VPOS="1854" HPOS="594"/>
							<String ID="string_585" HPOS="607" VPOS="1854" WIDTH="38" HEIGHT="20" WC="0.96" CONTENT="må"/><SP WIDTH="13" VPOS="1854" HPOS="645"/>
							<String ID="string_586" HPOS="658" VPOS="1854" WIDTH="136" HEIGHT="25" WC="0.96" CONTENT="disponeras"/><SP WIDTH="13" VPOS="1854" HPOS="794"/>
							<String ID="string_587" HPOS="807" VPOS="1854" WIDTH="74" HEIGHT="20" WC="0.96" CONTENT="under"/><SP WIDTH="13" VPOS="1854" HPOS="881"/>
							<String ID="string_588" HPOS="894" VPOS="1854" WIDTH="136" HEIGHT="25" WC="0.96" CONTENT="budgetåret"/>
						</TextLine>
						<TextLine ID="line_72" HPOS="190" VPOS="1884" WIDTH="98" HEIGHT="20">
							<String ID="string_589" HPOS="190" VPOS="1884" WIDTH="98" HEIGHT="20" WC="0.89" CONTENT="1952/53."/>
						</TextLine>
					</TextBlock>
					<TextBlock ID="block_24" HPOS="160" VPOS="1913" WIDTH="1559" HEIGHT="55">
						<TextLine ID="line_73" HPOS="160" VPOS="1913" WIDTH="1559" HEIGHT="26">
							<String ID="string_590" HPOS="160" VPOS="1919" WIDTH="10" HEIGHT="15" WC="0.93" CONTENT="2"/><SP WIDTH="19" VPOS="1919" HPOS="170"/>
							<String ID="string_591" HPOS="189" VPOS="1914" WIDTH="39" HEIGHT="20" WC="0.92" CONTENT="RD"/><SP WIDTH="18" VPOS="1914" HPOS="228"/>
							<String ID="string_592" HPOS="246" VPOS="1913" WIDTH="77" HEIGHT="21" WC="0.96" CONTENT="avslår"/><SP WIDTH="18" VPOS="1913" HPOS="323"/>
							<String ID="string_593" HPOS="341" VPOS="1914" WIDTH="114" HEIGHT="20" WC="0.96" CONTENT="motioner"/><SP WIDTH="18" VPOS="1914" HPOS="455"/>
							<String ID="string_594" HPOS="473" VPOS="1919" WIDTH="51" HEIGHT="20" WC="0.92" CONTENT="ang."/><SP WIDTH="18" VPOS="1919" HPOS="524"/>
							<String ID="string_595" HPOS="542" VPOS="1914" WIDTH="184" HEIGHT="24" WC="0.91" CONTENT="möjliggörande"/><SP WIDTH="18" VPOS="1914" HPOS="726"/>
							<String ID="string_596" HPOS="744" VPOS="1920" WIDTH="27" HEIGHT="14" WC="0.96" CONTENT="av"/><SP WIDTH="18" VPOS="1920" HPOS="771"/>
							<String ID="string_597" HPOS="789" VPOS="1914" WIDTH="29" HEIGHT="20" WC="0.96" CONTENT="fri"/><SP WIDTH="19" VPOS="1914" HPOS="818"/>
							<String ID="string_598" HPOS="837" VPOS="1914" WIDTH="147" HEIGHT="20" WC="0.93" CONTENT="konkurrens"/><SP WIDTH="17" VPOS="1914" HPOS="984"/>
							<String ID="string_599" HPOS="1001" VPOS="1913" WIDTH="83" HEIGHT="25" WC="0.0" CONTENT="pål52l|"/><SP WIDTH="40" VPOS="1913" HPOS="1084"/>
							<String ID="string_600" HPOS="1124" VPOS="1916" WIDTH="160" HEIGHT="20" WC="0.15" CONTENT="—l12991393]"/><SP WIDTH="42" VPOS="1916" HPOS="1284"/>
							<String ID="string_601" HPOS="1326" VPOS="1916" WIDTH="13" HEIGHT="20" WC="0.81" CONTENT="8"/><SP WIDTH="22" VPOS="1916" HPOS="1339"/>
							<String ID="string_602" HPOS="1361" VPOS="1928" WIDTH="26" HEIGHT="2" WC="0.85" CONTENT="—"/><SP WIDTH="31" VPOS="1928" HPOS="1387"/>
							<String ID="string_603" HPOS="1418" VPOS="1915" WIDTH="25" HEIGHT="21" WC="0.67" CONTENT="171"/><SP WIDTH="43" VPOS="1915" HPOS="1443"/>
							<String ID="string_604" HPOS="1486" VPOS="1915" WIDTH="233" HEIGHT="20" WC="0.0" CONTENT="—lHH6:119dl16:199d"/>
						</TextLine>
						<TextLine ID="line_74" HPOS="189" VPOS="1943" WIDTH="1089" HEIGHT="25">
							<String ID="string_605" HPOS="189" VPOS="1944" WIDTH="47" HEIGHT="19" WC="0.96" CONTENT="lika"/><SP WIDTH="12" VPOS="1944" HPOS="236"/>
							<String ID="string_606" HPOS="248" VPOS="1944" WIDTH="84" HEIGHT="19" WC="0.96" CONTENT="villkor"/><SP WIDTH="12" VPOS="1944" HPOS="332"/>
							<String ID="string_607" HPOS="344" VPOS="1944" WIDTH="85" HEIGHT="19" WC="0.95" CONTENT="mellan"/><SP WIDTH="13" VPOS="1944" HPOS="429"/>
							<String ID="string_608" HPOS="442" VPOS="1944" WIDTH="62" HEIGHT="19" WC="0.93" CONTENT="olika"/><SP WIDTH="12" VPOS="1944" HPOS="504"/>
							<String ID="string_609" HPOS="516" VPOS="1943" WIDTH="191" HEIGHT="25" WC="0.91" CONTENT="företagsformer"/><SP WIDTH="12" VPOS="1943" HPOS="707"/>
							<String ID="string_610" HPOS="719" VPOS="1944" WIDTH="36" HEIGHT="19" WC="0.96" CONTENT="för"/><SP WIDTH="12" VPOS="1944" HPOS="755"/>
							<String ID="string_611" HPOS="767" VPOS="1944" WIDTH="223" HEIGHT="24" WC="0.96" CONTENT="bostadsbyggande."/><SP WIDTH="186" VPOS="1944" HPOS="990"/>
							<String ID="string_612" HPOS="1176" VPOS="1946" WIDTH="41" HEIGHT="20" WC="0.91" CONTENT="351"/><SP WIDTH="18" VPOS="1946" HPOS="1217"/>
							<String ID="string_613" HPOS="1235" VPOS="1946" WIDTH="43" HEIGHT="19" WC="0.36" CONTENT="474"/>
						</TextLine>
					</TextBlock>
					<TextBlock ID="block_25" HPOS="161" VPOS="1973" WIDTH="1558" HEIGHT="144">
						<TextLine ID="line_75" HPOS="161" VPOS="1973" WIDTH="1558" HEIGHT="25">
							<String ID="string_614" HPOS="161" VPOS="1979" WIDTH="9" HEIGHT="14" WC="0.93" CONTENT="3"/><SP WIDTH="19" VPOS="1979" HPOS="170"/>
							<String ID="string_615" HPOS="189" VPOS="1973" WIDTH="39" HEIGHT="20" WC="0.92" CONTENT="RD"/><SP WIDTH="12" VPOS="1973" HPOS="228"/>
							<String ID="string_616" HPOS="240" VPOS="1973" WIDTH="136" HEIGHT="25" WC="0.96" CONTENT="godkänner"/><SP WIDTH="11" VPOS="1973" HPOS="376"/>
							<String ID="string_617" HPOS="387" VPOS="1973" WIDTH="127" HEIGHT="25" WC="0.95" CONTENT="ändringar"/><SP WIDTH="11" VPOS="1973" HPOS="514"/>
							<String ID="string_618" HPOS="525" VPOS="1979" WIDTH="27" HEIGHT="14" WC="0.95" CONTENT="av"/><SP WIDTH="11" VPOS="1979" HPOS="552"/>
							<String ID="string_619" HPOS="563" VPOS="1974" WIDTH="133" HEIGHT="23" WC="0.96" CONTENT="grunderna"/><SP WIDTH="12" VPOS="1974" HPOS="696"/>
							<String ID="string_620" HPOS="708" VPOS="1973" WIDTH="36" HEIGHT="20" WC="0.96" CONTENT="för"/><SP WIDTH="11" VPOS="1973" HPOS="744"/>
							<String ID="string_621" HPOS="755" VPOS="1973" WIDTH="43" HEIGHT="20" WC="0.96" CONTENT="den"/><SP WIDTH="12" VPOS="1973" HPOS="798"/>
							<String ID="string_622" HPOS="810" VPOS="1973" WIDTH="93" HEIGHT="25" WC="0.93" CONTENT="statliga"/><SP WIDTH="12" VPOS="1973" HPOS="903"/>
							<String ID="string_623" HPOS="915" VPOS="1973" WIDTH="61" HEIGHT="20" WC="0.92" CONTENT="låne-"/><SP WIDTH="10" VPOS="1973" HPOS="976"/>
							<String ID="string_624" HPOS="986" VPOS="1973" WIDTH="43" HEIGHT="20" WC="0.81" CONTENT="och"/><SP WIDTH="0" VPOS="1973" HPOS="1029"/>
							<String ID="string_625" HPOS="1029" VPOS="1969" WIDTH="17" HEIGHT="33" WC="0.75" CONTENT="|"/><SP WIDTH="8" VPOS="1969" HPOS="1046"/>
							<String ID="string_626" HPOS="1054" VPOS="1974" WIDTH="30" HEIGHT="22" WC="0.85" CONTENT="521"/><SP WIDTH="22" VPOS="1974" HPOS="1084"/>
							<String ID="string_627" HPOS="1106" VPOS="1976" WIDTH="43" HEIGHT="20" WC="0.39" CONTENT="128)"/><SP WIDTH="43" VPOS="1976" HPOS="1149"/>
							<String ID="string_628" HPOS="1192" VPOS="1976" WIDTH="27" HEIGHT="20" WC="0.32" CONTENT="701"/><SP WIDTH="38" VPOS="1976" HPOS="1219"/>
							<String ID="string_629" HPOS="1257" VPOS="1976" WIDTH="28" HEIGHT="20" WC="0.91" CONTENT="221"/><SP WIDTH="41" VPOS="1976" HPOS="1285"/>
							<String ID="string_630" HPOS="1326" VPOS="1976" WIDTH="13" HEIGHT="19" WC="0.47" CONTENT="6)"/><SP WIDTH="22" VPOS="1976" HPOS="1339"/>
							<String ID="string_631" HPOS="1361" VPOS="1987" WIDTH="25" HEIGHT="2" WC="0.87" CONTENT="—"/><SP WIDTH="17" VPOS="1987" HPOS="1386"/>
							<String ID="string_632" HPOS="1403" VPOS="1975" WIDTH="42" HEIGHT="20" WC="0.0" CONTENT="1441"/><SP WIDTH="22" VPOS="1975" HPOS="1445"/>
							<String ID="string_633" HPOS="1467" VPOS="1975" WIDTH="195" HEIGHT="20" WC="0.0" CONTENT="292119:133d]19:"/><SP WIDTH="15" VPOS="1975" HPOS="1662"/>
							<String ID="string_634" HPOS="1677" VPOS="1975" WIDTH="42" HEIGHT="20" WC="0.89" CONTENT="26d"/>
						</TextLine>
						<TextLine ID="line_76" HPOS="188" VPOS="2003" WIDTH="1094" HEIGHT="25">
							<String ID="string_635" HPOS="188" VPOS="2003" WIDTH="274" HEIGHT="25" WC="0.91" CONTENT="bidragsverksamheten"/><SP WIDTH="16" VPOS="2003" HPOS="462"/>
							<String ID="string_636" HPOS="478" VPOS="2003" WIDTH="34" HEIGHT="20" WC="0.96" CONTENT="till"/><SP WIDTH="17" VPOS="2003" HPOS="512"/>
							<String ID="string_637" HPOS="529" VPOS="2003" WIDTH="92" HEIGHT="19" WC="0.96" CONTENT="förmån"/><SP WIDTH="17" VPOS="2003" HPOS="621"/>
							<String ID="string_638" HPOS="638" VPOS="2003" WIDTH="35" HEIGHT="19" WC="0.93" CONTENT="för"/><SP WIDTH="15" VPOS="2003" HPOS="673"/>
							<String ID="string_639" HPOS="688" VPOS="2003" WIDTH="282" HEIGHT="25" WC="0.91" CONTENT="bostadsförsörjningen;"/><SP WIDTH="16" VPOS="2003" HPOS="970"/>
							<String ID="string_640" HPOS="986" VPOS="2003" WIDTH="42" HEIGHT="20" WC="0.96" CONTENT="och"/><SP WIDTH="148" VPOS="2003" HPOS="1028"/>
							<String ID="string_641" HPOS="1176" VPOS="2006" WIDTH="43" HEIGHT="19" WC="0.30" CONTENT="439]"/><SP WIDTH="38" VPOS="2006" HPOS="1219"/>
							<String ID="string_642" HPOS="1257" VPOS="2005" WIDTH="25" HEIGHT="20" WC="0.95" CONTENT="81"/>
						</TextLine>
						<TextLine ID="line_77" HPOS="189" VPOS="2032" WIDTH="1096" HEIGHT="25">
							<String ID="string_643" HPOS="189" VPOS="2033" WIDTH="116" HEIGHT="24" WC="0.91" CONTENT="medgiver"/><SP WIDTH="25" VPOS="2033" HPOS="305"/>
							<String ID="string_644" HPOS="330" VPOS="2032" WIDTH="47" HEIGHT="24" WC="0.92" CONTENT="RD,"/><SP WIDTH="25" VPOS="2032" HPOS="377"/>
							<String ID="string_645" HPOS="402" VPOS="2033" WIDTH="33" HEIGHT="19" WC="0.93" CONTENT="att"/><SP WIDTH="25" VPOS="2033" HPOS="435"/>
							<String ID="string_646" HPOS="460" VPOS="2033" WIDTH="132" HEIGHT="19" WC="0.92" CONTENT="räntefoten"/><SP WIDTH="18" VPOS="2033" HPOS="592"/>
							<String ID="string_647" HPOS="610" VPOS="2032" WIDTH="36" HEIGHT="20" WC="0.93" CONTENT="för"/><SP WIDTH="18" VPOS="2032" HPOS="646"/>
							<String ID="string_648" HPOS="664" VPOS="2033" WIDTH="286" HEIGHT="23" WC="0.91" CONTENT="lantarbetarbostadslån,"/><SP WIDTH="18" VPOS="2033" HPOS="950"/>
							<String ID="string_649" HPOS="968" VPOS="2033" WIDTH="62" HEIGHT="20" WC="0.96" CONTENT="vilka"/><SP WIDTH="146" VPOS="2033" HPOS="1030"/>
							<String ID="string_650" HPOS="1176" VPOS="2036" WIDTH="43" HEIGHT="20" WC="0.66" CONTENT="440"/><SP WIDTH="1" VPOS="2036" HPOS="1219"/>
							<String ID="string_651" HPOS="1220" VPOS="2030" WIDTH="16" HEIGHT="31" WC="0.38" CONTENT="|"/><SP WIDTH="6" VPOS="2030" HPOS="1236"/>
							<String ID="string_652" HPOS="1242" VPOS="2035" WIDTH="43" HEIGHT="20" WC="0.38" CONTENT="559"/>
						</TextLine>
						<TextLine ID="line_78" HPOS="189" VPOS="2062" WIDTH="1094" HEIGHT="25">
							<String ID="string_653" HPOS="189" VPOS="2062" WIDTH="93" HEIGHT="20" WC="0.96" CONTENT="komma"/><SP WIDTH="20" VPOS="2062" HPOS="282"/>
							<String ID="string_654" HPOS="302" VPOS="2063" WIDTH="34" HEIGHT="19" WC="0.96" CONTENT="att"/><SP WIDTH="18" VPOS="2063" HPOS="336"/>
							<String ID="string_655" HPOS="354" VPOS="2062" WIDTH="98" HEIGHT="25" WC="0.96" CONTENT="beviljas"/><SP WIDTH="19" VPOS="2062" HPOS="452"/>
							<String ID="string_656" HPOS="471" VPOS="2063" WIDTH="74" HEIGHT="19" WC="0.96" CONTENT="under"/><SP WIDTH="19" VPOS="2063" HPOS="545"/>
							<String ID="string_657" HPOS="564" VPOS="2062" WIDTH="136" HEIGHT="25" WC="0.92" CONTENT="budgetåret"/><SP WIDTH="20" VPOS="2062" HPOS="700"/>
							<String ID="string_658" HPOS="720" VPOS="2062" WIDTH="98" HEIGHT="23" WC="0.92" CONTENT="1952/53,"/><SP WIDTH="18" VPOS="2062" HPOS="818"/>
							<String ID="string_659" HPOS="836" VPOS="2062" WIDTH="140" HEIGHT="20" WC="0.91" CONTENT="bestämmes"/><SP WIDTH="19" VPOS="2062" HPOS="976"/>
							<String ID="string_660" HPOS="995" VPOS="2062" WIDTH="34" HEIGHT="20" WC="0.96" CONTENT="till"/><SP WIDTH="212" VPOS="2062" HPOS="1029"/>
							<String ID="string_661" HPOS="1241" VPOS="2065" WIDTH="42" HEIGHT="20" WC="0.96" CONTENT="561"/>
						</TextLine>
						<TextLine ID="line_79" HPOS="191" VPOS="2092" WIDTH="1094" HEIGHT="25">
							<String ID="string_662" HPOS="191" VPOS="2092" WIDTH="46" HEIGHT="23" WC="0.96" CONTENT="3,25"/><SP WIDTH="21" VPOS="2092" HPOS="237"/>
							<String ID="string_663" HPOS="258" VPOS="2092" WIDTH="21" HEIGHT="22" WC="0.0" CONTENT="2"/><SP WIDTH="19" VPOS="2092" HPOS="279"/>
							<String ID="string_664" HPOS="298" VPOS="2093" WIDTH="61" HEIGHT="19" WC="0.96" CONTENT="samt"/><SP WIDTH="15" VPOS="2093" HPOS="359"/>
							<String ID="string_665" HPOS="374" VPOS="2093" WIDTH="34" HEIGHT="19" WC="0.96" CONTENT="att"/><SP WIDTH="15" VPOS="2093" HPOS="408"/>
							<String ID="string_666" HPOS="423" VPOS="2098" WIDTH="28" HEIGHT="14" WC="0.96" CONTENT="av"/><SP WIDTH="15" VPOS="2098" HPOS="451"/>
							<String ID="string_667" HPOS="466" VPOS="2092" WIDTH="37" HEIGHT="20" WC="0.96" CONTENT="det"/><SP WIDTH="16" VPOS="2092" HPOS="503"/>
							<String ID="string_668" HPOS="519" VPOS="2093" WIDTH="78" HEIGHT="19" WC="0.96" CONTENT="senast"/><SP WIDTH="15" VPOS="2093" HPOS="597"/>
							<String ID="string_669" HPOS="612" VPOS="2092" WIDTH="36" HEIGHT="20" WC="0.96" CONTENT="för"/><SP WIDTH="15" VPOS="2092" HPOS="648"/>
							<String ID="string_670" HPOS="663" VPOS="2092" WIDTH="136" HEIGHT="25" WC="0.93" CONTENT="budgetåret"/><SP WIDTH="16" VPOS="2092" HPOS="799"/>
							<String ID="string_671" HPOS="815" VPOS="2092" WIDTH="91" HEIGHT="20" WC="0.92" CONTENT="1947/48"/><SP WIDTH="15" VPOS="2092" HPOS="906"/>
							<String ID="string_672" HPOS="921" VPOS="2092" WIDTH="110" HEIGHT="20" WC="0.96" CONTENT="anvisade"/><SP WIDTH="211" VPOS="2092" HPOS="1031"/>
							<String ID="string_673" HPOS="1242" VPOS="2095" WIDTH="43" HEIGHT="20" WC="0.96" CONTENT="562"/>
						</TextLine>
					</TextBlock>
				</ComposedBlock>
				<ComposedBlock ID="cblock_23" HPOS="1786" VPOS="958" WIDTH="11" HEIGHT="871">
					<TextBlock ID="block_26" HPOS="1786" VPOS="958" WIDTH="11" HEIGHT="871">
						<TextLine ID="line_80" HPOS="1786" VPOS="958" WIDTH="11" HEIGHT="871">
							<String ID="string_674" HPOS="1786" VPOS="958" WIDTH="11" HEIGHT="871" WC="0.95" CONTENT=" "/>
						</TextLine>
					</TextBlock>
				</ComposedBlock>
				<ComposedBlock ID="cblock_24" HPOS="1721" VPOS="139" WIDTH="9" HEIGHT="1979">
					<TextBlock ID="block_27" HPOS="1721" VPOS="139" WIDTH="9" HEIGHT="1979">
						<TextLine ID="line_81" HPOS="1721" VPOS="139" WIDTH="9" HEIGHT="1979">
							<String ID="string_675" HPOS="1721" VPOS="139" WIDTH="9" HEIGHT="1979" WC="0.95" CONTENT=" "/>
						</TextLine>
					</TextBlock>
				</ComposedBlock>
			</PrintSpace>
		</Page>
	</Layout>
</alto>
