1836 2358
177 156 27 20 18
910 161 136 15 SAKREGISTER

1120 224 41 30 .
1504 231 53 18 Riks-

1066 253 17 27 2
1120 253 35 36 2
1220 278 4 4 å
1337 249 93 17 Pikone
1494 261 73 22 dagens
1624 262 118 17 Kamrarnas

1063 275 20 32 ad
1166 273 12 32 |
1178 278 95 18 Motioner
1325 274 112 32 utlåtanden
1518 291 12 17 VE
1609 291 146 18 förhandlingar

1066 301 18 25 2
1120 299 41 31 Få
1300 308 47 18 eller
1360 309 98 17 memorial
1508 296 39 12 Re
1721 297 12 16 &

1071 320 6 29 so
1120 325 41 19 |G
1500 321 63 17 velser

1062 342 97 41 fl

1120 374 36 45 123
1155 352 113 75 [relax
1272 352 100 75 |E]Z|
1389 386 16 27 =
1408 352 29 75 |
1449 376 70 45 12
1521 352 20 75 |
1550 352 37 75 2)
1593 375 71 41 none
1666 352 20 75 |
1695 375 71 41 äran

191 438 152 22 Alkoholister.

235 469 106 26 upplåtits
352 469 33 20 till
396 469 100 20 förenade
506 469 318 26 mötespassevolanskassornas
835 469 60 24 fond,
905 469 126 20 stuterierna
1046 470 55 20 1927

236 499 52 20 eller
304 499 108 20 Vadstena
427 499 222 26 krigsmanshusfond,
666 499 42 25 må,
725 499 53 20 efter
793 505 26 14 av
830 499 61 20 KM:t
901 499 7 20 i
919 499 58 27 varje
989 500 41 19 sär-

236 529 52 20 skilt
303 528 39 21 fall
358 528 116 21 verkställd
488 529 110 26 prövning,
609 531 52 18 utan
672 529 92 20 särskild
775 529 118 25 ersättning
902 528 34 21 till
947 529 83 20 kronan

236 559 27 26 på
282 558 27 20 de
324 558 78 21 villkor
417 559 8 19 i
441 559 74 25 övrigt,
532 559 61 19 KM:t
608 559 43 20 kan
667 559 58 20 finna
741 559 78 25 skäligt
834 559 126 24 bestämma,
977 565 52 20 upp-

235 588 55 21 låtas
308 588 35 20 till
358 588 114 27 landsting,
489 589 111 24 kommun,
617 589 103 26 förening,
737 588 91 21 stiftelse
843 588 52 21 eller
910 595 72 13 annan
997 588 34 20 för

237 618 138 21 anordnande
391 625 26 14 av
433 618 81 21 allmän
530 618 201 21 alkoholistanstalt.

193 707 8 15 1
220 702 42 20 Till
278 703 80 19 statens
371 701 155 22 vårdanstalter
538 702 33 20 för
581 702 138 21 alkoholister
729 702 37 20 vid
777 702 95 27 Svartsjö
883 702 39 20 och
934 702 6 20 i
952 702 77 20 Lands-
1044 702 58 22 1928]
1120 703 17 20 1:
1147 703 12 20 5
1297 703 12 20 61
1340 703 75 20 ET-D
1448 704 83 20 SOA
1597 704 55 20 TT21:57,
1699 704 34 21 31-20:
1744 710 25 15 89

234 732 67 20 krona
325 732 84 20 anvisas
432 732 34 20 för
488 732 126 26 budgetåret
638 730 125 29 1928/1929
787 734 31 18 ett
836 734 60 18 extra
915 732 73 26 anslag
1004 739 26 13 av
1115 737 41 23 p.31

235 762 26 20 27
272 761 43 21 000
331 762 31 20 kr.
379 764 32 18 att
426 762 51 26 utgå
493 768 26 14 av
535 762 125 20 statverkets
676 762 52 20 fond
744 769 26 13 av
785 762 193 26 rusdrycksmedel.

192 850 9 15 2
219 845 38 20 RD
276 845 124 26 godkänner
418 847 43 18 stat
476 845 32 20 för
524 847 80 19 statens
619 845 132 21 vårdanstalt
766 846 13 19 å
795 845 113 26 Venngarn
924 845 34 20 för
973 845 56 20 alko:|
1068 854 8 10 »>
1118 845 40 21 |1:5
1297 846 53 20 öE
1404 847 12 20 51
1448 847 55 20 1415
1513 848 18 19 Al
1556 851 9 15 så
1596 846 56 21 21:7
1660 842 31 35 |
1699 847 70 21 20:59

234 875 95 25 holister,
346 877 31 19 att
393 875 109 26 tillämpas
518 875 25 20 fr.
560 882 18 13 o.
596 882 28 13 m.
642 875 124 26 budgetåret
781 874 136 27 1928/1929;
929 875 39 20 och
980 874 50 21 ned-
1115 880 45 23 p.32

235 906 66 19 sättes
320 904 36 21 det
375 905 43 20 ord.
439 905 186 26 förslagsanslaget
639 904 34 21 till
689 906 79 19 statens
784 905 133 20 vårdanstalt
932 906 12 19 å
960 905 68 20 Venn-

234 941 52 19 garn
307 934 34 21 för
364 934 138 21 alkoholister
524 934 49 21 med
594 935 12 19 2
618 934 41 20 700
675 934 31 21 kr.
724 934 33 21 till
774 934 41 20 127
826 934 42 21 000
885 935 38 23 kr.;
940 935 40 20 och
996 935 33 19 be-

234 964 74 24 slutes,
332 966 32 18 att
387 964 95 21 nämnda
504 964 73 26 anslag
600 964 55 20 skall
673 965 52 25 utgå
740 971 26 13 av
782 964 137 21 statsverkets
935 964 53 20 fond
1003 971 27 14 av

234 994 193 26 rusdrycksmedel.

191 1082 10 15 3
219 1077 38 20 RD
276 1077 85 20 anvisar
376 1077 34 20 för
426 1077 124 26 budgetåret
562 1076 125 28 1928/1929
704 1084 26 13 av
749 1077 36 20 det
800 1079 52 18 utav
869 1076 56 21 1926
942 1077 33 20 års
991 1077 38 20 RD|
1067 1085 9 11 »
1117 1078 41 21 11:51
1189 1078 82 21 86/176|
1298 1077 12 21 6]
1340 1078 11 20 1]
1404 1079 12 20 5|
1449 1083 24 16 18)5
1492 1079 40 19 A|
1557 1082 9 16 7]
1597 1072 34 37 21:
1639 1079 139 20 7d|20:59d

234 1107 108 26 beviljade
365 1106 96 26 anslaget
479 1107 12 19 å
512 1106 41 21 150
563 1106 42 21 000
622 1107 30 20 kr.
669 1106 34 21 till
718 1107 121 26 främjande
855 1113 27 14 av
897 1106 132 27 nykterhets-
1114 1112 46 23 p.33
1176 1108 41 20 |190
1229 1107 42 21 326

234 1136 144 21 nämndernas
401 1136 137 21 verksamhet
561 1143 28 13 m.
605 1143 28 13 m.
653 1137 69 20 såsom
740 1139 60 18 extra
815 1136 215 26 reservationsanslag

235 1168 31 18 ett
288 1166 78 26 belopp
386 1173 26 13 av
432 1166 26 20 35
468 1166 43 20 000
527 1166 39 24 kr.,
582 1166 46 20 dels
643 1166 34 20 till
694 1166 73 26 bidrag
782 1166 34 20 till
831 1166 94 20 erkända
940 1166 40 20 och
996 1173 33 13 en-

234 1196 71 20 skilda
320 1196 229 20 alkoholistanstalters
565 1196 167 20 driftkostnader
747 1198 30 18 ett
793 1198 60 18 extra
866 1196 164 26 förslagsanslag

235 1232 26 14 av
277 1225 40 20 135
328 1225 42 21 000
386 1226 39 24 kr.,
442 1225 45 21 dels
503 1226 33 20 till
547 1228 81 18 statens
638 1225 115 21 kostnader
763 1226 33 20 för
806 1226 75 26 farliga
892 1226 139 20 alkoholister

234 1262 28 13 m.
280 1262 29 13 m.
326 1257 31 19 ett
367 1257 65 18 extra
447 1255 165 26 förslagsanslag
627 1262 27 14 av
670 1256 12 19 5
692 1255 42 21 000
750 1256 39 25 kr.,
805 1255 46 21 dels
866 1255 34 21 till
912 1255 74 26 bidrag
996 1255 33 20 till

234 1285 138 20 anordnande
388 1292 26 14 av
430 1285 94 20 erkända
539 1285 219 20 alkoholistanstalter
771 1287 31 18 ett
812 1287 60 18 extra
882 1286 147 19 reservations-

234 1315 74 25 anslag
331 1322 26 13 av
382 1314 77 21 15000
483 1315 38 24 kr.,
546 1315 46 20 dels
608 1315 33 20 till
657 1321 57 14 resor
730 1315 36 20 vid
781 1315 207 26 tvångsinternering
1004 1321 26 14 av

234 1344 138 21 alkoholister
387 1346 31 19 ett
428 1346 60 19 extra
498 1344 165 26 förslagsanslag
679 1351 26 14 av
722 1344 26 20 10
758 1344 43 20 000
815 1345 39 24 kr.,
866 1344 46 21 dels
923 1344 34 21 till
968 1345 61 19 inter-

234 1374 200 26 neringskostnader
449 1374 8 20 i
473 1374 56 21 vissa
539 1374 39 20 fall
590 1376 30 19 ett
631 1376 60 19 extra
701 1374 164 26 förslagsanslag
876 1381 25 13 av
912 1375 14 19 4
936 1374 42 20 000
990 1374 39 24 kr.,

235 1404 99 26 samtliga
350 1404 73 26 anslag
439 1406 31 18 att
485 1405 52 25 utgå
549 1411 27 13 av
587 1404 136 21 statsverkets
734 1404 53 20 fond
797 1411 26 13 av
834 1404 194 26 rusdrycksmedel;

235 1434 39 20 och
290 1433 108 27 medgiver
414 1434 44 24 RD,
475 1435 32 19 att
520 1441 26 13 av
556 1434 148 26 nyssnämnda
719 1434 73 26 anslag
811 1434 34 20 till
861 1434 75 26 bidrag
951 1434 33 20 till
1001 1440 28 14 er-

235 1463 71 21 kända
321 1464 39 20 och
377 1463 98 21 enskilda
490 1463 228 21 alkoholistanstalters
732 1463 168 21 driftkostnader
910 1464 36 20 må
956 1464 74 20 kunna

234 1493 34 20 till
284 1493 93 20 erkända
393 1493 223 20 alkoholistanstalten
628 1493 104 20 Hemmet
748 1493 141 26 Gunnarskog
899 1493 33 20 för
943 1493 87 26 budget-

235 1523 45 20 året
300 1522 125 22 1928/1929
442 1524 51 25 utgå
509 1523 74 26 bidrag
597 1523 35 20 till
648 1523 195 20 driftkostnaderna
854 1523 50 20 med
916 1525 17 23 ej
946 1523 84 20 mindre

235 1554 31 19 ett
281 1553 78 26 belopp
375 1560 26 14 av
416 1560 26 13 en
459 1553 30 20 kr.
506 1553 34 20 för
555 1553 41 26 dag
612 1553 39 20 och
667 1553 109 26 vårdplats
792 1555 27 18 än
835 1555 53 18 även
905 1555 30 18 ett
953 1553 77 26 belopp

234 1583 33 20 för
282 1582 100 27 vårddag,
399 1589 46 14 som
461 1583 50 20 med
527 1589 26 14 en
569 1583 31 20 kr.
617 1582 133 26 understiger
763 1583 37 20 det
810 1583 33 20 till
854 1583 72 26 övriga
936 1582 94 21 erkända

234 1612 218 21 alkoholistanstalter
467 1613 105 26 utgående
589 1612 155 27 statsbidraget.

192 1695 8 15 1
219 1690 43 20 Till
278 1692 80 18 statens
371 1690 155 20 vårdanstalter
536 1690 33 20 för
579 1690 139 20 alkoholister
728 1689 37 21 vid
776 1690 95 26 Svartsjö
882 1690 40 20 och
933 1690 7 20 i
950 1690 79 20 Lands-
1044 1688 92 23 192911:
1146 1690 12 20 5
1297 1690 12 21 6)
1340 1689 10 20 1]
1403 1690 101 20 512515
1514 1690 18 19 Al
1556 1695 10 16 9
1598 1690 69 20 22:191
1699 1691 69 20 29:22

234 1720 68 20 krona
317 1720 84 20 anvisas
416 1720 33 20 för
460 1720 125 26 budgetåret
596 1718 126 29 1929/1930
734 1722 31 18 ett
775 1721 60 19 extra
845 1720 80 25 anslag,
936 1722 32 18 att
978 1720 52 26 utgå
1114 1724 46 22 p.29

234 1756 27 14 av
277 1750 127 20 statverkets
419 1749 53 21 fond
487 1756 27 14 av
528 1749 193 27 rusdrycksmedel,
737 1756 26 14 av
780 1750 26 19 27
816 1749 43 21 000
876 1749 31 21 kr.

192 1832 10 15 2
219 1827 38 19 RED
276 1826 123 26 godkänner
417 1828 43 19 stat
474 1827 33 20 för
523 1828 79 19 statens
618 1827 132 20 vårdanstalt
765 1827 13 20 å
794 1827 114 26 Venngarn
923 1827 33 20 för
972 1827 56 20 alko-|
1067 1834 9 10 »
1117 1826 41 20 |1:5
1297 1826 12 20 6!
1339 1825 11 20 1)
1404 1827 12 20 51
1449 1826 217 21 2515A|91-22:19]
1698 1826 70 20 29:22

234 1856 95 24 holister,
346 1858 31 19 att
392 1856 109 27 tillämpas
517 1857 25 19 fr.
559 1863 19 13 o.
595 1863 28 13 m.
638 1856 126 27 budgetåret
781 1854 135 29 1929/1930;
929 1856 39 21 och
979 1856 49 20 ned-
1114 1861 46 22 p.-30

234 1888 65 18 sättes
318 1886 36 20 det
372 1886 44 20 ord.
436 1886 185 26 förslagsanslaget
637 1886 33 21 till
686 1888 80 19 statens
782 1886 132 21 vårdanstalt
929 1887 13 19 å
957 1886 71 20 Venn-

233 1922 52 20 garn
301 1916 33 20 för
349 1916 145 25 alkoholister,
510 1918 32 18 att
556 1917 51 25 utgå
620 1923 26 13 av
657 1916 138 21 statsverkets
806 1916 53 20 fond
870 1923 26 13 av
907 1915 121 27 rusdrycks-

234 1945 78 27 medel,
328 1945 50 21 med
394 1946 12 20 4
417 1945 42 21 000
475 1946 32 20 kr.
523 1946 34 20 till
574 1946 41 20 123
625 1946 43 20 000
685 1946 30 20 kr.

192 2029 9 15 38
219 2024 38 20 RD
273 2024 85 20 anvisar
373 2023 33 20 för
421 2023 126 26 budgetåret
563 2021 126 29 1929/1930
706 2023 45 20 dels
767 2029 27 14 av
809 2023 37 20 det
863 2024 52 19 utav
927 2022 56 20 1926
995 2023 34 20 års
1034 2017 15 37 |
1067 2030 9 11 »
1118 2022 41 20 |1:5/|
1189 2022 28 20 22
1298 2021 118 22 6111-51]
1448 2027 25 17 27/5
1543 2028 24 15 Alro]
1597 2022 135 21 22:191-29:
1744 2028 24 15 22

234 2054 38 20 RD
288 2053 107 27 beviljade
406 2053 97 26 anslaget
513 2053 12 20 å
537 2052 42 21 150
587 2052 42 21 000
641 2053 31 20 kr.
683 2053 34 20 till
728 2052 121 27 främjande
860 2059 26 14 av
897 2052 132 27 nykterhets-
1115 2057 45 22 p.31
