1865 2362
188 155 28 21 82
905 161 136 15 SAKREGISTER

190 438 175 27 Biografbyrån.

193 475 9 15 2
220 469 42 20 Till
278 469 136 20 bestridande
431 476 25 13 av
472 469 142 20 kostnaderna
630 469 33 20 för
678 469 166 26 dyrtidstilllägg
859 470 22 20 åt
891 470 138 26 befattnings-

235 499 78 21 havare
329 500 6 19 i
352 501 80 18 statens
456 499 134 27 biografbyrå
614 499 83 20 anvisas
713 499 33 20 för
762 499 124 26 budgetåret
904 499 124 27 1926/1927

235 531 31 19 ett
289 532 60 17 extra
372 529 213 26 reservationsanslag
608 536 25 14 av
658 529 26 20 15
694 529 42 20 000
758 529 30 20 kr.
806 531 31 18 att
852 529 70 21 direkt
937 530 51 26 utgå
1004 536 25 14 av

236 560 90 25 avgifter
341 559 33 21 för
389 559 130 27 granskning
535 566 25 14 av
576 559 157 26 biografbilder.

195 637 5 15 1
220 632 38 20 RD
276 631 111 25 förklarar,
407 633 31 19 att
456 631 249 26 avlöningsreglementet
720 631 33 20 för
769 631 209 26 befattningshavare
993 631 36 21 vid

235 661 202 27 statsdepartement
459 661 39 20 och
521 662 57 20 vissa
600 661 66 21 andra
689 661 57 25 verk,
766 661 128 21 tillhörande
910 661 41 21 den
967 662 63 20 civila

235 691 217 26 statsförvaltningen,
472 691 55 20 skall
545 692 25 19 fr.
587 698 18 14 o.
623 698 28 13 m.
669 691 40 21 den
722 691 11 20 1
750 691 41 27 juli
809 691 55 20 1927
881 693 40 24 äga
936 691 93 27 tillämp-

235 722 52 26 ning
303 722 11 20 å
331 721 208 26 befattningshavare
555 721 36 21 vid
607 723 80 19 statens
703 722 143 26 biografbyrå;
864 722 40 20 och
914 722 115 20 fastställes

235 752 155 25 avlöningsstat
408 752 33 20 för
460 753 80 19 statens
556 751 135 27 biografbyrå
706 758 28 13 m.
752 758 36 17 m.;
805 751 40 21 och
861 751 108 26 medgiver
984 752 45 24 RD,

235 783 32 19 att
282 781 143 21 kostnaderna
440 781 33 20 för
486 781 26 20 de
522 782 114 23 förmåner,
648 788 46 13 som
705 781 138 20 omförmälas
854 782 7 19 i
872 782 27 19 25
911 781 39 21 och
962 781 27 20 32
1001 782 28 25 $$

235 818 27 14 av
278 811 94 21 nämnda
388 811 245 26 avlöningsreglemente,
650 812 36 19 må
698 811 102 21 bestridas
811 811 47 20 från
870 811 158 27 anslagsposten

235 841 34 20 till
285 841 125 26 avlöningar
424 841 33 20 till
473 841 44 20 ord.
533 841 138 27 tjänstemän,
688 841 26 20 de
730 841 6 20 i
753 841 27 20 26
793 841 13 26 $
817 848 27 14 av
855 841 173 26 avlöningsregle-

235 873 83 19 mentet
333 871 142 20 omförmälda
485 871 115 21 kostnader
609 871 48 20 från
669 871 160 27 biografbyråns
840 871 188 20 överskottsmedel

235 903 56 19 samt
307 901 41 20 den
364 901 7 20 i
387 901 27 20 29
430 901 12 25 $
454 908 26 13 av
490 901 250 26 avlöningsreglementet
750 901 143 20 omförmälda
904 901 124 24 kostnaden,

235 931 38 20 där
286 931 66 20 sådan
363 931 149 24 förekommer,
523 931 47 20 från
582 931 159 27 anslagsposten
752 931 33 20 till
797 931 124 26 avlöningar
931 931 33 20 till
975 931 54 20 icke-

234 961 106 21 ordinarie
363 961 216 26 befattningshavare;
596 961 40 20 och
652 961 108 26 medgiver
776 961 44 25 RD,
837 962 31 19 att
883 961 70 20 därest
968 961 60 20 KM:t

235 992 102 25 antingen
360 991 50 21 med
433 991 47 20 stöd
496 998 26 14 av
538 991 26 20 31
582 991 13 26 8
612 991 250 26 avlöningsreglementet
877 991 33 20 för
925 991 103 20 särskilda

234 1021 39 20 fall
289 1022 68 19 finner
373 1028 26 13 en
415 1021 106 20 avvikelse
537 1021 48 20 från
600 1021 26 20 de
642 1021 7 20 i
668 1020 26 21 19
711 1021 13 26 &
740 1028 27 13 av
779 1021 138 26 reglementet
928 1021 101 26 stadgade

234 1051 67 25 regler
324 1057 35 14 om
383 1051 208 25 vikariatersättning
613 1051 101 26 påkallad
733 1051 51 20 eller
799 1051 7 19 i
822 1051 149 20 motsvarande
990 1051 38 20 fall

234 1081 50 20 med
303 1080 48 21 stöd
369 1087 27 14 av
415 1081 28 20 34
459 1081 13 25 $
489 1080 138 21 tillerkänner
644 1080 160 21 icke-ordinarie
820 1081 208 26 befattningshavare

234 1111 226 25 vikariatsersättning,
474 1111 62 20 KM:t
546 1111 36 20 må
592 1112 40 25 äga
642 1112 31 19 att
684 1110 33 21 för
727 1110 123 21 ändamålet
860 1112 48 25 taga
918 1111 8 20 i
936 1111 92 26 anspråk

234 1141 41 20 den
292 1141 7 19 i
315 1142 69 19 staten
408 1142 109 25 upptagna
540 1140 160 27 anslagsposten
723 1140 34 20 till
781 1140 123 26 avlöningar
927 1140 34 20 till
984 1140 43 21 ord.

234 1171 140 26 tjänstemän;
391 1170 39 21 och
447 1171 101 26 uppföres
564 1170 68 21 under
648 1170 33 21 8:e
692 1170 40 20 HT
743 1170 68 21 under
821 1170 111 21 rubriken:
944 1171 84 20 Statens

235 1201 136 26 biografbyrå
393 1202 31 18 ett
442 1200 43 20 ord.
505 1200 214 26 reservationsanslag
734 1201 13 19 å
763 1200 26 20 75
800 1200 42 20 300
861 1200 31 20 kr.
913 1202 31 19 att
959 1200 70 21 direkt

235 1231 49 25 utgå
303 1237 26 13 av
348 1230 90 26 avgifter
453 1230 33 20 för
501 1230 130 26 granskning
647 1237 26 13 av
689 1230 159 26 biografbilder;
865 1230 39 20 och
921 1230 108 26 medgiver

234 1260 44 24 RD,
295 1262 32 18 att
342 1260 136 24 reservation,
494 1266 46 14 som
556 1260 42 20 kan
614 1260 134 26 uppkomma
763 1260 13 20 å
791 1260 95 20 nämnda
902 1260 79 26 anslag,
993 1261 36 19 må

234 1291 7 19 i
257 1290 41 20 den
314 1290 136 26 omfattning,
467 1290 61 20 KM:t
542 1291 76 25 prövar
628 1289 105 27 lämpligt,
745 1289 107 21 användas
864 1289 33 21 till
907 1290 121 26 främjande

234 1327 26 13 av
282 1319 80 21 sådana
377 1320 7 20 i
400 1319 105 21 samband
527 1319 49 21 med
600 1319 187 26 kinematografien
812 1319 86 21 stående
920 1320 107 24 ändamål,

234 1356 46 14 som
296 1350 61 20 KM:t
373 1349 68 21 finner
456 1356 50 13 vara
522 1349 102 27 förtjänta
640 1356 26 14 av
682 1349 122 20 understöd.

192 1427 9 15 2
219 1422 38 20 RD
276 1423 86 24 antager
380 1421 79 26 förslag
474 1421 34 20 till
524 1421 35 26 lag
574 1428 35 13 om
625 1421 82 20 ändrad
723 1420 81 27 lydelse
820 1427 26 14 av
862 1421 12 20 5
891 1421 39 20 och
947 1421 13 20 6
977 1421 27 25 88
1022 1421 6 20 i

234 1451 62 26 lagen
319 1451 41 20 den
386 1451 25 20 11
433 1451 43 20 okt.
496 1450 54 21 1907
567 1451 34 26 (nr
616 1451 37 26 85)
668 1457 46 20 ang.
730 1451 63 20 civila
808 1451 220 27 tjänsteinnehavares

234 1483 42 18 rätt
292 1481 33 20 till
341 1481 98 26 pension;
456 1481 55 20 dock
527 1482 31 19 att
573 1481 7 20 i
597 1481 12 20 5
626 1481 13 25 $&
656 1481 22 25 k)
693 1481 54 20 efter
762 1481 65 20 orden
846 1481 88 20 »chefen
944 1481 33 20 för
989 1482 38 19 sta-

234 1513 47 19 tens
297 1511 147 26 biografbyrå»
463 1511 60 20 ordet
541 1511 217 26 »granskningsman»
776 1510 55 21 skall
847 1511 59 25 utgå;
921 1511 39 20 och
971 1511 56 20 med-

234 1542 58 25 giver
310 1541 44 25 RD,
374 1543 31 18 att
424 1541 26 20 de
468 1541 118 26 pensioner,
606 1547 46 14 som
671 1540 50 21 med
740 1540 137 27 tillärapning
892 1547 27 14 av
934 1541 95 20 nämnda

234 1571 35 26 lag
284 1571 88 20 komma
383 1573 31 18 att
424 1571 50 26 utgå
485 1571 34 20 till
529 1571 208 26 tjänsteinnehavare
749 1570 36 21 vid
795 1572 80 19 statens
886 1571 141 26 biografbyrå,

235 1602 35 19 må
287 1601 103 20 bestridas
406 1608 26 13 av
448 1601 235 26 reservationsanslaget
699 1600 34 21 till
750 1600 155 27 biografbyrån.

219 1666 43 20 Till
280 1666 135 21 bestridande
431 1673 26 14 av
473 1666 143 21 kostnaderna
631 1666 34 20 för
680 1666 157 27 dyrtidstillägg
853 1667 21 19 åt
890 1666 137 26 befattnings-

234 1697 78 20 havare
328 1697 7 19 i
351 1698 79 19 statens
450 1696 135 27 biografbyrå
603 1696 33 21 för
655 1696 124 26 budgetåret
799 1695 125 26 1928/1929
944 1696 84 20 anvisas

235 1728 30 19 ett
288 1728 60 18 extra
370 1726 215 26 reservationsanslag
607 1733 26 13 av
658 1726 78 20 10000
756 1726 30 20 kr.
804 1728 31 18 att
850 1726 70 20 direkt
935 1726 51 26 utgå
1002 1733 25 13 av

234 1756 90 26 avgifter
339 1756 33 20 för
387 1756 130 26 granskning
532 1763 26 13 av
574 1756 156 26 biografbilder.

219 1822 38 20 RD
273 1822 78 26 uppför
366 1833 29 3 —
411 1821 49 21 med
474 1821 136 21 uteslutande
621 1828 25 14 ur
656 1821 114 21 riksstaten
782 1828 26 14 av
819 1821 36 20 det
865 1821 68 20 under
944 1821 33 20 8:e
988 1821 40 20 HT

234 1851 68 21 under
323 1851 83 21 rubrik:
431 1852 84 20 Statens
539 1851 134 27 biografbyrå
696 1853 109 25 upptagna
820 1851 44 20 ord.
880 1851 147 20 reservations-

234 1881 95 26 anslaget
344 1881 33 21 till
393 1883 80 19 statens
489 1881 136 27 biografbyrå
640 1882 12 19 å
669 1881 27 20 75
705 1881 42 20 300
763 1881 31 20 kr.
811 1882 32 19 att
858 1881 69 20 direkt
941 1881 50 26 utgå
1002 1888 25 13 av

234 1912 90 25 avgifter
347 1911 33 20 för
403 1911 131 26 granskning
557 1918 25 13 av
606 1910 152 27 biografbilder
781 1922 28 3 —
828 1910 109 21 därstädes
960 1910 68 21 under

233 1948 84 13 samma
332 1941 73 20 rubrik
416 1943 31 19 ett
456 1941 45 20 ord.
512 1941 163 26 förslagsanslag
686 1942 12 19 å
710 1940 26 21 75
746 1940 43 21 300
800 1941 38 23 kr.;
850 1941 39 20 och
900 1941 84 20 anvisas
995 1941 33 20 till

233 1971 122 27 främjande
378 1978 26 14 av
427 1972 57 20 vissa
504 1971 8 20 i
532 1971 105 20 samband
661 1971 50 20 med
735 1970 183 27 biografväsendet
941 1970 87 21 stående

234 2001 101 20 ändamål
350 2001 33 20 för
400 2001 124 26 budgetåret
541 1999 125 29 1929/1930
681 2003 31 18 ett
722 2002 60 19 extra
792 2000 214 27 reservationsanslag
1016 2001 13 20 å

235 2031 27 20 50
272 2031 42 20 900
337 2031 37 24 kr.;
398 2031 81 21 motion
498 2038 35 13 om
550 2031 42 20 viss
608 2031 104 26 reglering
728 2037 26 14 av
769 2030 260 27 granskningsavgifterna

235 2061 75 21 avslås.

1116 224 41 31 SA
1274 218 2 44 |
1498 229 54 17 Riks-

1064 255 17 26 =
1116 253 36 35 2e
1216 277 4 4 E
1274 263 1 22 I
1332 243 94 43 Utskötte-
1489 251 72 34 dagens
1619 259 117 17 Kamrarnas

1064 285 17 26 AO)
1117 301 11 9 a
1141 291 17 27 a
1174 278 95 17 otioner
1271 273 7 49 i
1320 277 114 33 UtAtaden
1433 273 65 49 CP
1503 289 46 17 äga-S]:s
1603 289 145 22 förhandlingar

1064 315 17 28 2
1136 311 16 29 Se
1274 335 2 7 |
1296 307 47 18 eller
1356 307 98 18 memorial
1496 319 62 17 valser

1059 346 17 12 &
1117 341 40 22 1235
1227 337 48 30 Eve
1482 356 86 2 FER

1064 362 18 24 &
1118 355 35 28 ler
1290 368 50 12 gb
1445 375 16 12 2
1546 375 17 12 2)
1591 373 55 17 Första
1668 365 18 36 |
1693 373 42 18 And

1290 381 11 10 2
1334 376 18 24 AS
1376 378 13 22 [>
1445 388 16 6 me
1498 385 11 8 +
1546 389 17 4 re
1620 378 39 12 rsta
1710 379 48 12 ndra

1065 390 11 9 3
1118 384 35 40 25
1179 386 87 17 ESP
1332 391 16 31 äl
1385 394 17 18 +
1408 387 30 39 |
1445 395 17 25 8
1499 394 16 18 5
1546 395 17 25 |)
1588 397 71 18 kamm.
1664 387 25 39 |
1690 397 70 18 kamm.

1046 471 124 28 192611:8]
1275 440 1 64 |
1295 471 12 20 6
1337 440 22 77 1
1400 471 69 20 817818
1487 470 80 20 Ala7|
1592 470 69 21 28:97
1663 466 19 36 |
1686 470 33 20 28:
1733 475 36 15 118

1109 512 17 16 p.
1131 496 39 36 203)
1275 510 1 21 I

1169 592 1 16 |
1275 584 1 36 |
1358 598 1 11 I
1474 581 2 7 I

1044 629 126 25 192711:8]
1229 621 47 42 te)
1295 633 12 20 6)
1337 611 22 49 1)
1399 633 13 20 8
1430 633 131 20 hrar|8spos)
1594 632 65 20 16:31]
1695 632 81 31 17:02]

1109 668 61 22 p-231/
1275 664 1 27 I
1358 662 1 34 |
1474 683 2 29 |

1275 730 1 22 |
1358 736 1 20 |

1275 865 2 6 I
1358 873 1 3 |
1474 861 2 14 |

1275 886 2 25 I
1358 881 1 27 |
1474 883 2 63 |

1276 946 1 4 I
1475 949 1 9 II

1358 973 2 16 |
1475 969 5 24 |

1168 1026 1 30 |
1275 1031 2 17 |
1358 1026 2 25 |

1168 1058 1 12 I
1275 1058 2 14 I
1358 1064 2 16 I

1275 1088 2 23 |
1479 1087 2 29 |

1275 1112 1 13 |
1358 1113 1 7 |

1275 1126 1 16 |
1358 1128 1 9 |
1479 1126 2 17 |

1475 1147 5 21 |

1358 1173 1 6 |
1475 1169 5 21 )

1475 1199 5 19 I

1475 1218 5 17 I

1475 1262 5 36 |

1475 1296 5 12 I

1475 1313 6 31 |

1423 1360 1 11 I
1475 1348 5 36 |

1220 1374 2 17 |
1423 1374 1 12 |
1530 1380 1 3 |

1474 1361 57 54 a

1065 1428 9 11 >
1115 1421 41 20 |143]
1221 1408 1 28 |
1294 1421 23 23 8)
1385 1412 39 33 42]
1474 1414 57 31 97l
1551 1403 32 50 |
1591 1420 69 21 30:27)
1692 1420 69 21 30:50

1316 1445 1 7 I
1474 1446 6 13 I
1530 1449 1 8 I

1316 1456 1 28 |
1423 1454 1 29 |
1474 1459 57 37 ER
1672 1465 1 15 |

1316 1488 1 16 |
1474 1488 5 16 ärter

1316 1506 1 21 |
1474 1507 57 20 ln

1474 1545 6 37 |
1530 1560 1 26 |

1474 1585 57 39 era)

1220 1651 1 4 I
1315 1640 1 15 I
1423 1645 1 21 |
1474 1625 6 50 |
1530 1645 1 11 I

1042 1664 57 23 19281
1115 1666 41 21 1:8
1220 1674 1 4 |
1294 1666 11 20 6!
1336 1665 10 20 1|
1399 1665 101 27 8l154/8
1508 1659 75 38 Alir9]
1592 1665 83 20 26:96]
1693 1665 69 20 27:92

1107 1707 17 16 p.
1127 1696 36 32 237
1220 1698 1 14 I
1316 1700 1 21 |
1474 1689 6 61 |
1673 1697 1 27 |

1220 1735 1 16 |
1316 1740 1 33 |
1475 1741 5 29 sd
1673 1753 1 13 |

1316 1784 1 24 |
1423 1793 1 14 |
1474 1781 6 44 |
1530 1792 2 6 i
1673 1810 1 9 |

1044 1820 112 22 192911:
1139 1816 10 37 8
1228 1820 40 21 118!
1294 1820 12 20 6)
1337 1820 10 20 1|
1399 1820 126 28 817118
1537 1827 31 12 Alzos|
1592 1820 69 20 21:38
1663 1814 15 38 |
1693 1821 70 20 26:85

1107 1862 17 16 p.
1129 1856 35 18 254
1316 1852 1 11 I
1423 1849 1 19 I
1474 1848 6 40 |
1673 1854 2 2 I

1221 1894 1 23 |
1479 1879 1 48 ÖR

1221 1923 1 8 I
1530 1916 2 12 I

1221 1934 1 10 |
1423 1933 1 3 |

1221 1974 1 15 |
1317 1970 1 3 |
1531 1984 1 3 |

1317 2014 1 14 |
1423 2000 2 28 |
1479 2003 1 49 |
1531 2008 1 13 |

1317 2031 1 10 I

1221 2047 2 3 |
1317 2043 1 19 |
1424 2033 1 29 [Re

1222 2065 1 6 |
1317 2064 1 14 |
1441 2044 38 39 RR

1221 2074 2 13 I
1317 2082 1 4 I
1424 2074 1 12 I
1479 2079 2 6 I
