1852 2362
816 145 135 34 SAKREGISTER
1645 148 42 20 167

945 212 1 25 |
1183 223 2 23 I
1410 223 52 17 Riks-

1138 240 37 38 EE
1184 253 1 12 |
1260 243 76 15 (Skoler
1400 245 71 35 dagens
1529 253 118 17 Kamrarnas

1050 284 3 3 =
1085 271 100 20 Motioner
1177 267 12 30 |
1218 267 125 31 utlåtanden
1414 270 46 34 skor:
1514 282 145 22 förhandlingar

1184 294 1 15 I
1341 301 3 4 3

1184 311 1 25 |
1206 301 47 17 eller
1266 301 98 18 memorial
1406 313 63 17 Felser

1046 217 21 64 Bun

1584 355 2 7 T

1505 367 65 17 Första
1584 364 2 17 |
1604 366 65 18 Andra

1500 391 70 17 kamm.
1585 401 1 23 |
1601 391 70 17 kamm.

969 324 21 68 1883
973 247 17 72 psNIY

1026 294 18 104 19S[9ALLYS
1026 235 17 46 tala

1046 364 16 54 "doad
1046 293 22 64 sklen

1296 379 16 16 Zz

1296 398 11 8 4

1355 369 17 45 BvPpIS

1409 379 17 27 IN

1443 434 2 9 ä
1457 369 18 45 eps

113 464 61 20 Inom
195 463 161 27 Östergötlands
371 464 46 20 län:

100 499 9 15 9
128 494 37 20 RD
182 494 113 26 medgiver,
316 496 31 18 att
365 494 48 20 från
428 493 200 27 kronoegendomen
646 493 10 20 1
673 493 82 21 mantal
771 493 75 27 Torsjö
862 500 25 13 nr
904 492 10 20 1
930 493 9 20 i
954 493 55 20 1925]
1033 493 27 20 28

143 523 122 27 Godegårds
277 524 77 20 socken
370 524 36 20 må
422 524 98 26 försäljas
536 523 45 21 dels
593 526 30 18 ett
634 524 6 19 i
652 523 231 26 statsrådsprotokollet
896 529 43 14 om-
1030 529 33 21 p.1

143 554 94 24 förmält,
262 554 49 20 med
334 554 40 20 litt.
400 554 16 19 F
432 554 113 20 betecknat
561 553 87 20 område
664 553 33 21 till
714 553 122 25 Godegårds
853 559 85 20 evange-

143 583 56 21 liska
215 583 110 20 lutherska
341 584 206 25 missionsförening,
555 583 45 20 dels
609 583 74 20 ock'de
681 578 14 36 i
708 582 231 26 statsrådsprotokollet

145 613 50 20 med
218 613 41 20 litt.
285 614 25 23 A,
335 613 24 24 B,
376 613 23 26 C,
415 613 25 24 D,
458 613 24 23 E,
500 613 25 24 G,
542 613 20 24 J,
578 613 28 24 K,
623 613 17 19 L
655 613 40 20 och
711 613 23 19 M
750 612 130 20 betecknade
896 619 42 13 dn
1079 600 1 29 |

143 643 85 24 rådena,
246 645 45 18 vart
307 643 32 20 för
355 643 31 25 sig
402 643 50 20 med
468 643 7 20 i
491 649 84 14 samma
590 642 106 27 protokoll
712 643 90 25 angiven
818 642 56 21 areal
889 642 50 20 med
1079 655 1 4 |

143 673 150 20 hembudsrätt
315 673 33 20 för
364 673 24 20 G.
407 673 32 20 W.
459 673 121 20 Johansson
596 673 33 20 till
645 672 97 21 området
757 672 41 21 litt.
816 673 18 19 A
850 672 39 20 och
906 672 33 20 för
1079 676 1 3 |
1132 665 1 48 |

1132 717 1 11 I

1132 740 1 12 I

1132 754 1 22 |

1607 493 32 20 16:
1651 499 23 15 23

100 433 167 29 Avsöndringar
282 441 26 13 m.
325 440 26 14 m.
1079 435 1 37 |
1133 433 1 82 |
1228 434 1 38 |

1228 473 1 11 I

1187 494 43 45 [0]
1270 491 54 23 [5271
1372 488 73 26 2860)
1507 494 67 20 Arr

1133 527 1 18 |

1228 542 1 17 I

1133 555 1 21 |
1228 564 2 19 |

142 703 19 20 J.
179 704 24 19 A.
222 703 81 20 Wester
319 703 33 20 till
369 703 96 20 området
481 703 40 20 litt.
539 703 16 20 L
571 704 55 19 samt
645 702 49 21 med
703 704 42 19 rätt
753 703 33 19 för
795 702 54 20 Sofia
858 702 80 21 Kvarn-

143 734 65 19 ström
231 734 31 19 att
281 733 126 25 avgiftsfritt
423 733 68 20 under
506 733 33 20 sin
555 732 133 21 återstående
704 732 73 21 livstid
793 732 80 20 kvarbo
889 733 7 19 i
912 739 26 13 en

142 763 69 20 henne
227 763 101 26 tillhörig,
345 763 13 20 å
373 762 134 21 sistnämnda
522 762 87 21 område
626 762 88 26 belägen
730 762 154 26 stugbyggnad.

84 827 25 16 10
127 822 37 20 RD
181 822 115 26 medgiver,
312 824 32 18 att
364 822 133 21 återstående
513 822 35 20 del
564 829 26 13 av
606 822 194 26 kronolägenheten
808 817 128 25 Ålebrunns-|
976 831 7 9 »
1025 822 41 20 |206
1192 822 25 20 10
1296 823 27 20 66
1325 818 15 36 |
1371 823 67 21 21259)
1463 828 9 15 21
1504 823 69 22 32:47
1598 822 33 21 134:
1644 828 37 15 164

140 852 39 20 och
199 852 192 26 Smedjelyckorna
406 853 58 19 inom
481 852 132 26 Linköpings
629 852 47 20 stad
692 858 35 14 om
744 852 49 20 4.72
811 852 75 20 hektar
902 853 35 19 må
1028 856 33 23 p.4
1130 860 2 11 |

140 882 33 20 till
190 882 75 20 staden
281 882 98 26 försäljas
395 884 45 18 mot
456 889 26 13 en
499 882 143 26 köpeskilling
658 888 26 14 av
702 881 40 21 118
752 881 42 20 000
811 882 30 20 kr.

112 948 62 19 Inom
191 946 136 27 Jönköpings
343 947 45 20 län:

84 982 22 15 11
126 977 38 20 RD
180 977 115 25 medgiver,
312 979 37 22 att,
367 977 65 20 sedan
448 979 30 18 ett
494 978 7 19 i
517 977 231 26 statsrådsprotokollet
758 977 124 20 omförmält
892 984 43 13 om-|
974 985 8 10 »
989 973 31 34 |
1031 977 25 20 11
1190 977 25 21 10
1309 979 12 19 21
1369 984 10 15 2
1409 978 32 21 58|
1584 999 1 8 |

141 1006 50 21 råde
214 1013 35 14 om
277 1007 78 20 78.126
381 1007 75 20 hektar
480 1007 110 20 frånskilts
609 1006 199 27 kronoegendomen
826 1006 9 20 1
854 1007 82 20 mantal
1027 1012 34 22 p.3
1266 1012 2 3 |
1440 994 1 37 |
1583 1025 1 5 |

140 1037 121 26 Biskopsbo
277 1044 25 13 nr
319 1036 10 20 1
347 1037 6 20 i
371 1037 110 25 Vrigstads
497 1037 84 25 socken,
598 1036 120 21 detsamma
727 1037 67 26 jämte
803 1036 131 26 egendomen
1583 1046 1 18 |

76 1066 1 23 I
141 1066 128 21 tillhörande
293 1068 116 19 vattenrätt
424 1067 8 19 i
448 1068 26 19 ån
491 1067 71 26 Lagan
586 1067 35 20 må
636 1067 34 20 till
687 1067 67 20 Maria
769 1066 110 20 Petersson
895 1066 39 21 för-
1582 1067 2 28 |

76 1098 1 13 |
140 1096 65 27 säljas
222 1098 45 18 mot
281 1103 26 14 en
323 1096 144 27 köpeskilling
482 1103 26 14 av
525 1097 28 19 84
562 1096 42 21 000
621 1097 31 19 kr.
1074 1109 2 7 |
1582 1096 1 23 |

76 1120 1 14 |
1074 1120 1 18 |
1439 1138 1 4 |

75 1161 32 24 12
125 1156 37 20 RD
179 1156 114 26 medgiver,
310 1158 32 18 att
357 1156 41 20 den
414 1156 58 20 inom
491 1156 105 20 Vetlanda
607 1156 57 20 stads
676 1156 114 26 planlagda
801 1156 86 20 område
899 1156 34 20 be-!
972 1164 8 11 »
993 1152 24 37 |
1029 1156 26 20 75
1187 1157 27 20 10
1293 1158 28 19 24
1394 1154 46 34 111]
1500 1158 33 20 20:
1545 1163 25 15 80
1581 1152 2 3 |
1601 1158 33 20 22:
1646 1163 23 15 35
1682 1160 2 22 |

140 1186 83 25 fintliga
237 1186 150 27 jordlägenhet
402 1186 49 20 med
471 1193 26 13 en
515 1186 108 27 uppgiven
642 1186 56 20 areal
714 1192 26 14 av
748 1186 27 20 50
786 1186 41 20 940
837 1186 96 20 kvadrat-
1682 1186 1 26 |

139 1217 74 23 meter,
230 1216 72 20 vilken
318 1216 7 20 i
342 1216 131 26 jordeboken
498 1216 115 20 benämnes
633 1216 181 26 »Klockarjorden
829 1222 25 14 nr
872 1216 18 24 1,
907 1223 26 13 en

74 1244 2 12 I
139 1247 62 24 äng»,
225 1246 37 20 må
284 1246 99 26 försäljas
400 1246 6 19 i
423 1246 41 20 den
487 1245 96 26 ordning,
608 1246 61 20 KM:t
692 1246 42 20 kan
750 1245 88 21 komma
853 1248 32 18 att
900 1246 33 20 be-

74 1265 2 39 |
139 1277 99 23 stämma,
263 1275 49 21 med
332 1275 122 27 skyldighet
469 1276 33 20 för
517 1276 94 26 köparen
627 1277 31 19 att
674 1275 93 21 bestrida
782 1275 94 26 lagfarts-
893 1276 40 20 och

74 1305 1 7 I
139 1305 66 20 andra
222 1305 50 20 med
288 1305 106 21 förvärvet
409 1305 101 20 förenade
526 1305 121 21 kostnader.
1073 1309 2 19 I

74 1348 30 36 18
123 1364 38 20 RD
177 1365 115 26 medgiver,
309 1367 31 18 att
356 1367 30 18 ett
402 1365 7 19 i
425 1365 231 26 statsrådsprotokollet
671 1365 124 20 omförmält
810 1365 33 20 till
859 1365 74 20 krono-|
972 1373 8 10 »
992 1360 27 36 |
1028 1366 26 20 57
1073 1382 2 10 |
1188 1366 26 20 10
1293 1366 25 20 311]
1368 1367 101 20 1lll3l15]
1500 1367 68 20 22:17
1571 1362 18 35 |
1601 1368 70 20 25:50

73 1394 2 9 |
138 1394 80 26 parken
235 1394 122 21 Nennesmo
373 1394 94 21 hörande
483 1394 86 21 område
585 1401 35 13 om
638 1395 78 20 0.0259
729 1395 76 20 hektar
815 1396 36 19 må
861 1395 71 20 försäl-
1025 1400 33 23 p.2
1073 1410 2 5 |

73 1405 2 37 |
138 1425 33 25 jas
187 1425 12 19 å
215 1424 97 26 offentlig
328 1424 88 20 auktion
433 1424 33 20 till
482 1424 42 21 den
540 1424 172 27 högstbjudande
728 1424 68 20 under
797 1420 55 36 dei
851 1420 83 36 brevet
1438 1449 2 4 I

73 1465 2 8 I
138 1454 41 20 den
196 1454 27 20 29
240 1455 43 26 maj
303 1454 57 20 1874
376 1454 101 26 stadgade
493 1454 78 21 villkor
586 1454 50 21 med
652 1454 149 21 tillträdesrätt
811 1455 33 19 för
854 1455 79 26 köpare
1127 1460 2 4 I
1438 1457 2 25 I

73 1480 1 6 |
138 1484 35 20 vid
190 1484 75 26 köpets
281 1484 133 20 avslutande.

73 1548 30 21 14
123 1544 37 19 RD
182 1544 115 25 medgiver,
321 1546 32 18 att
376 1543 26 21 de
418 1544 59 20 inom
493 1544 133 26 Jönköpings
642 1543 59 21 stads
717 1543 115 27 planlagda
847 1544 86 20 område|
972 1552 8 11 »
1022 1544 53 22 |112]/
1189 1544 25 21 10
1292 1545 27 20 45
1318 1541 14 35 |
1393 1545 42 20 238
1500 1546 67 20 27:81
1570 1542 18 35 |
1602 1547 69 20 30:89

73 1572 1 24 I
138 1573 95 26 belägna,
258 1573 70 21 rektor
351 1573 37 21 vid
407 1574 63 25 högre
486 1574 109 19 allmänna
611 1574 119 20 läroverket
745 1574 7 19 i
768 1573 122 27 Jönköping
906 1575 28 25 på
1074 1572 1 9 |
1331 1581 2 3 I

138 1603 35 20 lön
193 1603 102 26 anslagna
311 1605 79 24 ägorna
405 1603 40 21 litt.
463 1603 10 20 I
490 1610 25 14 nr
530 1603 28 20 40
575 1604 40 20 och
631 1603 41 21 litt.
688 1604 19 20 N
724 1610 25 13 nr
765 1604 27 19 25
809 1604 36 20 må
860 1604 33 20 för
904 1605 30 19 ett
1331 1602 2 16 |

139 1633 43 26 pris
205 1633 47 20 icke
271 1633 165 26 understigande
453 1633 28 20 42
494 1634 41 20 530
553 1633 30 20 kr.
600 1634 40 20 och
656 1634 28 26 på
700 1633 25 20 de
741 1633 79 21 villkor
835 1634 7 19 i
858 1634 74 26 övrigt,

137 1663 61 20 KM:t
214 1665 49 24 äger
279 1663 126 24 bestämma,
422 1663 99 27 försäljas
537 1663 33 20 till
586 1663 134 27 Jönköpings
736 1663 52 21 stad.

81 1728 23 15 15
122 1723 38 20 RD
176 1722 115 26 medgiver,
311 1724 32 19 att
361 1724 31 19 ett
408 1723 7 20 i
431 1723 233 26 statsrådsprotokollet
679 1723 124 20 omförmält
818 1723 33 20 till
867 1723 67 20 Norra
934 1718 14 35 |
972 1731 8 11 »
1022 1724 41 20 1188
1189 1724 25 21 10
1293 1725 27 19 52
1393 1725 41 20 245
1501 1725 69 20 27:36
1571 1721 21 33 |
1602 1726 33 20 30:
1646 1731 24 15 91

137 1752 74 21 Vedbo
227 1752 213 26 häradsallmänning
456 1749 62 24 Östra
529 1753 125 20 Holaveden
665 1753 7 20 i
684 1753 57 26 Säby
751 1753 77 20 socken
840 1753 94 20 hörande
1073 1755 2 15 I
1224 1760 1 15 |

137 1782 87 21 område
240 1789 35 14 om
293 1782 78 21 0.2524
389 1782 75 21 hektar
480 1783 36 20 må
532 1784 45 19 mot
593 1789 27 14 en
633 1783 144 26 köpeskilling
788 1790 26 13 av
826 1782 10 21 1
847 1783 43 20 000
901 1783 31 20 kr.
1223 1780 2 12 I

137 1812 99 27 försäljas
260 1812 33 21 till
313 1812 155 26 skogvaktaren
484 1813 24 20 E.
525 1813 105 23 Eliasson,
647 1812 69 21 under
731 1813 78 20 villkor
824 1814 32 19 att
871 1813 62 27 köpe-
1223 1834 2 5 I

72 1841 2 39 |
137 1842 114 26 skillingen
275 1842 109 20 användes
405 1842 34 20 till
463 1842 66 26 inköp
552 1843 33 19 för
608 1842 172 27 allmänningens
798 1843 91 26 räkning
907 1850 26 13 av
1223 1840 2 15 |
1583 1848 1 17 I

72 1881 1 22 |
136 1872 147 25 skogbärande
304 1872 67 24 mark,
388 1876 56 16 samt
460 1874 32 18 att
507 1872 42 20 den
565 1872 67 24 mark,
649 1879 46 13 som
712 1872 90 21 sålunda
817 1873 115 24 förvärvas,

72 1904 1 16 I

72 1921 1 28 |

136 1901 92 21 erhåller
251 1901 145 26 allmännings
419 1904 64 18 natur
501 1902 39 20 och
557 1902 155 20 sammanföres
728 1902 67 20 under
810 1909 122 19 gemensam

136 1931 141 26 hushållning
293 1931 50 21 med
359 1931 168 26 allmänningen.

80 1996 23 15 16
122 1991 37 19 RD
176 1990 114 27 medgiver,
307 1992 31 19 att
354 1991 127 25 lägenheten
498 1975 117 47 Svensberg
631 1992 36 19 må
682 1992 50 20 med
743 1998 26 14 av
780 1992 152 26 domänstyrel-
933 1988 17 34 |
967 1988 7 34 >»
1020 1981 54 31 206
1060 1977 18 45 |

72 2024 1 17 |
136 2027 37 13 sen
196 2020 125 26 föreslagen,
337 2021 5 19 i
360 2021 233 26 statsrådsprotokollet
611 2022 97 28 angiven
724 2021 55 20 areal
795 2022 46 19 från
859 2021 73 21 krono-
1025 2027 33 22 p-5
1073 2036 1 9 |

136 2050 132 26 egendomen
284 2049 28 28 ?/,
328 2051 82 20 mantal
427 2050 94 21 Alsheda
538 2058 24 13 nr
577 2051 11 19 6
606 2051 113 26 Ännagård
731 2052 7 19 i
751 2051 93 20 Alsheda
855 2051 88 26 socken
926 2045 19 36 |
1072 2073 2 4 I
1180 2052 2 24 I

1223 1935 2 14 I

1188 1951 37 88 0
1266 1986 1 43 |
1293 1988 39 33 66
1368 1993 67 19 /-3[259
1459 1993 12 19 21
1502 1994 67 20 32:47
1580 1982 14 51 |
1597 1993 32 20 34:
1642 1998 38 16 164

1331 2029 1 10 I

1224 2040 1 9 |
