1813 2353
160 141 41 20 810

856 143 223 17 SAKREGISTER

181 467 10 17 4

178 434 130 20 Karolinska
325 434 107 20 institutet.

207 464 74 20 Såsom
302 464 219 27 kapitalinvestering
540 464 6 20 i
566 466 84 19 statens
670 465 109 20 allmänna
800 465 168 27 fastighetsfond
989 466 32 20 till

220 494 133 27 nybyggnad
373 494 33 20 för
425 494 26 20 de
470 494 118 20 teoretiska
608 494 178 21 institutionerna
805 501 28 14 m.
853 501 29 14 m.
902 495 37 20 vid
958 496 63 20 karo-

220 524 69 20 linska
303 524 218 27 mediko-kirurgiska
534 524 112 20 institutet
659 525 86 19 anvisas
758 526 33 18 ett
803 525 75 26 anslag
890 531 28 14 av
931 525 40 20 200
980 525 41 20 000

220 554 31 20 kr.
269 554 34 26 (r).

207 602 74 20 Såsom
301 602 218 26 kapitalinvestering
538 602 6 19 i
564 603 83 19 statens
666 602 109 20 allmänna
795 603 168 26 fastighetsfond
983 609 37 14 an-

219 632 59 20 visas
288 632 33 20 till
332 632 123 26 byggnads-
465 632 40 20 och
516 632 214 26 inredningsarbeten
741 632 37 20 vid
789 633 124 20 karolinska
923 633 97 20 mediko-

219 662 122 26 kirurgiska
355 662 112 20 institutet
480 662 11 20 å
505 662 133 26 tilläggsstat
653 662 8 20 I
675 664 33 18 ett
720 662 75 27 anslag
808 668 28 14 av
849 663 26 19 76
884 662 41 21 000
938 663 32 20 kr.
984 663 35 26 (r).

248 698 21 16 Se
284 698 34 16 ock
332 698 230 21 Avlöningsförstärkning
572 698 59 20 (1940:
641 698 23 20 1);
676 698 224 21 Doktorsavhandlingar;
908 699 111 20 Epidemier;

223 722 148 16 Pensionsväsen
385 722 59 20 (1936:
454 725 26 17 13;
496 722 50 16 1939:
555 722 24 20 5);
597 722 170 21 Sinnessjukhusen
780 723 59 19 (1938:
849 723 23 20 7);
891 723 128 20 Skyddskopp-

224 746 89 21 ympniny
327 746 59 20 (1932:
396 746 23 20 2);
436 746 143 20 Universiteten;
596 746 208 21 Universitetssjukhus;
817 747 81 20 Uppsala
911 747 109 16 universitet

224 770 59 20 (1940:
293 770 23 18 2).

178 824 183 20 KAROLINSKA
380 824 171 19 SJUKHUSET.

207 853 42 20 RD
266 853 45 20 dels
328 853 101 23 besluter,
446 855 34 18 att
497 853 147 27 uppförandet
660 860 27 13 av
704 854 37 19 det
757 860 43 20 nya
816 854 93 20 kliniska
921 854 97 26 sjukhus,

220 883 106 20 benämnt
342 883 132 20 Karolinska
492 883 120 26 sjukhuset,
630 889 75 14 varom
724 883 53 20 1930
794 884 34 19 års
845 883 42 21 RD
905 884 68 20 fattat
984 884 36 20 be-

220 913 51 23 slut,
290 913 54 20 skall
362 913 6 19 i
387 913 146 27 huvudsaklig
550 913 215 20 överensstämmelse
782 914 50 19 med
850 919 28 14 av
896 914 123 20 arkitekten

220 943 25 20 E.
264 943 22 20 C.
303 943 114 20 Westman
434 943 24 20 år
476 943 53 20 1928
546 943 139 26 upprättade,
703 949 89 14 numera
810 944 156 20 överarbetade
982 944 38 20 rit-

220 973 77 26 ningar
315 973 41 20 och
373 973 188 26 kostnadsförslag
579 973 6 20 i
603 973 69 20 första
691 973 208 27 byggnadsetappen
918 974 101 20 omfatta:

220 1003 22 25 a)
261 1003 97 26 följande
376 1002 94 21 kliniker
488 1003 49 20 med
557 1003 143 26 polikliniker,
720 1003 108 26 nämligen
848 1009 25 14 en
893 1003 126 24 medicinsk,

221 1039 25 13 en
256 1032 115 27 kirurgisk,
382 1039 26 13 en
417 1032 205 27 radioterapeutisk,
632 1039 27 14 en
668 1033 168 26 oftalmologisk,
847 1039 25 14 en
883 1033 138 26 otolaryngo-

220 1062 69 26 logisk
305 1062 40 20 och
361 1068 26 14 en
403 1062 284 26 obstetrisk-gynekologisk
702 1062 75 23 klinik,
794 1064 104 19 ävensom
914 1064 32 18 ett
961 1064 60 18 rönt-

220 1091 189 27 gendiagnostiskt
422 1091 96 25 institut;
532 1091 23 26 b)
569 1092 97 26 följande
679 1092 33 20 för
725 1092 121 20 klinikerna
859 1098 161 21 gemensamma

220 1121 154 27 inrättningar,
384 1121 108 27 nämligen
501 1122 234 26 isoleringsavdelning,
744 1122 176 26 tandpoliklinik,
930 1122 91 20 central-

221 1151 163 23 laboratorium,
400 1151 168 26 badavdelning,
583 1151 250 27 gymnastikavdelning,
849 1152 87 26 apotek,
952 1152 69 20 desin-

220 1181 221 26 fektionsavdelning,
462 1181 44 20 kök
527 1181 39 20 och
587 1181 111 23 matsalar,
719 1181 190 27 tvättinrättning,
931 1182 90 26 begrav-

221 1211 142 26 ningskapell,
374 1211 210 26 personalbostäder,
595 1211 94 20 förråds-
699 1211 39 20 och
749 1211 198 20 verkstadslokaler
956 1213 65 18 även-

221 1247 44 13 som
283 1240 253 27 ångpanneanläggning;
553 1242 58 19 samt
627 1241 19 25 c)
662 1247 26 13 en
705 1241 122 26 patologisk
843 1241 131 23 institution;
987 1243 34 18 att

221 1270 49 20 med
288 1270 41 20 den
347 1270 211 26 radioterapeutiska
575 1270 97 20 kliniken
689 1271 55 20 skall
761 1271 158 20 sammanföras
936 1277 85 14 cancer-

220 1300 138 26 föreningens
374 1300 7 20 i
398 1300 126 20 Stockholm
542 1300 127 20 nuvarande
685 1300 139 20 vårdanstalt
840 1301 33 19 för
888 1301 132 26 kräftsjuka,

221 1330 190 23 radiumhemmet,
432 1332 104 18 ävensom
557 1330 272 26 forskningsavdelningar,
850 1330 39 20 allt
909 1330 6 20 i
936 1330 86 20 huvud-

221 1359 69 27 saklig
308 1360 216 20 överensstämmelse
543 1360 49 20 med
611 1360 26 19 de
655 1360 114 26 riktlinjer,
789 1366 46 14 som
853 1366 26 14 en
898 1366 28 14 av
944 1360 28 20 H.
991 1360 29 20 M.

221 1390 123 26 Konungen
360 1389 80 20 tillsatt
453 1389 117 20 kommitté
585 1390 6 19 i
605 1390 140 20 betänkande
760 1390 40 20 den
816 1390 25 20 23
856 1390 43 26 maj
917 1390 52 20 1929
984 1396 38 14 an-

221 1419 55 26 givit
294 1420 39 19 och
353 1425 46 14 som
418 1426 28 13 av
465 1420 79 19 honom
563 1420 116 25 godkänts,
698 1421 58 18 samt
774 1420 6 19 i
799 1419 95 27 enlighet
911 1420 49 19 med
980 1420 41 20 den

221 1451 100 18 närmare
341 1449 217 23 överenskommelse,
579 1455 45 14 som
645 1449 64 20 KM:t
728 1449 43 20 kan
792 1449 88 20 komma
900 1451 35 18 att
954 1449 67 21 träffa

221 1479 49 20 med
290 1479 130 26 styrelserna
438 1479 34 20 för
488 1479 200 26 jubileumsfonden
707 1480 39 19 och
765 1479 210 27 cancerföreningen;
987 1481 34 18 att

222 1509 61 20 avtal
299 1509 35 19 må
351 1509 77 20 träffas
444 1510 41 19 rör.
502 1509 122 20 samarbete
640 1509 33 20 för
688 1509 126 26 sjukhusets
830 1509 135 26 uppförande
982 1509 39 20 och

222 1539 52 19 drift
287 1539 79 20 mellan
380 1540 80 22 staten,
474 1539 138 19 Stockholms
625 1539 49 20 stad
687 1539 40 20 och
741 1539 137 20 Stockholms
891 1539 47 20 läns
951 1539 71 20 lands-

221 1568 47 27 ting
289 1568 6 20 i
314 1568 95 27 enlighet
426 1569 50 19 med
494 1574 28 14 av
539 1568 77 20 chefen
634 1569 34 19 för
685 1569 313 26 ecklesiastikdepartementet
1016 1568 6 20 i

222 1598 241 26 statsrådsprotokollet
479 1600 52 18 över
546 1598 232 20 ecklesiastikärenden
795 1599 41 19 den
853 1598 26 20 14
894 1604 58 14 mars
969 1598 53 20 1930

221 1628 115 20 förordade
347 1629 57 19 samt
414 1634 28 14 av
452 1628 76 20 staden
539 1628 40 20 och
589 1628 133 27 landstinget
731 1628 110 27 godtagna
851 1628 170 23 bestämmelser;

222 1658 45 19 dels
285 1658 40 19 ock
343 1659 35 18 att
395 1657 223 27 byggnadsföretaget
635 1658 55 20 skall
707 1658 128 20 finansieras
852 1658 7 20 i
876 1658 146 26 huvudsaklig

222 1687 216 20 överensstämmelse
449 1688 50 19 med
512 1688 25 19 de
549 1694 28 13 av
589 1688 96 19 nämnda
697 1688 213 26 departementschef
921 1688 6 19 i
939 1694 83 14 samma

222 1717 218 26 statsrådsprotokoll
456 1717 116 20 förordade
588 1718 130 26 grunderna;
737 1717 45 20 dels
799 1717 92 27 beviljar
908 1717 6 20 i
928 1717 94 27 enlighet

222 1747 90 20 härmed
335 1747 33 20 till
391 1747 166 26 ifrågavarande
580 1747 204 26 byggnadsarbeten
807 1747 6 20 i
836 1747 68 20 första
928 1748 94 25 etappen

222 1778 58 19 samt
297 1777 34 19 till
349 1777 140 20 bestridande
506 1783 29 14 av
552 1777 91 26 utgifter
659 1777 34 20 för
711 1777 141 27 uppgörande
869 1783 29 14 av
916 1777 107 26 detaljrit-

222 1806 83 26 ningar,
317 1806 240 27 arbetsbeskrivningar
567 1813 29 13 m.
606 1813 36 17 m.,
654 1809 104 18 ävensom
769 1807 33 20 till
814 1807 73 26 övriga
899 1807 6 19 i
916 1807 106 20 samband

221 1837 50 19 med
296 1837 60 19 dessa
379 1836 204 27 byggnadsarbeten
605 1837 90 19 stående
716 1837 307 20 administrationskostnader

223 1867 33 19 ett
272 1866 79 26 belopp
367 1872 28 14 av
412 1866 22 20 11
445 1866 41 20 626
495 1866 40 20 984
551 1866 32 20 kr.
600 1868 58 18 samt
671 1866 87 21 anvisar
769 1866 69 21 därav
848 1866 34 21 för
893 1866 130 27 budgetåret

225 1896 117 26 1931/1932
359 1896 72 20 såsom
448 1897 61 19 extra
527 1896 221 27 reservationsanslag
764 1896 40 20 750
813 1896 41 20 000
870 1896 40 24 kr.;
928 1896 44 20 dels
983 1897 39 19 ock

222 1926 118 26 medgiver,
358 1927 35 19 att
412 1926 31 20 till
460 1926 38 20 det
515 1926 68 20 under
599 1926 33 20 8:e
649 1926 41 20 HT
706 1926 34 20 för
757 1926 130 27 budgetåret
904 1926 117 26 1930/1931

223 1956 109 26 uppförda
351 1956 244 26 reservationsanslaget
613 1956 33 20 till
664 1956 141 20 kommittéer
823 1956 40 20 och
882 1956 141 26 utredningar

223 1991 77 21 genom
318 1985 138 27 sakkunniga
472 1986 37 20 må
525 1985 48 21 från
591 1986 38 19 det
644 1986 34 20 för
695 1992 83 14 samma
795 1986 108 26 budgetår
919 1986 104 20 anvisade

223 2017 62 18 extra
299 2015 245 27 reservationsanslaget
557 2021 27 14 av
598 2015 40 20 300
647 2015 41 20 000
701 2016 32 19 kr.
747 2016 33 19 till
793 2016 157 20 förberedande
963 2016 61 19 arbe-

223 2047 36 18 ten
275 2045 33 20 för
323 2045 131 20 Karolinska
470 2045 114 26 sjukhuset
599 2045 110 20 överföras
724 2047 32 18 ett
771 2046 78 26 belopp
864 2051 28 14 av
904 2045 26 21 20
939 2045 41 20 000
990 2046 32 20 kr.

1299 217 112 31 Utskotts-
1483 222 56 16 Riks-

1099 247 56 18 Kung
1303 251 117 20 utlåtanden,
1436 243 28 36 |
1476 252 70 20 dagens
1608 239 115 34 SCRmTatnag

1103 277 53 18 Maj:ts]
1168 269 91 17 Motioner]
1286 281 96 17 memorial
1395 281 43 16 eller
1442 265 22 42 |
1487 282 46 16 skri-
1595 269 140 21 förhandlingar

1048 301 26 20 År
1102 310 51 15 Iprop:r
1297 307 132 30 betänkanden
1472 307 68 31 velser
1621 298 88 22 (Broker

1110 337 36 14 eller

1115 367 34 14 krivä
1278 359 16 12 sl
1587 366 18 10 Fö
1715 365 11 16 di

1103 367 54 14 SEA
1170 377 34 16 FR
1222 377 35 16 LAK
1278 372 16 44 å
1319 371 17 43 Z
1360 378 90 16 Nummer
1447 369 10 35 |
1467 378 90 16 Nummer
1602 365 47 40 rg

1039 466 53 19 1940]
1125 466 8 20 1
1151 462 27 34 1
1178 479 27 1 —lI
1232 479 27 1 —I
1294 467 54 20 6l-—|
1389 467 38 20 129
1494 467 39 20 233
1569 467 69 20 126:30
1670 467 33 20 129:
1715 469 25 17 28

1105 496 24 16 Hö

1105 521 22 19 pt
1140 521 10 16 2

1038 603 53 20 1940]
1124 604 8 19 1
1153 598 23 36 1
1177 616 28 2 —]
1232 605 71 19 —l11
1335 605 13 19 2
1401 604 26 20 20
1508 604 94 20 241:
1614 604 89 20 08-10

1054 633 18 20 U
1098 634 58 16 Jbil.12]

1104 659 21 19 pt
1141 659 6 15 1

1037 854 50 20 19311
1110 855 17 19 1:
1138 856 10 17 8]
1170 855 40 20 224/
1224 855 41 21 382]
1294 856 12 19 6
1337 856 7 19 11
1389 855 38 20 148
1493 855 40 20 286
1569 855 33 20 140:
1614 857 24 18 53
1649 854 54 21 dl39:
1715 856 23 18 12
1749 855 13 19 d

1098 885 58 20 pt1261
1171 885 40 20 2301
1224 885 40 20 383

1110 908 39 20 132
