1852 2359
160 149 42 22 138
894 158 135 15 SAKREGISTER

1322 245 96 17 Utskotts-

1153 271 106 31 Motioner
1311 275 112 17 utlåtanden

1286 305 48 17 eller
1346 305 99 17 memorial

1480 252 73 31 dagens
1610 256 118 17 Kamrarnas

1485 282 56 31 skri-
1595 285 146 23 förhandlingar

1583 370 67 17 Första
1664 371 2 13 |
1684 369 66 18 Andra

1580 394 70 17 kamm.
1665 387 1 41 |
1681 393 71 18 kamm.

1048 251 22 146 I883LPsNIA

1106 298 18 105 J98[9ALLYS
1107 239 17 47 I9][9

1125 368 17 54 "doad
1126 296 22 65 sy:fen
1126 222 22 63 1[3un4

1168 383 34 17 FK
1220 383 35 17 |AK
1375 382 17 27 Zz

1279 365 18 58 "Tues

1321 370 17 49 "PAV

1434 372 18 45 BpIs

1489 400 11 9 &

1536 372 17 45 BPIS

178 434 176 28 Avskrivningar
370 435 37 21 och
423 435 127 28 eftergifter.

180 472 9 14 4
207 466 38 20 RD
262 466 114 25 medgiver,
393 467 31 19 att
437 466 61 21 KM:t
508 467 36 20 må
554 467 135 21 efterskänka
700 467 316 27 återbetalningsskyldigheten

222 496 133 21 beträffande
371 496 33 20 för
420 496 59 21 tiden
495 499 14 18 t.
527 504 17 13 o.
562 504 29 13 m.
608 497 54 27 april
678 497 79 21 månad
775 497 56 21 1920
850 497 34 21 till
903 498 113 20 underoffi-

223 533 69 13 cerare
308 526 37 21 vid
360 526 76 21 flottan
452 527 87 26 oriktigt
554 527 105 21 utbetalta
674 527 175 27 krigstidstillägg
867 528 40 20 och
926 528 90 27 dyrtids-

223 556 75 26 tillägg
313 557 12 19 å
341 557 219 26 portionsersättning,
577 557 108 21 beräknad
701 558 54 20 efter
771 557 27 21 62
815 560 34 18 öre
866 565 37 19 per
918 558 47 26 dag.

1362 467 40 21 IT)
1475 467 42 20 264
1582 467 55 21 42:9
1677 466 87 21 |42:383d

1032 468 9 20 -

1046 468 11 20 SO

1061 468 11 20 DD

1075 468 12 19 =

1105 467 41 21 140
1218 468 43 20 424

1280 472 24 10 >”

1328 468 10 20 [a

182 621 7 16 1
208 616 37 20 RD
261 616 115 26 medgiver,
393 618 32 19 att
440 617 75 20 osäkra
530 617 119 27 fordringar
664 617 37 21 vid
713 618 141 20 riksbankens
864 618 153 20 huvudkontor
1032 617 56 22 1925
1284 618 12 20 8
1390 618 11 19 7
1520 615 1 29 |
1585 617 52 21 10:1

222 648 57 19 samt
302 646 229 27 avdelningskontoren
555 648 7 19 i
578 648 106 25 Göteborg
700 648 39 20 och
755 648 81 20 Malmö
851 648 36 20 må
904 655 25 13 ur
944 648 83 26 räken-
1014 642 10 36 |
1157 654 1 10 I
1520 645 2 24 I

222 677 106 26 skaperna
339 677 108 20 avskrivas
458 677 34 20 till
503 679 30 19 ett
544 678 143 25 sammanlagt
698 678 77 26 belopp
784 685 25 13 av
821 677 27 21 69
858 678 42 20 486
912 678 31 20 kr.
953 678 13 20 8
975 680 41 19 öre.
1157 681 1 9 I

1665 595 1 10 I

1665 626 1 11 I

1665 655 1 14 I

180 735 10 15 2
208 731 37 19 RD
262 730 114 27 medgiver,
393 733 32 18 att
439 732 143 25 jägmästaren
598 732 7 20 i
621 732 175 20 Kristinehamns
811 732 55 20 revir
882 732 24 20 E.
923 732 94 20 Daniels-'
1056 740 8 10 »
1073 726 28 36 |
1112 732 27 20 30
1271 732 25 20 10
1376 731 26 20 12
1490 731 27 20 64
1585 728 32 34 14:

223 767 39 14 son
279 760 78 21 befrias
372 761 48 20 från
436 761 41 20 den
493 761 79 20 honom
588 768 76 19 genom
681 761 195 27 domänstyrelsens
892 762 70 20 beslut
976 762 41 20 den
1520 764 1 7 I

224 790 27 20 28
268 790 53 21 febr.
340 790 56 21 1923
412 790 76 26 ålagda
506 791 149 27 skyldigheten
679 793 31 19 att
733 792 33 20 till
789 792 61 20 KM:t
873 792 39 20 och
936 792 81 20 kronan

223 820 74 26 utgiva
313 820 12 20 5
336 820 43 20 294
394 821 31 20 kr.
443 821 26 20 30
486 822 35 19 öre
536 822 67 26 jämte
619 823 67 23 ränta,
703 821 68 21 under
786 821 36 21 det
837 821 84 25 villkor,
933 824 31 18 att
974 822 44 20 han
1474 830 3 3 :

224 850 44 20 före
285 850 41 20 den
344 850 10 20 1
372 857 46 20 aug.
438 850 55 21 1925
510 851 33 20 till
559 852 88 20 revirets
663 851 62 21 kassa
740 851 106 21 inbetalar
861 853 31 19 ett
902 852 78 26 belopp
992 859 25 13 av

225 880 42 20 500
284 880 31 20 kr.
1665 900 2 62 |

180 939 9 15 3
208 934 38 20 RD
262 934 115 26 medgiver,
394 936 32 19 att
440 935 66 20 förste
522 935 130 27 postiljonen
668 935 24 20 E.
705 935 25 20 G.
743 935 136 21 Samuelsson
893 936 36 19 må
940 936 77 20 befrias
1019 930 15 36 |
1056 943 8 11 »
1073 930 28 36 |
1112 936 26 20 41
1286 935 11 20 61
1328 935 10 20 1|
1376 935 27 20 25/|
1451 940 9 15 9
1491 934 26 20 811
1543 939 10 16 så
1585 934 54 21 16:55

222 964 48 20 från
287 965 79 19 honom
382 964 111 27 åliggande
509 965 123 26 skyldighet
647 967 32 18 att
693 965 46 20 dels
750 965 63 26 gälda
823 965 36 21 det
870 965 147 21 skadestånds-
1109 971 33 23 pil

223 994 79 27 belopp
318 1001 35 14 om
371 994 41 21 260
429 995 39 24 kr.,
488 1001 45 14 som
553 995 43 20 han
614 995 88 27 jämlikt
726 995 135 21 Stockholms
884 995 134 21 rådhusrätts

223 1024 70 27 utslag
309 1024 41 21 den
367 1024 27 21 26
410 1025 48 26 juni
478 1025 56 20 1919
555 1025 122 26 förpliktats
696 1027 32 19 att
746 1026 73 26 utgiva
837 1025 34 21 till
890 1026 127 26 postverket,
1307 1040 2 12 |

223 1054 46 20 dels
285 1054 39 20 ock
340 1054 33 20 till
389 1055 122 26 postverket
526 1055 108 25 återgälda
652 1055 37 20 det
707 1062 26 13 av
752 1056 73 19 verket
842 1055 124 20 utbetalade
985 1056 32 20 be-
1307 1053 2 24 |

223 1084 52 27 lopp
291 1091 35 13 om
344 1084 41 20 102
402 1084 30 20 kr.
449 1084 29 20 84
493 1086 41 22 öre,
550 1091 47 13 som
608 1085 138 20 Samuelsson
756 1085 88 26 jämlikt
854 1091 84 14 samma
948 1086 71 25 utslag
1307 1079 2 23 I

222 1114 68 26 ålagts
314 1114 74 26 utgiva
410 1114 35 20 till
468 1114 142 26 aktiebolaget
628 1114 136 21 Stockholms
780 1115 119 26 spårvägar,
916 1117 56 18 samt
987 1117 31 18 att

224 1143 160 27 ifrågavarande
400 1144 78 26 belopp
494 1144 37 20 må
545 1151 26 13 ur
590 1144 132 27 postverkets
741 1145 143 26 räkenskaper
902 1145 114 20 avskrivas.

181 1208 9 15 4
208 1203 38 20 RD
262 1203 115 26 medgiver,
393 1205 32 19 att
440 1203 56 21 förre
512 1203 254 27 ångslupsbefälhavaren
781 1204 19 21 J.
817 1204 24 20 E.
858 1204 105 20 Wiklund
983 1205 36 20 må|
1056 1212 9 10 »
1073 1199 28 35 |
1112 1204 27 20 41
1286 1204 12 20 6)
1328 1203 11 21 11
1377 1204 27 20 251
1437 1208 24 16 101
1492 1203 26 20 81
1586 1203 53 21 16:5
1645 1199 31 34 |
1688 1203 68 20 18:96

224 1233 77 20 befrias
320 1233 47 20 från
386 1233 80 20 honom
485 1233 88 27 jämlikt
591 1234 58 20 Piteå
668 1233 156 21 rådstuvurätts
843 1234 71 26 utslag
932 1234 41 20 den
991 1234 26 20 10
1111 1239 32 22 p.2

223 1270 47 13 nov.
288 1262 58 21 1924
361 1263 111 26 åliggande
488 1263 252 27 ersättningsskyldighet
755 1265 109 24 gentemot
876 1264 141 26 järnvägssty-

223 1293 69 20 relsen
308 1295 56 18 samt
380 1295 31 18 att
426 1293 215 26 järnvägsstyrelsens
658 1293 86 20 fordran
760 1294 39 20 hos
815 1293 105 21 Wiklund
939 1294 36 20 må
993 1300 26 14 ur

223 1323 172 26 räkenskaperna
410 1323 115 20 avskrivas.

1287 1377 11 20 &

1329 1376 11 20 -H-

182 1382 9 14 5
208 1376 38 20 RD
262 1375 114 27 medgiver,
393 1377 32 19 att
440 1383 26 13 av
482 1377 80 19 statens
578 1376 42 21 den
637 1376 27 21 30
680 1377 48 27 juni
746 1376 56 21 1923
821 1377 121 20 beräknade
960 1375 58 28 kapi-|
1057 1385 8 10 »
1077 1371 24 37 |
1113 1377 27 20 72
1377 1376 27 20 36
1493 1376 27 20 99
1585 1376 69 21 21:28
1657 1372 15 37 |
1687 1376 69 21 24:18

223 1405 37 21 tal-
279 1406 40 20 och
337 1406 148 20 räntefordran
503 1406 39 20 hos
568 1406 151 21 Slite—Roma
741 1407 222 26 järnvägsaktiebolag
985 1407 33 20 till

224 1436 41 20 den
281 1435 41 25 del,
339 1436 126 20 densamma
480 1436 114 26 överstiger
610 1436 42 20 369
663 1436 41 20 510
721 1437 39 24 kr.,
777 1437 36 20 må
825 1436 68 21 under
904 1437 26 20 de
940 1437 7 20 i
959 1439 59 18 stats-

223 1466 178 26 rådsprotokollet
416 1468 50 18 över
481 1466 293 21 kommunikationsärenden
790 1466 41 21 den
848 1467 27 19 25
892 1467 52 20 febr.
961 1467 57 20 1925

223 1495 112 21 förordade
350 1496 79 20 villkor
444 1496 33 20 för
492 1497 59 26 varje
569 1496 118 27 tidsperiod
703 1503 26 14 av
745 1498 31 19 ett
791 1497 29 24 år,
834 1497 76 20 räknat
920 1497 25 20 fr.
958 1504 18 13 o.
989 1504 28 13 m.

223 1526 42 20 den
282 1526 11 19 1
310 1526 41 26 juli
368 1525 64 25 1925,
449 1526 110 20 avskrivas
575 1529 30 17 ett
621 1526 78 27 belopp
715 1533 26 14 av
758 1526 27 20 30
795 1526 42 21 000
853 1527 31 20 kr.

181 1591 9 15 6
208 1585 37 21 RD
262 1585 114 27 medgiver,
392 1587 32 19 att
439 1585 34 21 till
489 1585 225 28 kontrolltjänstemän
726 1586 87 26 oriktigt
825 1586 92 21 utbetalt
928 1586 89 27 dyrtids-
1020 1581 15 36 |
1056 1594 8 10 »
1074 1581 28 36 |
1113 1586 26 21 79
1286 1586 12 21 6|
1329 1586 10 20 11
1377 1586 27 20 39
1479 1585 40 20 102
1586 1586 69 21 21:65
1658 1582 19 36 |
1688 1586 69 20 24:49

223 1615 74 26 tillägg
312 1616 12 19 å
340 1616 84 26 belopp,
444 1622 46 14 som
506 1616 49 20 från
570 1616 61 20 deras
647 1617 93 26 intjänta
755 1616 93 21 arvoden
864 1616 107 26 avdragits
987 1617 30 20 så-
1308 1615 1 18 |

222 1652 46 13 som
285 1646 117 25 ersättning
417 1645 34 20 till
466 1645 137 21 tillverkaren
622 1646 33 20 för
674 1646 48 20 kost
740 1646 51 20 eller
811 1646 74 20 bostad
904 1647 40 19 och
962 1647 55 24 kost,

222 1676 36 19 må
273 1675 147 20 efterskänkas
436 1675 7 20 i
459 1675 26 20 de
501 1675 45 25 fall,
563 1675 38 21 där
616 1676 188 25 utbetalningarna
819 1676 63 25 skett,
898 1677 67 19 innan
976 1676 41 21 den

222 1712 46 13 som
284 1705 123 26 redogörare
431 1705 110 26 ansvarige
563 1705 86 21 erhållit
664 1705 35 21 del
715 1713 27 13 av
757 1706 260 26 riksräkenskapsverkets

222 1742 57 13 anm.
296 1737 39 18 rör.
352 1735 89 26 tidigare
457 1735 165 26 utbetalningar,
642 1738 56 18 samt
716 1738 37 22 att,
773 1736 71 20 därest
862 1736 156 26 återbetalning
1307 1736 2 20 I
1471 1752 2 19 |

222 1765 57 20 skett
295 1771 26 14 av
337 1764 71 27 dylikt
427 1765 163 26 dyrtidstillägg,
608 1765 33 20 till
660 1765 157 21 vederbörande
836 1767 67 19 måtte
921 1766 22 20 få
962 1767 55 25 ånyo
1307 1764 2 3 |
1471 1773 2 31 |

222 1794 106 21 utbetalas
345 1794 40 21 vad
402 1801 46 14 som
464 1794 91 21 sålunda
570 1797 82 19 ersatts.
1211 1796 2 18 I
1350 1803 1 10 LG:
1471 1806 1 15 |

1471 1824 1 27 |

1471 1865 1 15 |

1471 1889 1 17 |

1471 1909 1 9 |

180 1859 9 16 7
207 1854 37 20 RD
261 1854 100 25 besluter,
378 1856 31 18 att
425 1854 25 20 N.
466 1855 25 19 A.
509 1855 108 25 Svanberg
633 1855 39 20 och
688 1855 21 20 P.
728 1855 90 20 Larsson
835 1855 77 20 befrias
929 1855 47 20 från
988 1855 29 20 all|
1056 1863 8 10 »
1106 1855 39 20 1126
1163 1855 42 20 224
1217 1855 41 21 370
1265 1855 32 20 10
1349 1854 54 31 140
1477 1845 46 39 239!
1576 1854 33 20 27:
1621 1854 40 20 31d1
1678 1853 33 21 30:
1723 1854 45 20 s9d|

222 1884 49 20 dem
288 1884 66 26 enligt
370 1884 54 20 Svea
442 1884 96 21 hovrätts
558 1884 41 21 den
619 1885 12 19 2
652 1891 48 14 nov.
721 1884 56 21 1923
797 1885 126 20 meddelade
942 1885 75 20 domar
1307 1889 1 3 JE
1414 1891 2 16 I

223 1914 111 26 åliggande
350 1914 126 26 betalnings-
493 1914 40 20 och
549 1914 264 27 skadeståndsskyldighet
827 1917 51 24 gent
888 1917 58 18 emot
958 1915 59 20 KM:t
1307 1898 1 35 |
1414 1914 2 3 |

223 1944 40 20 och
279 1944 88 20 kronan.
1307 1953 1 48 |
1349 1970 1 5 |

1349 1976 1 8 |

1349 1996 1 7 |

179 2003 10 15 8
207 1998 37 20 RD
261 1998 114 26 medgiver,
392 2000 32 18 att
439 2000 124 24 sergeanten
579 1998 36 20 vid
631 1998 112 26 Livgardet
759 1998 33 21 till
808 1999 49 20 häst
868 1999 24 20 G.
904 1999 22 20 P.
938 1999 24 20 E.
975 2000 40 19 An-|
1056 2007 8 10 »
1105 1998 39 21 |171
1285 1999 23 19 6)
1328 1987 22 31 1)
1378 1998 26 20 73
1470 1966 1 56 |

222 2027 56 21 déhn
295 2029 36 19 må
347 2028 78 20 befrias
441 2028 47 20 från
504 2028 80 20 honom
600 2028 87 27 jämlikt
702 2029 75 25 högsta
796 2028 131 21 domstolens
947 2029 69 26 utslag
1307 2037 1 11 I
1349 2046 1 9 NETeR
1470 2028 1 37 |

222 2058 42 20 den
282 2058 26 20 18
328 2058 44 20 dec.
394 2057 56 21 1923
470 2058 112 26 åliggande
600 2058 123 27 skyldighet
741 2061 32 18 att
791 2058 33 21 till
843 2059 82 20 kronan
944 2059 73 26 utgiva
1470 2066 1 16 |

1583 1997 69 22 29:58
1653 1993 18 34 |
1685 1998 33 20 32:
1730 2002 25 15 60
