1833 2358
175 65 44 20 416

192 277 100 28 GIMÅN;
306 286 22 14 se
346 280 160 26 Vägbyggnader
520 280 69 26 (1948:
604 280 38 26 19).

192 328 102 25 GISSLE,
306 328 50 20 Elsa
367 328 105 22 Carolina,
484 328 14 20 f.
509 329 20 19 d.
542 328 149 24 barnmorska;
703 334 21 14 se
735 328 115 20 Pensioner
861 328 79 26 (1946).

192 376 108 20 GJUTNA
311 372 160 28 TRYCKRÖR;
483 382 21 14 se
519 376 107 26 Tryckrör.

192 423 210 25 GLASFLASKOR;
414 430 22 13 se
452 423 112 21 Tulltaxan
577 424 70 26 (1949:
659 424 27 26 3).

192 465 233 20 GLASINSTITUTET
433 466 10 19 I
451 461 102 29 VÄXJÖ;
562 472 22 13 se
597 465 249 27 Tekniskt-vetenskaplig
854 465 110 27 forskning
973 465 69 26 (1950:
1055 465 26 26 2).

191 507 86 20 GLEST
284 507 136 20 BEBODDA
429 507 144 20 NORDLIGA
580 507 145 25 TRAKTER;
732 513 21 14 se
764 507 136 26 Uppskjutna
908 507 88 20 ärenden
1002 506 79 27 (1950).

191 549 119 25 GLYKOS;
322 555 22 14 se
360 549 112 20 Tulltaxan
486 549 69 26 (1943:
569 551 26 25 6).

191 591 113 25 GODING,
315 591 23 20 B.
349 591 35 25 0.3;
395 597 22 14 se
425 591 115 20 Pensioner
550 591 79 27 (1942).

191 633 204 24 GODMANSKAP;
409 639 21 14 se
445 633 189 26 Förmynderskap,
651 633 180 26 Interpellationer
842 633 70 26 (1949:
925 633 40 26 88).

191 674 246 26 GODSCENTRALER,
445 675 216 20 AKTIEBOLAGET
669 675 135 25 SVENSKA;
812 681 21 14 se
844 675 120 26 Järnvägar
972 674 69 27 (1945:
1050 676 31 21 65,

221 704 58 21 1948:
293 706 39 24 18).

191 746 83 20 GODS-
285 746 53 20 OCH
349 746 213 21 PERSONTRAFIK
572 744 36 23 PÅ
618 742 235 29 LANDSVÄGARNA;
866 752 22 14 se
896 745 187 27 Landsvägstrafik

219 776 79 27 (1945).

191 818 315 20 GODSTRANSPORTERNA
521 819 28 25 på
563 818 158 27 landsbygden;
737 824 21 14 se
773 818 142 20 Automobiler
929 818 70 26 (1947:
1011 818 27 26 3).

191 859 303 21 GODTEMPLARORDENS
505 857 142 23 VÅRDHEM
658 856 53 25 FÖR
722 859 226 25 ALKOHOLISTER;
960 866 21 13 se
992 859 90 20 Alkoho-

218 889 57 21 lister
290 890 69 26 (1943:
373 890 39 26 13).

191 931 77 20 GOSS-
280 931 55 20 OCH
348 932 175 24 SAMSKOLOR,
535 927 106 29 HÖGRE;
654 938 21 14 se
685 932 173 20 Privatläroverk.

191 979 141 25 GOTLAND;
344 985 21 14 se
379 979 119 20 Elektriska
510 979 153 27 anläggningar
674 979 69 27 (1941:
757 979 26 26 2),
796 979 71 20 Enkla
877 979 70 26 frågor
959 978 69 26 (1942:
1042 978 39 26 13),

218 1009 78 20 Hälso-
307 1009 37 20 och
355 1009 101 26 sjukvård
467 1009 71 26 (1950:
552 1009 39 26 17),
607 1009 180 26 Interpellationer
798 1009 70 27 (1947:
881 1011 31 21 25,
927 1008 58 20 1948:
998 1010 31 22 59,
1041 1008 40 26 60),

218 1039 107 20 Jordbruk
338 1039 64 25 (1946
411 1039 28 19 H:
453 1039 26 25 1),
496 1039 78 25 Sjöfart
588 1039 63 25 (1945
661 1039 28 20 H:
702 1039 26 25 3),
747 1039 159 25 Telegrafverket
920 1038 64 26 (1943
994 1038 37 25 H).

191 1080 137 24 GOTLAND,
341 1080 179 24 KRYSSAREN;
532 1086 23 13 se
570 1080 179 26 Interpellationer
762 1080 69 26 (1949:
844 1082 40 23 97).

191 1121 145 21 GOTLANDS
351 1121 324 21 INFANTERIREGEMENTE
691 1121 53 20 OCH
760 1121 146 20 GOTLANDS
921 1120 161 21 ARTILLERI-

218 1148 71 28 KÅR;
302 1157 21 14 se
336 1151 79 20 Armén
428 1151 60 26 (1941
501 1151 28 20 H:
542 1151 26 27 2).

191 1192 145 21 GOTLANDS
350 1188 337 29 JÄRNVÄGSAKTIEBOLAG;
700 1199 22 13 se
735 1193 120 25 Järnvägar
868 1192 70 26 (1947:
951 1192 40 26 52).

190 1234 146 21 GOTLANDS
349 1231 298 27 KUSTARTILLERIKÅR;
660 1240 22 14 se
694 1234 102 20 Marinen
810 1234 60 26 (1941
884 1234 27 20 H:
926 1234 38 26 10).

190 1275 278 25 GOTLANDSKYRKOR;
481 1282 21 13 se
516 1276 85 25 Kyrkor
613 1276 70 26 (1949:
696 1278 17 21 2,
729 1276 58 20 1950:
800 1276 26 25 4).

190 1317 269 25 GOTLANDSRUTTEN;
471 1323 21 14 se
506 1317 70 20 Enkla
587 1317 70 27 frågor
665 1317 62 27 (1944
736 1317 28 20 H:
776 1317 39 26 16),
827 1317 178 26 Interpellationer
1013 1316 69 26 (1944:

220 1349 41 24 75).

191 1384 147 25 GOTTRÖRA
349 1389 37 20 NR
397 1388 23 25 5;
432 1395 21 13 se
465 1388 159 26 Avsöndringar
634 1388 70 27 (1941:
717 1389 26 26 2).

190 1430 122 20 GOTTSTA
327 1431 51 24 1122;
391 1436 22 14 se
425 1430 160 26 Avsöndringar
596 1430 70 26 (1945:
681 1430 24 26 1).

191 1472 142 20 GRAFISKA
350 1471 180 25 INDUSTRIEN,
546 1471 350 21 CENTRALLABORATORIUM
912 1467 64 28 FÖR;
992 1477 21 14 se
1033 1471 51 20 Trä-

217 1501 223 27 forskningsinstitutet
452 1501 80 27 (1942).

190 1543 144 20 GRAFISKA
341 1542 174 25 INSTITUTET;
524 1549 21 13 se
557 1542 218 26 Yrkesundervisning
783 1542 63 26 (1943
856 1543 28 23 H,
896 1542 58 21 1944:
967 1544 17 22 5,
996 1542 57 20 1945:
1067 1544 16 21 9,

220 1573 59 20 1946:
294 1575 29 21 13,
340 1573 59 20 1947:
413 1576 30 20 11,
460 1572 58 20 1948:
532 1575 30 21 12,
578 1572 59 21 1949:
652 1575 29 21 11,
697 1572 60 20 1950:
771 1572 39 26 14).

191 1614 105 25 GRAHN,
304 1614 67 20 Klara
381 1614 105 24 Josefina,
495 1614 13 20 f.
520 1615 20 19 d.
550 1614 112 20 städerska
671 1614 37 20 vid
717 1616 83 18 statens
808 1614 124 26 järnvägar;
941 1619 22 14 se
970 1614 115 20 Pensioner

218 1644 80 26 (1946).

190 1686 105 25 GRAHN,
310 1686 53 20 Svea
378 1686 110 24 Johanna,
500 1686 15 19 f.
526 1686 20 20 d.
557 1692 17 14 e.
585 1692 19 14 o.
618 1685 212 23 småskollärarinna;
844 1691 22 14 se
878 1685 115 20 Pensioner
1004 1685 79 26 (1950).

190 1727 281 21 GRAMMOFONSKIVOR
493 1723 53 25 FÖR
570 1724 311 28 SPRÅKUNDERVISNING;
904 1733 21 14 se
952 1727 131 20 Skatteväsen

218 1757 70 26 (1946:
301 1757 41 26 31).

191 1799 159 24 GRANBERG,
365 1799 24 20 E.
404 1799 35 24 A.,
453 1799 15 20 f.
479 1799 20 20 d.
516 1799 131 20 biträdande
661 1799 131 26 platsledare
808 1799 36 20 vid
859 1798 204 26 vägförvaltningen
1078 1798 6 20 i

218 1828 193 21 Västernorrlands
423 1828 43 24 län;
479 1834 21 14 se
511 1829 116 20 Pensioner
639 1828 79 27 (1950).

190 1870 154 24 GRANFELT,
356 1870 21 20 C.
390 1870 22 20 L.
425 1870 31 24 F.,
468 1870 157 23 vaktmästare;
638 1876 22 14 se
671 1870 115 20 Pensioner
797 1870 80 26 (1941).

190 1907 141 29 GRANFRÖ;
343 1918 21 13 se
380 1911 112 21 Tulltaxan
504 1911 70 27 (1949:
587 1912 27 26 5).

191 1953 162 25 GRANQVIST,
365 1953 26 20 A.
404 1953 20 20 J.
436 1953 37 24 A.;
485 1959 21 14 se
519 1953 124 26 Ersättning
654 1953 70 26 (1943:
737 1953 27 22 6).

190 1994 353 21 GRANSKNINGSEXEMPLAR
565 1995 37 20 AV
623 1994 110 21 TRYCKT
756 1995 111 24 SKRIFT;
889 2001 22 13 se
936 1993 148 27 Tryckfrihets-

217 2024 148 26 förordningen
379 2024 79 27 (1948).

191 2062 176 28 GRANSTRÖM,
378 2066 64 20 Anna
453 2066 136 25 Vilhelmina,
601 2066 14 20 f.
626 2066 20 20 d.
659 2066 112 20 städerska
784 2066 36 20 vid
832 2068 83 18 statens
926 2066 124 25 järnvägar;
1062 2071 22 13 se

218 2096 115 20 Pensioner
348 2096 79 26 (1948).

1104 175 25 19 År

1151 178 54 21 Prop.

1239 155 90 16 Motioner

1387 155 80 16 Utskott

1511 167 57 16 Skriv.

1630 155 93 17 Protokoll

1233 209 33 16 FK
1270 205 23 30 |
1296 209 34 16 AK

1353 209 85 16 SmllAvdl
1462 209 26 16 Nr

1529 196 22 11 nr

1608 210 33 16 FK
1707 210 35 16 AK
