1845 2359
808 159 136 16 SAKREGISTER

90 437 168 27 Avsöndringar
273 444 26 14 m.
317 444 26 14 m.

77 473 24 16 37
119 468 38 20 RD
180 468 114 26 medgiver,
318 470 31 18 att
372 468 47 26 fyra
435 468 7 19 i
458 467 232 26 statsrådsprotokollet
708 466 143 21 omförmälda
866 467 63 20 lotter

134 499 36 19 må
190 505 37 13 var
250 498 33 20 för
299 498 32 26 sig
346 498 40 20 och
402 497 32 21 till
450 498 7 19 i
474 504 83 14 samma
573 497 106 27 protokoll
695 497 92 26 angivna
802 497 126 20 saluvärden

134 528 47 20 från
198 528 198 26 kronoegendomen
413 526 48 28 !/,,
477 527 82 20 mantal
575 527 54 20 Skee
645 534 25 13 nr
683 527 9 20 1
705 527 7 20 i
723 527 118 26 Harplinge
852 527 77 20 socken

134 558 99 26 försäljas
252 558 49 20 med
317 560 42 18 rätt
375 557 33 21 till
424 557 96 20 hembud
536 558 32 19 för
584 557 26 20 de
626 564 26 13 av
668 557 260 26 uppskattningsmännen

134 587 112 20 förordade
262 594 105 20 personer.

76 651 25 16 38
119 647 38 20 RD
177 647 113 26 medgiver,
307 648 31 19 att
353 646 200 26 kronoegendomen
570 645 28 29 ?/;
614 646 82 20 mantal
712 646 64 20 Kolla
792 653 25 13 nr
833 646 12 19 2
862 646 66 20 Arvid

135 676 126 26 Börjesgård
276 677 7 19 i
299 676 144 26 Kungsbacka
459 676 47 20 stad
522 676 50 20 med
588 675 110 26 undantag
710 682 26 14 av
747 677 31 19 ett
788 675 94 21 därifrån
895 676 33 20 till

134 706 161 26 telegrafverket
317 706 99 27 upplåtet
439 705 86 21 område
541 712 35 13 om
593 706 78 20 0.8476
689 705 76 20 hektar
780 706 36 19 må
830 706 99 26 försäljas

134 736 33 20 till
187 736 144 26 Kungsbacka
346 736 47 20 stad
410 737 46 19 mot
471 742 26 14 en
514 735 143 27 köpeskilling
673 742 26 14 av
714 735 28 20 45
752 735 42 20 000
811 735 38 25 kr.,
866 736 40 20 och
921 736 8 20 i

133 766 68 25 övrigt
225 767 27 25 på
267 766 7 20 i
292 766 114 20 huvudsak
429 765 26 20 de
475 765 83 25 villkor,
577 772 47 13 som
640 765 70 20 finnas
725 765 88 25 intagna
828 765 7 20 i
851 767 31 19 ett
896 766 33 20 uti

132 795 233 27 statsrådsprotokollet
380 796 102 25 återgivet
492 795 64 24 avtal,
568 797 56 18 samt
635 795 50 20 med
696 794 147 21 tillträdesrätt
853 795 77 21 räknat

132 826 26 19 fr.
175 832 18 14 o.
210 832 28 14 m.
256 825 41 21 den
315 825 27 20 14
358 832 58 14 mars
434 825 66 25 1927;
516 825 103 20 skolande
633 825 169 26 köpeskillingen
814 825 81 20 betalas
906 826 23 19 så

132 858 60 18 snart
207 855 155 27 försäljningen
379 855 64 21 blivit
457 855 48 20 från
517 855 92 20 kronans
620 854 47 21 sida
677 855 8 20 i
695 854 133 26 vederbörlig
838 855 91 26 ordning

132 885 100 26 godkänd
248 885 50 21 med
314 885 123 27 skyldighet
451 885 33 20 för
500 885 75 20 staden
591 886 31 19 att
637 885 11 20 å
664 884 171 27 köpeskillingen
846 885 83 26 erlägga

132 917 61 19 ränta
216 916 53 20 efter
293 915 12 20 5
323 917 87 25 procent
428 915 48 20 från
495 915 41 20 den
557 915 27 20 14
600 921 57 14 mars
674 914 55 21 1927
747 914 34 21 till
797 914 47 21 dess
860 915 68 20 likvid

133 945 54 25 sker,
204 952 50 13 men
273 945 55 20 skall
344 945 7 20 i
368 945 105 21 samband
489 944 88 21 därmed
593 944 36 21 det
644 944 50 21 med
710 944 74 21 staden
800 945 128 26 upprättade

133 975 212 21 arrendekontraktet
368 977 39 18 rör.
431 975 126 26 fastigheten
577 975 33 20 för
628 974 134 21 arrendeåret
782 974 145 21 1927—1928

133 1005 47 20 från
197 1005 65 26 sagda
278 1005 41 26 dag
334 1011 61 14 anses
411 1005 101 20 förfallet.

103 1065 62 20 Inom
185 1064 116 27 Göteborgs
317 1064 36 22 och
369 1063 75 22 Bohus
460 1065 46 20 län:

74 1100 25 15 39
118 1095 37 20 RD
179 1095 114 26 medgiver,
318 1096 31 19 att
373 1097 30 18 ett
418 1095 7 20 i
441 1094 232 26 statsrådsprotokollet
696 1094 90 26 angivet,
806 1094 120 20 Bohusläns

132 1127 131 23 regementes
286 1124 131 27 övningsfält
435 1124 37 20 vid
487 1124 119 20 Uddevalla
621 1124 129 20 tillhörande
766 1124 86 20 område
868 1124 57 20 inne-

133 1154 100 21 hållande
250 1155 12 19 2
272 1154 42 21 035
331 1154 164 25 kvadratmeter,
507 1155 36 19 må
553 1154 98 26 försäljas
662 1154 33 20 till
706 1154 143 26 fanjunkaren
861 1154 18 20 J.
892 1154 33 20 W.

133 1184 94 26 Ahlberg
242 1185 33 20 för
291 1191 26 13 en
333 1184 144 27 köpeskilling
493 1191 25 13 av
536 1184 63 20 1526
616 1184 31 19 kr.
665 1184 27 19 25
709 1185 40 19 öre.

74 1249 25 16 40
117 1244 38 21 RD
179 1244 115 26 medgiver,
318 1246 32 18 att
370 1244 41 20 den
427 1246 48 23 rätt,
492 1244 62 20 KM:t
569 1244 39 20 och
624 1244 82 20 kronan
722 1244 36 20 må
774 1245 38 24 äga
828 1244 32 20 till
878 1243 26 21 de
920 1244 6 20 i

132 1275 95 20 Tanums
244 1274 77 21 socken
337 1274 90 26 belägna
445 1274 112 20 holmarna
568 1273 96 21 Vadskär
675 1274 39 20 och
725 1273 92 24 Kuskär,
829 1274 35 20 må
875 1276 53 18 utan

132 1304 99 26 vederlag
237 1304 105 20 överlåtas
351 1305 27 25 på
387 1303 143 22 Grebbestads
538 1304 223 26 municipalsamhälle
769 1303 68 21 under
843 1304 83 24 villkor,

132 1334 42 21 vad
197 1335 65 25 angår
285 1334 104 25 Vadskär,
409 1336 31 18 att
456 1333 114 21 samhället
584 1334 110 20 förbinder
709 1334 32 26 sig
756 1333 69 21 tillåta
841 1333 26 20 de
883 1340 44 20 per-

132 1371 69 19 soner,
217 1371 46 13 som
280 1371 29 13 nu
325 1364 72 26 nyttja
412 1363 102 21 områden
530 1364 13 19 å
558 1363 94 26 holmen,
669 1365 32 19 att
716 1363 68 21 under
799 1363 61 21 deras
876 1364 51 20 åter-

132 1394 88 21 stående
244 1394 73 20 livstid
340 1394 47 20 fritt
410 1394 94 26 begagna
527 1400 83 14 samma
628 1393 101 21 områden
745 1394 8 19 i
769 1393 112 21 enahanda
896 1395 30 18 ut-

133 1424 123 26 sträckning
271 1431 46 13 som
334 1424 84 21 hittills.

75 1488 24 16 41
117 1484 38 20 RD
174 1484 115 26 medgiver,
306 1486 31 18 att
353 1483 199 27 kronoegendomen
570 1482 27 29 ?/,
613 1483 83 21 mantal
712 1484 73 25 Tunge
800 1490 26 13 nr
843 1483 9 20 1
866 1480 62 24 Östra

132 1514 41 20 litt.
193 1515 19 19 A
228 1514 7 20 i
251 1514 90 26 Ytterby
360 1514 78 20 socken
454 1514 36 20 må
505 1513 98 27 försäljas
619 1514 102 25 antingen
737 1513 33 21 till
786 1513 142 26 egendomens

132 1543 124 21 nuvarande
281 1544 123 20 arrendator
427 1544 24 19 A.
475 1544 122 20 Andersson
619 1545 46 19 mot
686 1550 26 13 en
735 1543 144 27 köpeskilling
901 1550 27 14 av

133 1573 27 20 36
170 1573 42 20 000
236 1573 31 20 kr.
292 1575 31 19 att
339 1573 94 26 erläggas
449 1573 50 20 med
515 1580 26 13 en
558 1573 99 27 sjättedel
673 1573 36 20 vid
726 1573 104 20 tillträdet
845 1573 40 20 och
901 1580 26 13 en

132 1603 100 27 sjättedel
248 1603 40 20 den
306 1603 28 20 14
350 1610 57 14 mars
423 1604 59 26 varje
497 1610 26 13 av
540 1603 144 27 nästföljande
701 1603 42 20 fem
760 1603 23 20 år
793 1605 56 18 samt
859 1603 69 20 under

131 1634 57 20 vissa
203 1633 92 26 angivna
311 1633 84 24 villkor,
412 1633 58 24 eller,
487 1633 70 20 därest
568 1633 121 20 Andersson
700 1633 47 20 icke
758 1632 68 21 under
836 1633 92 25 angivna

131 1663 79 20 villkor
228 1663 77 20 önskar
323 1663 98 20 förvärva
437 1662 138 26 egendomen,
591 1663 13 19 å
619 1662 97 26 offentlig
731 1662 89 21 auktion
836 1662 34 20 till
886 1662 41 20 den

131 1692 180 27 högstbjudande.

73 1763 25 15 42
116 1758 38 20 RD
170 1758 115 26 medgiver,
303 1760 31 18 att
344 1757 200 27 kronoegendomen
556 1755 46 30 9/;;,
614 1757 82 21 mantal
707 1758 71 20 Backa
789 1765 25 13 nr
823 1758 12 20 5
846 1758 80 20 Krono-

130 1788 52 26 gård
198 1788 39 20 och
255 1787 27 28 !/;
300 1787 82 21 mantal
393 1787 71 21 Backa
480 1794 25 13 nr
522 1787 11 20 6
550 1787 127 26 Västergård
693 1788 7 20 i
716 1788 71 20 Backa
803 1788 77 20 socken
891 1789 36 19 må

131 1818 107 27 försäljas.

74 1882 24 16 43
116 1878 38 20 RD
170 1877 115 26 medgiver,
302 1879 31 18 att
349 1877 64 20 sedan
430 1876 199 26 kronoegendomen
646 1875 27 28 ?/,
690 1877 82 20 mantal
787 1874 71 29 Ängås
875 1884 25 13 nr
914 1877 11 20 1

131 1908 7 19 i
155 1908 77 20 Västra
247 1907 108 20 Frölunda
371 1907 77 20 socken
465 1906 68 21 delats
544 1907 7 19 i
561 1907 37 20 två
611 1907 68 25 lotter,
692 1907 41 20 den
744 1914 39 14 ena
794 1907 133 21 omfattande

131 1937 127 20 hemskiftet
280 1936 172 27 (huvudgården)
473 1937 39 20 och
532 1936 41 21 den
590 1937 66 20 andra
672 1937 178 24 utmarksskiftet,
866 1937 60 21 först-

131 1967 96 20 nämnda
251 1967 40 20 lott
314 1968 36 19 må
365 1966 99 27 försäljas
480 1967 101 25 antingen
597 1967 34 20 till
646 1967 143 26 egendomens
804 1967 123 20 nuvarande

132 1996 122 21 arrendator
269 1996 68 21 Hilda
352 1997 111 24 Pehrsson,
479 1996 53 20 född
547 1996 129 24 Andersson,
692 1998 46 19 mot
749 2003 26 14 en
785 1997 143 26 köpeskilling

132 2034 26 13 av
182 2026 79 21 50000
286 2026 30 20 kr.
337 2028 31 19 att
384 2026 93 26 erläggas
494 2026 49 20 med
559 2033 26 13 en
602 2026 97 27 sjättedel
717 2026 36 21 vid
769 2026 104 21 tillträdet
888 2027 40 20 och

132 2063 26 14 en
181 2056 99 27 sjättedel
304 2056 41 20 den
370 2056 28 20 14
421 2062 57 14 mars
497 2056 59 26 varje
572 2063 26 14 av
614 2056 144 27 nästföljande
774 2057 43 19 fem
834 2057 23 19 år
873 2058 56 19 samt

1636 156 41 21 191

988 214 71 25 J.A
1400 229 53 18 Riks-

1018 240 36 17 Ög

965 253 88 27 SEG
1119 276 3 3 É
1233 243 94 42 Utskotts-
1390 254 73 31 dagens
1520 260 118 17 Kamrarnas

965 283 16 12 >
993 272 21 31 |
1018 278 11 10 =
1076 276 94 18 [Motioner
1223 272 110 31 utlåtanden
1415 289 27 17 kri
1597 290 3 3 S

965 299 11 9 a
1043 297 16 12 ts
1332 307 3 3 E
1404 295 46 11 skri-
1504 290 146 22 förhandlingar

965 313 17 11 &
1019 309 40 20 fe
1198 306 47 18 eller
1257 307 98 17 memorial

965 329 12 11 a
999 316 17 31 1
1019 324 40 19 2E.
1397 319 63 18 velser

960 341 99 27 SES
1575 362 1 18 |

965 366 89 31 SES
1194 367 55 22 lr
1336 362 27 41 22
1365 362 21 41 |
1400 385 9 7 m
1421 362 21 41 |
1447 362 34 41 &|
1493 374 155 19 Första
1564 362 22 41 |
1588 362 65 41 Andri

1018 383 36 40 23
1079 384 87 17 [FEJAK
1190 380 17 44 [EB
1211 374 17 62 |
1232 390 18 30 ä]
1286 384 17 27 3
1312 374 24 62 |
1346 395 17 24 5
1362 374 24 62 |
1400 384 16 28 7
1417 374 24 62 |
1447 395 17 25 =]
1490 379 71 36 kamm.
1568 374 16 62 |
1591 379 71 37 kam.

945 468 54 21 19271
1017 468 40 21 166
1182 469 26 21 10
1287 470 28 20 28!
1362 469 68 21 6143)
1455 475 9 16 så
1496 470 68 22 19:46]
1596 471 54 21 20:38

1014 504 46 22 p.13

967 656 8 10 >
1016 648 42 20 1215
1183 648 25 20 10
1287 649 28 20 46|
1361 648 68 21 9327)
1454 654 10 15 6j
1495 649 69 21 27:13
1565 644 18 34 |
1596 649 69 21 28:16

1013 683 47 22 p.17

964 1104 8 10 >
987 1090 27 36 |
1021 1095 28 20 80
1181 1095 26 21 10
1287 1096 26 20 16
1388 1095 41 20 132
1488 1096 32 21 13:
1532 1101 38 16 106]
1596 1097 33 20 14:
1640 1102 25 16 20

965 1253 9 11 »
1015 1244 41 20 1166
1181 1244 26 21 10
1286 1245 27 20 281
1361 1244 67 21 6|143)
1453 1250 10 15 så
1495 1245 68 21 19:46
1565 1240 14 36 |
1595 1246 54 21 20:38

1012 1279 46 22 p.14

965 1492 9 11 >»
1014 1483 42 21 1215
1181 1483 26 21 10
1285 1484 28 21 46
1313 1479 24 37 |
1346 1483 81 22 10|327|
1453 1489 10 16 61
1494 1485 69 21 27:13
1565 1479 19 37 |
1595 1484 69 22 28:16

1012 1518 46 23 p.18

965 1765 8 11 »
1014 1757 41 21 1215
1180 1757 27 21 10
1285 1758 28 20 46
1313 1753 24 37 |
1346 1757 81 22 10|327|
1454 1764 9 15 61
1494 1758 69 21 27:13
1563 1753 19 37 |
1595 1759 70 21 28:16

1011 1792 46 23 p.19

965 1885 8 10 >»
1013 1876 42 21 1215
1180 1877 27 20 10
1286 1878 28 20 46
1313 1874 23 36 |
1347 1878 81 20 101327|
1454 1882 10 16 71
1495 1879 68 20 27:13
1570 1874 18 36 |
1595 1878 70 21 28:16

1012 1912 45 22 p-20
