1829 2349
184 241 81 21 Aktier.

213 277 50 24 AB;
279 278 92 26 Luftfart
387 278 84 26 (1950);
488 278 248 25 Naturminnesmärken;
757 280 133 20 Norrbottens
904 280 104 20 Järnverk
1024 280 50 24 AB;

215 307 278 27 Restaurangaktiebolagen;
503 308 132 27 Rusdrycker
641 309 70 26 (1945:
723 309 26 26 4);
760 309 131 21 Skatteväsen
899 309 80 27 (1944);
988 310 88 26 Skiffer-

213 337 180 27 oljeaktiebolaget;
409 338 157 27 Stämpelavgift
580 338 79 27 (1942).

185 384 115 26 AKTIER,
314 385 127 21 STATENS:

213 420 43 21 RD
269 420 87 21 anvisar
368 421 32 20 till
413 421 82 21 inlösen
508 428 28 14 av
549 422 70 20 aktier
631 422 6 20 i
650 422 57 20 vissa
721 422 63 27 bolag
797 422 12 21 5
818 423 41 20 000
871 423 32 20 kr.
917 423 31 26 (i).

185 468 232 26 AKTIETECKNING;
433 475 22 14 se
471 469 167 27 Aerotransport;
652 470 81 23 Aktier;
746 470 134 21 Norrbottens
891 470 105 21 Järnverk
1004 470 71 21 Aktie-

213 498 58 26 bolag
285 498 79 26 (1944).

185 546 73 20 ALBO
271 541 148 26 SÖREGÅRD
432 547 21 20 3?
465 547 54 20 OCH
531 547 31 25 32;
574 553 22 14 se
608 547 158 27 Avsöndringar
779 548 69 26 (1948:
861 548 26 26 7).

185 593 144 25 ALKOHOL;
344 600 22 14 se
381 593 138 27 Rusdrycker.

185 641 201 21 ALKOHOLFRIA
403 641 141 21 DRYCKER.

215 677 43 20 RD
268 677 103 24 anhåller,
382 678 35 19 att
426 677 64 21 KM:t
499 677 50 21 ville
559 678 130 21 föranstalta
699 685 35 14 om
745 680 92 25 översyn
847 685 28 14 av
885 679 191 20 bestämmelserna

187 707 6 20 i
206 707 153 27 förordningen
373 707 41 21 den
427 707 13 21 8
453 707 43 27 maj
513 707 53 21 1925
579 713 49 22 ang.
642 708 127 27 försäljning
782 715 28 14 av
824 708 56 21 vissa
894 709 128 20 alkoholfria
1036 709 40 20 och

187 737 89 20 därmed
292 737 123 27 jämförliga
432 738 92 26 drycker
539 738 8 20 i
563 738 58 26 syfte
637 739 35 19 att
687 738 127 27 möjliggöra
831 745 26 14 en
873 739 92 20 effektiv
981 739 94 20 kontroll

185 768 41 19 rör.
240 766 173 21 handhavandet
424 773 28 14 av
464 767 176 27 utskänkningen
653 774 28 14 av
693 768 82 20 sådana
788 768 98 27 drycker.

214 808 42 20 RD
270 808 72 21 avslår
354 809 84 20 motion
451 815 35 14 om
499 809 44 20 viss
556 809 91 27 ändring
660 809 7 20 i
680 809 152 27 förordningen
845 815 49 21 ang.
908 810 127 27 försäljning
1048 816 28 14 av

186 838 57 20 vissa
254 838 128 20 alkoholfria
396 839 40 19 och
450 839 89 20 därmed
551 839 123 27 jämförliga
687 839 98 27 drycker.

214 868 26 20 Se
254 868 40 20 ock
306 868 90 21 Lösören
411 868 80 27 (1947);
504 868 122 21 Polisväsen
641 869 69 26 (1944:
725 869 39 27 17);
780 869 131 27 Rusdrycker
924 869 70 26 (1947:
1007 869 26 26 5).

186 909 257 21 ALKOHOLHALTIGA
453 910 159 25 PREPARAT;
621 917 22 13 se
650 911 90 20 Lösören
751 911 79 26 (1947);
843 911 143 26 Varuutförsel
995 911 79 26 (1949).

186 951 222 21 ALKOHOLISTER.

217 987 17 20 1.
250 986 41 21 Till
310 986 76 27 bidrag
403 987 33 20 till
454 987 201 27 frälsningsarméns
673 988 168 27 räddningshem
859 988 86 21 anvisas
963 989 13 19 6
976 989 49 20 000
1043 989 31 20 kr.

214 1047 19 19 2.
249 1046 41 20 Till
311 1046 77 26 bidrag
408 1046 33 20 till
462 1047 96 19 erkända
580 1047 40 19 och
641 1047 97 20 enskilda
760 1048 233 19 alkoholistanstalters
1015 1047 61 20 drift-

186 1076 118 20 kostnader
314 1081 29 14 m.
353 1081 29 15 m.
393 1076 87 20 anvisas
490 1076 41 20 900
540 1076 41 21 000
591 1076 32 20 kr.
635 1076 32 26 (f).

213 1105 20 21 3.
249 1104 41 21 Till
314 1104 105 28 tillfälligt
443 1106 215 26 omhändertagande
681 1112 29 14 av
734 1106 140 21 alkoholister
897 1113 67 14 m.m.
989 1106 87 21 anvisas

186 1135 27 20 60
221 1134 41 21 000
276 1135 32 20 kr.
324 1135 32 26 (f).

214 1164 19 20 4.
251 1164 42 21 RD
307 1164 88 21 anvisar
409 1165 32 20 till
456 1171 58 14 resor
527 1165 37 20 vid
578 1165 213 27 tvångsinternering
805 1172 28 14 av
847 1166 140 20 alkoholister
1003 1166 24 20 13
1036 1166 41 20 000

186 1194 32 20 kr.
231 1194 26 26 (f)
268 1195 58 20 samt
337 1194 33 21 till
381 1194 262 27 interneringskostnader
653 1195 7 20 i
670 1195 58 21 vissa
739 1195 37 21 fall
787 1196 12 20 7
808 1196 41 20 000
860 1196 31 20 kr.
904 1196 33 25 (f).

215 1254 19 20 5.
250 1253 41 21 Till
303 1253 312 27 länsnykterhetsnämnderna
628 1254 87 21 anvisas
729 1255 36 20 152
766 1249 46 36 000
828 1255 31 20 kr.
873 1255 33 26 (f).

215 1313 19 20 6.
250 1313 41 20 Till
311 1313 123 26 främjande
452 1320 28 13 av
500 1314 275 25 nykterhetsnämndernas
794 1315 140 20 verksamhet
952 1321 67 14 m.m.
1040 1320 37 14 an-

187 1342 57 20 visas
256 1342 39 21 137
304 1342 41 21 000
355 1342 32 21 kr.

215 1372 19 20 7.
250 1372 42 20 Till
309 1374 84 19 statens
410 1373 200 21 alkoholistanstalt
627 1374 12 19 å
657 1374 122 26 Venngarn:
798 1373 57 21 vissa
873 1374 204 26 byggnadsarbeten

187 1402 87 20 anvisas
288 1402 13 20 å
313 1402 133 27 tilläggsstat
461 1402 21 21 II
496 1403 39 20 115
543 1403 42 20 000
597 1403 32 20 kr.
643 1403 19 26 (r
671 1403 34 27 B).

215 1432 19 20 8.
251 1432 41 20 Till
303 1432 76 27 bidrag
389 1432 33 20 till
432 1432 106 21 stiftelsen
550 1433 220 26 Godtemplarordens
780 1433 105 20 vårdhem
896 1433 33 20 för
938 1433 140 20 alkoholister

187 1461 34 21 för
238 1461 58 20 vissa
315 1462 204 26 byggnadsarbeten
537 1462 37 21 vid
593 1462 95 21 erkända
708 1462 226 21 alkoholistanstalten
955 1463 122 26 Dagöholm

187 1491 88 20 anvisas
287 1491 12 20 å
311 1491 132 27 tilläggsstat
457 1491 21 21 II
491 1491 39 21 105
538 1492 42 20 000
590 1492 32 20 kr.
636 1492 19 26 (r
663 1492 35 26 B).

215 1521 19 20 9.
251 1521 43 20 RD
310 1521 88 20 anvisar
409 1521 12 20 å
432 1521 133 27 tilläggsstat
577 1522 21 20 II
610 1521 33 21 till
654 1523 83 19 statens
748 1522 201 20 alkoholistanstalt
959 1523 12 19 å
988 1522 90 21 Haknäs

187 1550 33 20 till
236 1550 128 27 avlöningar
381 1551 25 20 16
415 1551 41 20 700
471 1551 32 20 kr.
520 1551 33 26 (f),
569 1551 34 20 till
619 1552 155 20 omkostnader
791 1552 25 20 16
825 1552 41 20 300
881 1552 32 20 kr.
930 1552 26 26 (f)
972 1553 58 19 samt
1045 1552 33 20 till

187 1580 57 20 vissa
258 1580 204 27 byggnadsarbeten
474 1587 29 14 m.
513 1587 29 14 m.
556 1581 27 20 26
592 1581 41 21 400
645 1582 32 19 kr.
691 1581 35 26 (r);
740 1581 40 21 och
792 1581 88 20 anvisar
893 1581 42 21 RD
949 1581 33 21 till
995 1583 83 19 statens

187 1610 239 26 tvångsarbetsanstalt
442 1611 13 20 å
473 1611 98 26 Svartsjö
589 1611 41 20 och
647 1612 84 19 statens
747 1611 202 21 alkoholistanstalt
966 1611 112 21 därstädes

187 1639 33 20 till
233 1639 128 27 avlöningar
374 1640 38 20 261
423 1640 41 20 000
477 1640 31 20 kr.
523 1640 26 27 (f)
563 1642 58 19 samt
634 1640 32 21 till
680 1641 156 20 omkostnader
848 1640 40 21 210
889 1635 48 36 000
951 1641 32 20 kr.
998 1641 33 26 (f),
1045 1641 34 20 till

187 1670 84 19 statens
287 1669 238 27 tvångsarbetsanstalt
540 1670 6 20 i
562 1670 143 21 Landskrona
722 1671 40 20 och
778 1672 84 19 statens
878 1670 201 21 alkoholistanstalt

188 1699 113 20 därstädes
315 1699 33 20 till
362 1699 128 27 avlöningar
503 1699 27 21 49
539 1700 41 20 000
594 1700 31 20 kr.
641 1700 26 27 (f)
681 1702 59 18 samt
751 1700 35 21 till
800 1700 156 21 omkostnader
969 1700 12 20 9
990 1700 42 21 000
1045 1701 32 20 kr.

188 1728 33 26 (f),
234 1728 33 20 till
280 1730 84 19 statens
376 1729 238 27 tvångsarbetsanstalt
626 1730 6 20 i
645 1730 71 26 Växjö
729 1730 40 20 och
782 1731 83 19 statens
878 1729 201 22 alkoholistanstalt

188 1758 112 21 därstädes
313 1758 33 20 till
359 1759 128 26 avlöningar
499 1759 25 21 21
535 1759 41 21 300
588 1760 32 20 kr.
634 1759 27 27 (f)
673 1761 59 19 samt
743 1759 33 21 till
790 1759 155 21 omkostnader
957 1759 26 22 45
992 1760 41 20 400
1046 1760 31 20 kr.

188 1788 33 26 (f),
232 1788 33 20 till
276 1789 83 19 statens
374 1788 201 21 alkoholistanstalt
589 1790 13 20 å
617 1790 91 20 Haknäs
723 1789 33 21 till
771 1789 128 27 avlöningar
915 1789 25 21 15
951 1789 39 21 100
1004 1790 32 20 kr.
1052 1790 26 26 (f)

188 1819 58 19 samt
264 1817 34 21 till
317 1818 156 21 omkostnader
493 1819 25 20 19
527 1818 41 22 500
586 1819 32 20 kr.
639 1819 33 26 (f),
692 1819 33 21 till
744 1820 84 21 statens
847 1819 200 21 alkoholistanstalt
1066 1820 11 19 å

188 1847 116 27 Venngarn
318 1847 34 21 till
363 1848 128 26 avlöningar
501 1849 39 20 150
549 1849 41 20 000
598 1849 32 20 kr.
640 1849 26 26 (f)
676 1850 57 19 samt
741 1848 34 21 till
784 1849 155 20 omkostnader
949 1849 38 20 168
996 1849 41 21 000
1046 1849 32 20 kr.

189 1877 33 26 (f);
231 1877 39 20 och
279 1877 189 27 bemyndigar
434 1873 37 36 RD
477 1878 64 20 KM:t
549 1880 35 18 att
592 1879 99 20 meddela
700 1878 72 21 beslut
780 1884 49 21 ang.
837 1878 193 27 förtidspensioner
1039 1879 39 20 och

188 1906 106 21 livräntor
308 1907 33 20 till
355 1907 44 20 viss
411 1907 105 27 övertalig
528 1914 17 14 e.
556 1914 19 14 o.
587 1908 100 26 personal
698 1908 37 21 vid
747 1910 83 19 statens
842 1909 237 26 tvångsarbetsanstalt

189 1936 12 20 å
218 1936 97 27 Svartsjö
332 1937 39 20 och
382 1938 83 20 statens
481 1937 201 21 alkoholistanstalt
698 1938 112 20 därstädes
826 1940 103 19 ävensom
945 1938 38 21 vid
995 1939 83 19 statens

188 1966 238 26 tvångsarbetsanstalt
436 1967 6 20 i
455 1967 142 21 Landskrona
607 1968 41 20 och
657 1969 83 19 statens
749 1967 201 21 alkoholistanstalt
958 1968 119 20 därstädes.

219 2008 17 19 1.
253 2007 40 21 Till
308 2009 83 19 statens
406 2009 238 26 tvångsarbetsanstalt
659 2009 12 20 å
687 2009 98 26 Svartsjö
800 2009 40 20 och
855 2010 83 19 statens
953 2009 126 21 alkoholist-

189 2037 82 20 anstalt
289 2038 119 20 därstädes:
427 2038 128 27 avlöningar
572 2038 87 21 anvisas
677 2039 40 20 268
726 2039 41 20 000
784 2039 33 20 kr.
835 2038 34 27 (f);
888 2039 40 20 och
945 2039 73 20 avslår
1035 2039 42 20 RD

188 2067 84 20 motion
285 2073 35 14 om
333 2068 128 26 omändring
473 2074 29 14 av
514 2068 260 27 direktörsbefattningen
787 2068 33 21 till
832 2075 26 14 en
871 2068 124 27 befattning
1007 2069 71 20 såsom

190 2096 125 21 överläkare
327 2097 39 20 och
377 2098 129 26 styresman.

1230 151 90 28 Motioner
1366 151 91 28 Utskott
1501 151 57 36 Skriv.
1620 155 95 16 Protokoll

1095 175 25 20 År
1117 171 20 32 |
1143 179 54 20 Prop.
1521 195 20 12 r

1225 209 32 16 FK
1261 205 22 28 |
1287 209 35 15 AK
1343 209 85 16 |SmllAvd|
1452 209 26 16 Nr
1597 209 34 16 FK
1697 210 36 15 AK

1096 423 103 20 5011:30]
1237 435 27 2 —!I
1296 435 27 2 —
1330 419 13 34 1]
1363 423 61 20 6/—]
1461 423 27 20 561
1516 423 95 20 109113:
1624 423 88 20 133113:
1727 425 37 18 170]

1152 460 15 12 s.
1181 455 10 17 5
1447 460 15 11 s.
1473 455 24 17 25]

1097 679 27 20 421
1158 691 27 3 —
1237 691 27 2 —1
1288 680 40 20 12291
1364 679 59 20 71—]|
1461 679 91 21 321353]
1575 680 68 19 22:11
1679 680 33 19 |22:
1725 682 23 17 17

1097 810 27 21 441
1171 822 28 3 —I
1237 811 91 20 —13791
1364 810 60 20 71—1|
1464 810 21 20 111
1526 822 27 3 —I|
1589 810 56 20 8:19
1651 806 27 34 |
1691 810 20 20 8:
1723 810 40 20 27d

1096 989 25 20 411
1154 989 39 19 1:51
1238 1001 27 2 —I
1303 1001 26 2 —I
1364 989 60 19 61—]|
1469 989 12 20 5
1536 989 12 20 5
1577 989 55 20 121:72:
1680 989 55 20 122:8

1144 1022 22 20 pt
1175 1020 25 18 60
1447 1026 15 11 s.
1474 1021 23 17 19)
1512 1026 15 11 s.
1539 1021 23 17 10)

1107 1055 9 12 »
1125 1044 22 33 I
1155 1048 39 19 1:5]
1237 1060 28 2 —I
1302 1060 27 2 —|
1364 1048 60 19 61—1
1470 1048 12 20 5
1535 1048 75 20 5121:
1622 1050 10 17 7.:
1680 1049 55 19 22:80

1144 1081 21 20 pt
1175 1079 23 18 61
1447 1080 50 17 s19
1512 1080 50 17 5.10

1107 1107 86 20 »I1:5l
1237 1119 27 2 —I
1301 1119 27 3 —]I
1364 1107 60 20 6)—]
1470 1107 12 20 5
1535 1107 75 20 521:
1680 1107 55 20 "22:38

1144 1140 22 20 pt
1175 1139 24 17 62
1447 1144 14 11 s.
1472 1139 24 17 20]
1512 1144 14 11 s.
1539 1139 23 17 10]

1108 1173 8 13 »
1130 1162 18 35 I
1154 1167 39 19 1:55
1237 1179 91 2 —bP
1364 1166 60 20 61—]
1470 1166 12 21 51
1535 1167 12 20 5
1576 1166 158 20 121:7:-122:3

1144 1200 21 20 pt
1175 1198 24 18 63
1446 1204 15 11 s.
1472 1198 24 18 201
1512 1204 15 11 s.
1538 1198 23 18 10

1146 1228 55 17 —64

1108 1262 8 13 »
1129 1251 18 34 |
1154 1256 39 20 1:51]
1237 1267 28 3 —I
1301 1268 28 2 —I
1364 1255 60 20 61—]
1451 1256 37 20 1981
1513 1255 96 21 432141:
1620 1257 25 18 50
1648 1251 26 34 |
1678 1255 33 20 41:
1722 1262 43 14 110a]

1144 1289 22 20 pt
1175 1287 25 18 65

1108 1321 9 13 »
1154 1315 40 20 [1:51]
1238 1327 26 2 —I
1302 1327 27 2 —]I
1364 1315 60 19 61—]|
1470 1315 12 20 5
1535 1315 12 20 5
1576 1315 54 20 121:7
1680 1315 55 20 22:38

1143 1348 23 20 pt
1175 1347 25 17 66
1420 1347 135 17 -1s.201s.11

1107 1381 9 13 »
1182 1375 13 20 21
1239 1386 26 3 —I
1302 1386 28 3 —|
1365 1374 61 20 61—]
1457 1375 26 20 23
1488 1370 27 35 I
1522 1374 26 21 58
1558 1370 19 35 |
1580 1374 52 20 11:4
1682 1375 68 19 |11:23

1148 1412 14 11 s.
1173 1407 26 18 53
1458 1408 37 16 s.1]
1522 1407 38 17 3.2

1108 1440 8 13 »
1181 1435 13 19 21
1238 1446 28 3 —I|
1303 1446 28 3 —I
1365 1434 60 19 6/|—]
1457 1434 27 20 23
1489 1429 26 34 I
1522 1434 27 20 58
1557 1429 18 34 I
1580 1433 53 20 11:4
1683 1434 31 19 11:
1726 1436 24 17 23

1149 1471 15 12 s.
1176 1465 25 18 55
1456 1471 15 11 s.
1482 1466 10 17 2]
1521 1466 36 17 5.2

1108 1529 9 13 »
1124 1516 24 37 |
1160 1523 105 20 2711130)]
1303 1535 28 2 —I
1365 1523 12 19 6
1399 1535 27 2 |—]|
1452 1523 38 20 1721
1514 1520 119 23 387139:5
1648 1523 13 19 dl
1681 1523 33 19 39:
1726 1525 24 17 94

1099 2009 27 20 421
1155 2010 39 19 1:5
1227 2009 39 20 1162]
1304 2022 27 2 —I
1366 2009 61 20 61—]
1472 2009 12 20 5
1537 2009 13 20 5
1581 2009 66 20 11:27
1662 2005 14 34 |
1683 2009 67 20 11:28

1144 2043 23 20 pt
1177 2041 24 17 54
1454 2041 44 18 s.14l
1517 2046 15 12 s.
1545 2041 11 17 8
