1845 2357
177 161 41 21 580

910 163 135 15 SAKREGISTER

174 221 40 2 |

194 444 123 27 Fröodling.

171 2078 2 12 |
191 2061 101 23 Fröslöv
307 2068 30 16 nr
353 2062 27 22 10
396 2062 46 23 litt.
459 2062 28 26 A;
503 2070 22 14 se
542 2062 166 27 Avsöndringar
723 2061 72 29 (1927:
807 2062 39 27 31).

238 476 85 19 anvisas
346 475 64 20 därav
429 475 33 19 för
481 474 125 26 budgetåret
623 472 125 28 1929/1930
765 474 30 19 ett
811 474 60 18 extra
885 472 146 20 reservations-

238 505 74 25 anslag
323 512 26 13 av
361 504 42 20 300
413 504 42 20 000
467 504 38 24 kr.;
517 504 39 20 och
567 504 84 20 anvisas
662 503 33 20 till
708 502 135 21 bestridande
854 509 25 13 av
890 501 142 21 kostnaderna

239 536 32 19 för
290 534 118 21 anstaltens
424 534 125 27 inflyttning
564 534 7 19 i
587 533 26 21 de
630 540 42 20 nya
688 532 108 21 lokalerna
811 534 101 19 ävensom
927 532 33 20 för
973 531 58 21 kom-

239 565 113 27 plettering
368 565 39 20 och
419 564 166 27 nyanskaffning
596 570 26 14 av
633 563 128 20 inventarier
772 562 39 21 och
823 563 129 19 instrument
963 568 28 13 m.
1004 568 27 13 m.

239 596 32 19 för
293 594 106 21 anstalten
422 594 33 20 för
478 594 124 26 budgetåret
624 592 123 28 1929/1930
764 594 30 19 ett
810 594 59 18 extra
885 592 145 20 reservations-

237 625 75 26 anslag
328 632 25 13 av
370 625 27 19 25
407 624 43 20 000
462 624 30 20 kr.

224 686 32 19 Av
272 685 36 20 det
324 692 26 13 av
368 684 55 20 1929
440 685 33 19 års
485 684 37 20 RD
533 683 32 21 till
577 682 133 28 uppförande
722 689 25 14 av
759 689 28 20 ny
798 681 232 27 institutionsbyggnad

239 716 31 19 för
295 717 81 18 statens
402 714 93 20 centrala
520 712 207 22 frökontrollanstalt
753 712 106 27 beviljade
885 712 95 26 anslaget
1005 718 26 13 av

238 745 41 20 383
290 744 42 21 000
350 745 30 20 kr.
397 745 84 20 anvisas
497 744 33 20 för
546 743 125 26 budgetåret
688 741 124 28 1930/1931
830 744 30 19 ett
871 744 60 18 extra
941 748 89 14 reserva-

237 775 132 25 tionsanslag
390 781 26 14 av
440 773 79 21 83000
538 774 39 23 kr.;
593 773 40 20 och
650 773 84 20 anvisas
750 773 114 20 härutöver
879 773 33 19 för
927 771 104 21 täckande

237 812 25 14 av
287 805 53 20 brist
358 805 7 19 i
382 804 94 26 anslaget
500 803 32 21 till
555 803 133 27 uppförande
712 809 26 14 av
761 802 41 21 den
826 809 42 20 nya
891 800 151 28 institutions-|

239 835 124 27 byggnaden
380 841 28 13 m.
426 841 28 13 m.
478 834 33 20 för
534 833 124 26 budgetåret
679 832 122 28 1930/1931
821 834 30 18 ett
866 834 60 18 extra
942 825 87 37 reserva-
1040 829 2 10 |

238 865 130 26 tionsanslag
383 871 26 14 av
426 864 27 20 35
462 864 42 20 000
521 864 31 20 kr.

223 931 50 20 Ord.
298 930 236 25 reservationsanslaget
557 929 33 20 till
614 928 139 21 befordrande
770 935 25 13 av
811 927 99 21 inhemsk
926 927 106 25 fröodling

238 961 60 26 höjes
314 960 50 21 med
381 960 12 20 5
403 960 43 20 000
463 960 30 20 kr.
510 959 33 20 till
560 959 27 20 30
598 958 41 21 000
656 959 31 19 kr.

222 1021 40 19 För
274 1020 125 26 budgetåret
413 1018 124 28 1930/1931
549 1019 101 27 uppföres
661 1018 44 20 ord.
716 1017 185 26 förslagsanslaget
909 1017 33 20 till
952 1018 79 19 statens

237 1050 94 20 centrala
353 1049 218 21 frökontrollanstalts
590 1048 136 20 verksamhet
742 1047 49 20 med
807 1047 123 20 oförändrat
947 1046 83 26 belopp,

240 1080 39 20 167
290 1079 42 21 900
349 1080 30 19 kr.

222 1140 40 19 För
273 1139 159 26 uppehållande
444 1145 26 14 av
482 1138 78 20 driften
571 1138 36 20 vid
619 1139 79 19 statens
709 1136 94 21 centrala
814 1135 217 21 frökontrollanstalts

236 1169 53 20 filial
305 1170 12 19 å
334 1169 80 26 Alnarp
434 1169 84 20 anvisas
537 1168 33 20 för
586 1167 125 26 budgetåret
728 1164 125 30 1930/1931
871 1168 30 18 ett
916 1168 60 18 extra
992 1165 38 20 för-

237 1199 130 26 slagsanslag
383 1205 25 14 av
425 1198 28 20 24
462 1198 42 21 000
521 1198 31 20 kr.

224 1259 41 20 Till
292 1258 117 21 understöd
432 1259 22 19 åt
470 1257 81 21 sådana
568 1256 236 24 frökontrollanstalter,
821 1262 45 14 som
883 1262 26 14 av
925 1255 107 25 landsting

237 1289 51 20 eller
311 1287 252 26 hushållningssällskap,
587 1289 47 18 vart
649 1287 33 20 för
700 1287 32 25 sig
747 1286 51 20 eller
813 1286 8 20 i
836 1285 104 26 förening,
957 1285 74 20 under-

237 1318 81 27 stödjas
334 1318 50 21 med
400 1318 67 20 minst
482 1324 83 14 samma
582 1317 77 26 belopp
675 1323 46 14 som
738 1315 155 27 statsbidraget,
905 1315 84 21 anvisas
1000 1315 32 20 för

239 1349 124 25 budgetåret
383 1346 125 29 1930/1931
526 1349 30 18 ett
572 1348 60 19 extra
648 1346 73 26 anslag
737 1352 26 14 av
779 1345 65 21 8000
860 1346 31 19 kr.

221 1408 37 20 RD
283 1408 101 24 anmäler,
409 1410 32 18 att
460 1407 67 26 enligt
542 1407 55 19 RD:s
614 1407 87 25 mening
716 1405 168 27 giltighetstiden
900 1405 33 20 för
948 1405 36 20 det
1000 1404 32 20 för

236 1438 99 26 yttrande
359 1437 150 21 överlämnade
533 1443 43 20 nya
599 1436 79 20 avtalet
697 1435 80 21 mellan
794 1435 94 26 Sveriges
904 1434 126 21 utsädesför-

237 1468 64 25 ening
324 1468 39 19 och
380 1467 117 20 Allmänna
514 1466 90 21 svenska
620 1465 230 26 utsädesaktiebolaget
867 1465 37 20 bör
920 1465 112 25 begränsas

236 1497 34 21 till
287 1497 12 20 3
316 1498 23 19 år
358 1497 76 20 räknat
451 1497 48 19 från
515 1496 41 20 den
574 1496 10 20 1
601 1496 42 26 juli
660 1495 65 25 1930;
743 1495 39 20 och
798 1494 97 21 anhåller
905 1494 37 20 RD
954 1500 35 14 om
1000 1496 31 18 ut-

237 1527 89 25 redning
346 1529 39 18 rör.
403 1527 26 20 de
447 1525 199 22 statsunderstödda
664 1524 300 27 växtförädlingsanstalterna
982 1523 49 20 med

237 1557 119 20 beaktande
372 1556 75 21 därvid
463 1563 26 13 av
505 1556 41 20 vad
561 1555 221 27 jordbruksutskottet
797 1555 76 20 anfört.

224 1617 40 19 För
288 1616 125 26 budgetåret
433 1614 124 29 1930/1931
576 1615 85 21 anvisas
678 1615 70 20 såsom
764 1614 104 21 särskilda
884 1616 59 18 extra
959 1613 73 25 anslag

236 1646 46 20 dels
305 1646 34 20 till
362 1645 159 28 uppehållande
544 1652 26 14 av
594 1645 95 26 Sveriges
712 1644 195 25 utsädesförenings
926 1643 106 26 praktiskt

236 1676 162 26 vetenskapliga
421 1676 136 20 verksamhet
580 1677 56 18 samt
659 1675 33 20 för
710 1674 88 26 ledning
816 1681 26 14 av
858 1674 39 20 och
913 1673 118 21 samarbete

236 1706 50 20 med
302 1706 136 26 föreningens
454 1705 76 20 filialer
547 1705 42 20 144
598 1705 42 20 240
656 1705 39 24 kr.,
712 1704 45 21 dels
773 1704 40 21 ock
829 1704 33 20 till
873 1702 159 28 uppehållande

236 1743 26 13 av
278 1736 165 21 verksamheten
458 1735 37 21 vid
506 1735 135 26 föreningens
656 1734 77 21 filialer
748 1734 37 21 vid
800 1734 87 24 Ultuna,
904 1734 8 19 i
928 1729 103 29 Östergöt-

237 1766 58 26 land,
313 1766 88 20 Kalmar
417 1766 43 24 län,
479 1765 169 26 Västergötland,
660 1764 125 25 Värmland,
797 1762 188 22 Västernorrlands
996 1762 35 20 län

237 1796 38 20 och
298 1796 112 20 Jämtland
430 1797 56 19 samt
502 1796 6 19 i
525 1795 66 20 Luleå
611 1794 93 21 100460
721 1794 30 21 kr.
768 1794 52 20 eller
835 1793 91 21 sålunda
941 1793 91 26 tillhopa

236 1826 43 20 244
289 1826 42 20 700
347 1826 31 20 kr.

223 1891 41 20 Till
281 1891 183 26 understödjande
481 1897 26 14 av
523 1890 41 21 den
581 1890 107 27 praktiskt
699 1889 160 26 vetenskapliga
869 1888 162 21 verksamheten

236 1922 13 19 å
265 1921 166 20 Weibullsholm
448 1921 84 20 anvisas
548 1920 33 20 för
597 1920 124 26 budgetåret
739 1918 124 28 1930/1931
881 1920 31 19 ett
927 1920 60 18 extra
998 1924 33 14 an-

237 1951 45 26 slag
298 1958 26 13 av
341 1951 27 20 75
378 1950 43 21 000
438 1950 31 21 kr.
1041 1936 2 23 |

249 1985 24 17 Se
280 1986 35 17 ock
323 1985 168 22 Avsöndringar
499 1984 60 22 (1928:
567 1984 24 23 2),
598 1984 173 23 Dyrtidstillägg
779 1983 59 23 (1927:
848 1989 14 15 4;
871 1983 51 18 1928:
930 1988 16 15 4;
954 1982 51 18 1929:
1011 1982 21 21 4),

259 2009 114 19 Jordbruk
384 2009 61 22 (1925:
454 2009 23 22 8).

1043 209 30 32 PR
1145 210 15 37 AF
1280 219 2 14 I
1523 232 3 3 :

1122 243 36 17 ÖR
1280 236 2 14 I
1494 228 64 29 Riks-

1069 256 17 26 =
1122 262 18 28 2
1142 258 16 25 &
1280 261 2 30 |
1338 246 94 40 Utskotts-
1481 254 85 33 dagens
1624 262 117 17 Kamrarnas

1069 286 17 12 ”
1146 284 18 12 >
1181 279 101 18 Motioner!
1291 275 24 31 =
1326 279 111 17 utlåtanden
1543 291 4 4 :
1620 276 8 30 :.
1700 292 4 3 :

1069 302 12 10 2
1123 300 40 20 lag
1280 296 2 10 I
1436 309 3 4 3
1498 288 56 32 skri-
1609 292 145 22 förhandlingar

1069 316 18 12 &
1123 314 35 19 ING
1280 312 2 9 |
1302 309 47 18 eller
1361 309 98 18 memorial

1069 332 12 11 »
1123 327 41 19 |G.
1280 329 1 22 |
1500 321 63 18 velser

1065 347 16 24 2
1122 345 39 22 138
1280 352 1 6 |
1427 358 49 2 —

1069 376 17 11 &
1123 368 35 17 leg
1262 387 8 6 2
1269 366 14 36 i
1295 370 16 23 g0
1316 366 10 36 |
1337 376 16 16 Sa
1390 387 10 7 a
1449 377 17 19 OA
1551 377 17 19 zol
1597 376 67 17 Första
1670 369 22 34 |
1698 376 65 17 Andra

1065 387 16 42 SS
1122 386 36 41 2
1188 387 63 45 SE
1295 395 16 32 2
1336 394 17 29 å
1394 383 9 44 Zz
1449 397 18 24 >
1501 383 17 43 Zz
1551 398 17 24 &]
1593 400 71 17 kamm.
1695 382 70 35 kam.

1048 471 55 21 1929

1047 680 56 22 19301
1120 680 40 21 1:
1142 675 19 37 9
1286 680 24 20 10
1403 681 12 19 21
1448 686 24 15 ö7)
1503 681 59 20 77111
1597 680 69 22 16:58
1669 676 14 36 |
1699 681 67 21 17:16

1117 716 43 22 p.71
1319 713 2 24 I

1319 752 1 37 |

1070 935 8 10 >»
1121 926 39 20 -[1:9
1285 926 25 19 10
1404 926 68 21 21-859]
1504 926 60 20 77111
1596 925 68 21 16:58]
1697 926 68 20 17:16

1116 961 46 22 p.75

1069 1024 9 10 »
1119 1015 191 21 [1:9/198/286110
1404 1015 10 20 11
1448 1020 24 16 4819
1492 1015 72 20 Ali1l
1597 1015 68 21 19:48]
1697 1015 68 21 20:36

1116 1047 17 29 p.-
1139 1051 22 16 70

1069 1135 90 20 anollkrg
1284 1133 26 21 10
1405 1135 10 19 11
1448 1139 24 16 47/9
1492 1134 73 20 Al12]
1598 1134 66 21 19:48
1666 1129 14 36 |
1697 1133 68 21 20:36

1116 1169 46 23 p.73

1079 1262 1 11 i
1120 1254 40 20 l1:9
1285 1253 26 20 10
1405 1254 67 21 1/-47|9
1492 1254 73 20 Al12]
1599 1254 66 20 19:48]
1697 1253 68 20 20:36

1117 1295 17 17 p.
1140 1289 22 17 74

1171 1372 2 32 |

1070 1412 8 10 »
1118 1403 55 28 [271]
1286 1403 24 20 10
1390 1403 25 20 7
1488 1402 41 20 321
1588 1402 32 20 35:
1632 1402 41 20 22d|
1696 1402 33 20 36:
1741 1407 24 15 23

1171 1435 2 19 |

1070 1620 8 10 »
1120 1611 40 21 11:9
1179 1611 92 21 [173167
1286 1611 24 20 10
1390 1611 26 20 721
1449 1611 115 21 12)322111]
1596 1610 33 20 35:
1641 1615 24 16 25
1668 1606 22 34 |
1698 1610 32 20 36:
1742 1615 24 15 238

1117 1653 17 16 p.
1140 1647 22 17 76
1231 1641 38 20 171

1171 1680 1 26 |
1427 1698 2 8 |

1171 1707 2 16 I
1427 1707 2 8 I

1071 1886 89 20 HUPL:
1287 1885 24 20 10
1390 1886 27 19 721
1449 1885 115 20 21l32211]
1596 1884 69 20 35:25
1666 1880 18 35 |
1697 1880 33 35 36:
1741 1889 24 15 23

1118 1921 44 22 Fer

1677 1949 2 13 I

1225 2069 2 13 I
