1855 2360
180 72 42 22 482

196 253 106 20 Hästavel.

224 289 20 20 2.
261 289 42 20 RD
325 289 88 20 anvisar
434 289 31 20 till
487 291 83 18 statens
592 289 154 26 hingstdepåer
767 289 39 20 och
828 289 83 20 stuteri:
934 288 156 21 omkostnader

199 318 38 21 153
246 319 41 20 600
299 319 32 20 kr.
345 319 33 25 (f).

224 348 20 21 3.
261 348 42 20 RD
317 349 89 20 anvisar
419 348 33 20 till
466 350 83 19 statens
564 349 154 26 hingstdepåer
732 349 39 19 och
785 348 84 21 stuteri:
885 348 204 27 byggnadsarbeten

197 378 26 20 58
232 378 41 20 000
284 379 32 19 kr.
330 378 35 26 (r).

224 408 19 20 4.
262 408 40 20 RD
316 408 88 20 anvisar
415 408 33 20 till
461 408 125 20 hästavelns
600 408 149 26 befrämjande
762 408 40 20 450
811 408 41 20 300
864 408 32 20 kr.
910 408 34 26 (r).

224 468 19 20 5.
261 468 41 20 RD
312 468 88 20 anvisar
410 468 30 20 till
449 468 128 25 avsättning
587 467 30 20 till
627 468 196 20 stuteriväsendets
832 468 52 20 fond
893 467 12 20 3
915 467 40 20 945
964 467 41 20 600
1014 467 31 20 kr.
1056 467 32 26 (f).

224 527 19 20 6.
261 527 41 20 RD
316 527 117 26 medgiver,
447 528 35 19 att
495 527 35 20 lån
543 533 25 14 ur
580 529 84 18 statens
678 527 164 20 hästavelsfond
855 527 33 20 för
900 527 67 26 inköp
980 533 28 14 av
1021 526 69 21 avels-

196 557 98 26 hingstar
309 563 29 14 av
354 557 134 20 nordsvensk
504 557 51 20 eller
570 557 190 26 gudbrandsdalsk
776 563 34 14 ras
826 557 35 20 må
878 556 91 27 beviljas
985 556 55 20 intill
1057 558 32 18 ett

196 587 78 26 belopp
287 593 28 14 av
328 587 64 26 högst
404 587 13 20 8
419 586 48 21 000
478 587 32 20 kr.
524 587 33 20 för
569 587 61 26 varje
642 587 79 26 hingst;
735 587 40 20 och
788 586 95 21 besluter
896 586 41 21 RD
952 586 137 20 beträffande

196 617 41 19 den
256 617 69 20 under
342 617 182 26 räkenskapsåret
543 616 90 27 1945/46
651 616 113 27 upplupna
781 616 161 26 avkastningen
959 622 28 14 av
1005 617 84 19 statens

196 646 164 21 hästavelsfond
371 648 41 21 att,
423 647 66 19 sedan
500 648 33 18 ett
544 646 78 26 belopp
632 652 28 14 av
671 647 12 19 5
692 646 41 20 400
743 646 32 20 kr.
786 646 56 26 lagts
852 646 33 20 till
895 646 92 20 fondens
997 645 91 27 kapital,

195 678 33 18 ett
243 676 78 26 belopp
335 682 28 14 av
377 676 26 20 35
412 676 42 20 000
467 676 31 20 kr.
513 676 36 20 må
563 682 28 14 av
606 676 63 20 KM:t
683 676 126 26 disponeras
823 676 32 20 till
869 676 101 25 åtgärder
984 675 33 20 för
1030 676 59 20 häst-

195 706 75 20 avelns
283 706 122 26 främjande
418 708 58 18 samt
488 706 125 20 återstoden
626 712 127 14 reserveras.

223 736 19 20 7.
260 736 42 20 RD
312 736 88 20 anvisar
410 736 31 20 till
452 736 129 20 lånefonden
592 736 33 20 för
635 736 65 26 inköp
711 742 27 13 av
749 736 48 20 ädla
808 735 109 20 avelsston
928 736 27 19 30
963 735 41 20 000
1014 735 31 20 kr.
1057 735 31 26 (i).

224 825 19 20 8.
262 825 41 20 RD
318 825 87 21 anvisar
419 825 32 20 till
463 825 129 20 lånefonden
604 825 33 20 för
649 825 65 26 inköp
726 831 27 14 av
766 825 158 26 avelshingstar
935 830 28 15 av
975 824 114 20 ardenner-

194 861 35 14 ras
240 855 27 20 90
274 855 42 20 000
327 855 32 20 kr.
371 855 32 26 (i).

224 915 19 20 9.
262 915 40 20 RD
317 915 88 20 anvisar
421 915 31 20 till
468 914 129 21 lånefonden
613 915 33 19 för
662 915 65 26 inköp
743 920 28 14 av
787 914 109 20 avelsston
913 920 27 14 av
954 914 134 20 nordsvensk

194 950 34 15 ras
240 945 26 20 55
275 944 41 21 000
327 945 32 20 kr.
372 945 31 26 (i).

224 1022 41 20 RD
277 1022 127 26 godkänner
414 1022 161 26 avlöningsstat
586 1022 33 20 för
630 1023 83 19 statens
725 1021 154 27 hingstdepåer
890 1021 39 20 och
942 1021 77 20 stuteri
1030 1022 58 19 samt

194 1052 88 19 anvisar
297 1052 32 19 till
345 1052 128 25 avlöningar
487 1052 41 19 402
537 1052 41 19 400
593 1052 31 19 kr.
641 1052 32 25 (f),
690 1051 33 20 till
738 1051 156 19 omkostnader
908 1051 41 19 242
958 1050 41 20 500
1014 1051 31 19 kr.
1062 1050 26 26 (f)

194 1083 59 18 samt
265 1081 30 20 till
308 1081 204 26 byggnadsarbeten
525 1081 38 20 152
572 1081 41 20 800
624 1081 32 20 kr.
668 1080 35 26 (r);
715 1081 40 19 och
766 1080 88 20 anvisar
865 1080 42 20 RD
919 1080 32 20 till
963 1080 125 20 hästavelns

195 1111 150 25 befrämjande
365 1111 60 20 1408
435 1110 41 20 500
493 1111 31 19 kr.
543 1111 28 25 (r)
589 1112 57 18 samt
663 1110 117 26 medgiver,
799 1112 35 18 att
851 1115 27 15 av
896 1109 77 23 medel,
992 1116 45 13 som
1056 1109 33 20 för

195 1140 130 26 budgetåret
339 1140 90 26 1946/47
442 1140 89 20 tillförts
544 1140 196 20 stuteriväsendets
753 1140 59 22 fond,
826 1140 35 19 må
875 1139 33 20 för
920 1139 66 26 inköp
1000 1145 27 14 av
1040 1140 49 19 täv-

195 1170 131 26 lingshästar
339 1170 32 20 till
386 1170 25 20 de
426 1170 122 26 olympiska
562 1169 72 26 spelen
651 1169 52 20 1948
717 1171 62 24 tagas
793 1169 6 20 i
813 1169 94 26 anspråk
921 1170 33 18 ett
968 1168 79 27 belopp
1061 1174 27 14 av

195 1200 64 25 högst
270 1200 26 20 75
305 1199 41 20 000
357 1200 40 23 kr.;
410 1200 40 19 och
462 1199 95 20 besluter
570 1199 41 20 RD
624 1199 137 20 beträffande
774 1199 41 20 den
827 1199 69 19 under
907 1198 182 26 räkenskapsåret

196 1229 90 26 1946/47
299 1229 113 26 upplupna
424 1229 160 26 avkastningen
597 1235 27 14 av
637 1230 84 18 statens
733 1228 172 23 hästavelsfond,
918 1229 35 19 att
964 1229 34 19 ett
1010 1228 78 26 belopp

194 1264 28 15 av
231 1259 27 20 32
267 1259 41 20 000
316 1259 32 20 kr.
356 1259 36 20 må
400 1265 28 14 av
437 1259 64 20 KM:t
509 1259 125 26 disponeras
642 1258 33 20 till
683 1258 101 26 åtgärder
792 1258 33 20 för
833 1258 125 20 hästavelns
966 1257 123 26 främjande

194 1290 58 19 samt
264 1289 126 19 återstoden
401 1288 73 26 läggas
486 1288 32 20 till
530 1288 92 20 fondens
634 1288 90 26 kapital,
737 1288 127 26 godkänner
874 1287 80 26 förslag
965 1289 35 18 att
1011 1292 77 21 genom

194 1318 200 26 sammanslagning
406 1324 28 14 av
447 1319 84 19 statens
544 1318 172 23 hästavelsfond,
729 1317 130 20 lånefonden
872 1317 34 20 för
918 1317 67 26 inköp
998 1323 28 14 av
1039 1316 49 21 ädla

194 1348 118 23 avelsston,
331 1348 131 19 lånefonden
480 1348 34 19 för
532 1348 66 26 inköp
617 1353 28 14 av
664 1347 160 26 avelshingstar
841 1352 28 14 av
888 1347 141 20 ardennerras
1049 1346 39 20 och

195 1377 129 21 lånefonden
335 1378 33 19 för
377 1378 67 26 inköp
454 1383 28 14 av
492 1377 109 20 avelsston
612 1383 28 14 av
650 1377 135 20 nordsvensk
794 1382 35 15 ras
839 1378 58 18 samt
906 1382 77 21 genom
993 1376 95 20 tillskott

194 1407 48 20 från
256 1407 196 20 stuteriväsendets
465 1407 52 20 fond
531 1407 58 20 bilda
603 1413 25 14 en
642 1407 109 22 lånefond,
766 1406 109 21 benämnd
888 1407 84 19 statens
986 1406 102 20 lånefond

195 1437 33 20 för
239 1437 125 20 hästavelns
376 1437 157 26 befrämjande,
546 1437 49 19 med
607 1438 33 18 ett
652 1436 83 26 kapital
748 1442 34 14 om
794 1436 12 20 7
815 1436 42 20 000
865 1435 42 21 000
918 1436 39 23 kr.,
970 1435 117 26 medgiver,

194 1468 35 19 att
243 1467 35 20 lån
293 1473 26 14 ur
332 1467 41 20 den
389 1467 117 26 nybildade
521 1467 80 19 fonden
616 1466 33 20 för
663 1466 66 26 inköp
744 1472 28 14 av
786 1466 110 20 avelsston
910 1471 29 14 av
953 1465 134 20 nordsvensk

194 1502 34 14 ras
246 1497 35 20 må
300 1496 91 26 beviljas
409 1496 58 20 inom
486 1496 26 20 de
530 1496 256 26 hushållningssällskaps
804 1495 110 23 områden,
934 1496 73 19 varest
1025 1495 63 20 nord-

194 1526 93 20 svenska
304 1526 75 20 hästar
395 1526 123 26 premieras,
535 1526 117 26 medgiver,
670 1527 35 18 att
721 1531 25 14 ur
762 1526 41 19 den
821 1525 118 26 nybildade
955 1525 81 20 fonden
1052 1525 36 19 må

195 1556 68 20 under
272 1556 130 26 budgetåret
412 1555 90 26 1947/48
510 1557 62 25 tagas
581 1555 6 20 i
595 1555 95 26 anspråk
699 1555 32 20 till
740 1555 35 20 lån
784 1555 34 20 för
825 1555 67 26 inköp
901 1560 28 14 av
937 1554 150 26 varmblodiga

194 1585 110 20 avelsston
320 1585 41 20 300
370 1585 41 20 000
427 1586 40 22 kr.,
483 1585 34 20 för
532 1585 67 26 inköp
615 1591 28 14 av
660 1585 98 25 hingstar
773 1590 28 14 av
818 1584 135 20 nordsvensk
969 1584 51 20 eller
1034 1584 54 26 gud-

194 1615 144 20 brandsdalsk
351 1621 34 14 ras
397 1615 40 20 200
446 1614 41 21 000
499 1615 39 23 kr.,
551 1615 34 19 för
596 1615 66 25 inköp
674 1620 29 14 av
715 1614 148 20 nordsvenska
875 1614 111 20 avelsston
998 1613 40 21 200
1047 1613 41 20 000

194 1645 39 23 kr.,
245 1645 33 20 för
288 1645 66 26 inköp
365 1650 28 14 av
403 1644 159 26 avelshingstar
572 1650 28 14 av
610 1644 142 20 ardennerras
762 1643 41 21 400
811 1643 41 21 000
862 1643 32 20 kr.
906 1643 40 20 och
956 1643 33 20 för
999 1643 89 20 förvärv

194 1680 28 14 av
237 1674 204 26 ridhusbyggnader
456 1680 28 14 m.
494 1680 29 14 m.
540 1673 38 21 250
579 1669 49 35 000
646 1674 39 23 kr.;
703 1674 39 19 och
758 1673 127 26 godkänner
901 1673 42 20 RD
960 1674 35 19 att
1009 1678 78 21 genom

193 1704 96 20 tillskott
302 1704 49 20 från
365 1703 196 21 stuteriväsendets
574 1703 53 20 fond
641 1703 70 20 bildas
725 1709 26 14 en
765 1703 59 23 fond,
839 1702 125 27 förslagsvis
977 1702 110 21 benämnd

194 1735 84 19 statens
292 1733 172 23 hästavelsfond,
479 1733 50 20 med
543 1734 34 19 ett
590 1733 84 26 kapital
689 1738 35 14 om
739 1733 13 20 5
754 1728 47 35 000
800 1728 49 35 000
865 1732 32 20 kr.
913 1733 58 19 samt
985 1732 101 23 besluter,

193 1765 35 18 att
239 1763 196 20 stuteriväsendets
446 1763 53 20 fond
511 1762 54 21 skall
577 1763 99 26 upphöra
688 1763 25 19 fr.
724 1768 18 14 o.
752 1768 29 14 m.
794 1762 41 20 den
849 1762 8 20 1
870 1762 40 26 juli
924 1762 52 20 1947
987 1762 40 20 och
1040 1762 47 20 dess

193 1793 139 20 återstående
345 1792 125 27 behållning
483 1792 92 21 tillföras
588 1792 110 20 allmänna
712 1792 117 26 budgeten.

223 1835 17 19 1.
258 1834 42 20 RD
316 1834 127 26 godkänner
458 1834 161 26 avlöningsstat
634 1834 34 20 för
683 1835 84 19 statens
783 1833 155 26 hingstdepåer
953 1833 40 20 och
1009 1833 78 20 stuteri

193 1866 58 18 samt
262 1864 88 20 anvisar
361 1864 32 20 till
405 1864 129 26 avlöningar
544 1864 41 20 459
596 1863 39 20 100
646 1864 32 19 kr.
691 1864 33 25 (f).

221 1894 19 20 2.
258 1894 42 20 RD
322 1894 88 20 anvisar
431 1893 33 21 till
487 1895 83 19 statens
592 1893 155 27 hingstdepåer
769 1893 39 20 och
831 1893 83 20 stuteri:
933 1892 155 20 omkostnader

193 1924 40 20 236
242 1923 41 20 500
296 1924 31 20 kr.
342 1924 32 26 (f).

221 1954 19 19 3.
258 1953 42 20 RD
312 1953 88 20 anvisar
411 1953 32 20 till
456 1953 125 20 hästavelns
593 1952 151 26 befrämjande
757 1953 8 19 1
777 1952 41 20 414
827 1952 41 20 900
879 1952 31 20 kr.
924 1952 34 26 (r).

220 2013 20 19 4.
257 2013 42 19 RD
314 2012 117 26 medgiver,
447 2014 34 18 att
496 2018 25 14 ur
534 2014 84 18 statens
632 2012 103 20 lånefond
749 2012 34 20 för
796 2011 126 21 hästavelns
937 2011 150 26 befrämjande

192 2043 36 19 må
242 2042 69 20 under
324 2042 131 26 budgetåret
469 2042 90 26 1948/49
572 2043 63 24 tagas
648 2042 6 19 i
667 2041 95 26 anspråk
775 2041 33 20 till
821 2041 36 20 lån
870 2041 34 20 för
916 2041 67 26 inköp
996 2047 29 13 av
1038 2040 49 20 ädla

192 2072 111 20 avelsston
321 2071 40 21 300
370 2071 41 21 000
428 2072 40 23 kr.,
487 2071 33 21 för
537 2071 67 26 inköp
622 2076 28 15 av
668 2071 98 26 hingstar
783 2076 28 15 av
830 2070 135 21 nordsvensk
981 2070 40 20 och
1034 2070 54 26 gud-

192 2101 145 21 brandsdalsk
349 2107 35 14 ras
395 2101 41 20 200
445 2101 41 20 000
498 2101 40 23 kr.,
550 2101 34 20 för
595 2101 67 26 inköp
674 2107 28 14 av
714 2100 149 20 nordsvenska
875 2100 110 20 avelsston
997 2099 41 21 200
1047 2099 41 20 000

1245 163 91 16 Motioner
1383 158 90 30 Utskott
1552 174 3 4 ”
1636 162 94 17 Protokoll

1110 183 26 20 År
1134 179 16 32 |
1158 187 54 20 Prop.
1771 199 6 1 i

1239 217 33 16 FK
1274 212 23 29 |
1302 217 36 16 AK
1360 216 85 16 |SmllAvd!
1468 216 27 16 Nr
1614 216 33 16 FK
1712 216 36 16 AK

1108 288 29 20 461]
1167 289 39 19 1:9]
1249 300 28 2 —I
1315 288 122 19 —1101—
1493 288 6 19 1
1555 287 107 20 9113:38
1670 283 17 34 |
1695 287 31 21 13:
1737 290 25 17 43

1158 322 21 19 pt
1189 320 24 17 55
1458 325 14 12 s.
1480 320 24 17 45

1120 355 9 12 »
1139 343 22 34 |
1167 348 39 20 1:9]
1249 359 28 3 —!I
1315 347 123 20 —]101—
1492 348 8 19 1
1555 347 13 20 91
1595 347 67 20 13:38
1670 343 17 34 |
1695 347 31 20 13:
1738 349 24 18 43

1158 382 21 19 pt
1189 379 24 18 56
1458 385 14 11 s.
1480 379 24 17 46

1120 414 8 13 »
1145 403 14 34 |
1166 408 40 19 1:91]
1250 419 27 2 —I|I
1315 407 123 20 —]101]—
1492 407 8 19 1
1555 406 70 21 9113:
1637 408 24 18 38
1695 406 31 21 113:
1737 409 24 17 438

1158 441 21 19 pt
1189 439 24 18 57
1458 444 15 11 s.
1480 439 24 17 46

1120 474 8 12 »
1138 463 22 33 I
1167 468 39 19 1:9]
1250 479 27 2 —I
1314 467 124 19 —]101]—
1492 467 7 19 1
1555 466 70 20 9113:
1637 468 24 17 38
1663 462 22 34 |
1695 466 31 20 13:
1737 468 24 17 43

1158 501 19 19 pt
1189 498 24 18 58
1458 504 14 11 s.
1480 498 24 17 46

1120 533 8 12 »
1137 521 22 34 |
1179 527 25 19 241
1254 538 23 2 —I
1315 526 123 19 —]101l—]
1478 526 24 20 171
1529 525 96 21 146115:
1637 528 24 17 57
1666 521 22 34 |
1695 525 31 21 15:
1740 528 37 17 102]

1120 742 7 12 »
1181 735 6 19 1
1256 746 21 2 —!|
1314 734 123 19 —110|]—]
1476 734 25 20 541
1527 733 40 21 263]
1592 733 32 21 20:
1635 735 25 17 58
1664 729 22 34 |
1692 733 33 20 21:
1737 735 24 18 92

1160 765 50 19 K:8
1463 766 39 17 s.'9

1163 798 21 20 pt
1195 796 11 17 9

1119 831 8 12 »
1180 825 7 19 1
1250 836 27 2 —|
1316 823 122 20 —110/|—]
1476 823 26 20 541
1526 822 40 21 2631
1591 822 69 21 20:58
1661 818 23 35 |
1692 823 24 19 21:
1736 825 24 17 92

1160 854 28 20 K:
1191 850 13 33 8
1465 861 15 11 8.
1492 855 11 17 9

1157 888 20 19 pt
1190 886 23 17 10

1119 920 8 13 »
1181 914 7 19 1
1241 925 28 2 —
1271 908 34 34 |
1316 913 121 19 —]10]—]
1475 913 26 20 541
1526 912 40 20 2631
1591 912 33 20 20:
1635 914 25 17 58
1664 908 22 34 |
1692 912 23 20 21:
1737 914 24 18 92

1160 943 49 20 K:8
1465 945 37 17 59

1157 977 20 19 pt
1189 976 22 16 11

1108 1021 28 20 471
1180 1021 24 19 14
1236 1020 201 21 1223/3321101|—]
1477 1020 25 20 101
1540 1020 84 19 72111:
1635 1019 39 20 52d)
1694 1020 31 20 11:
1737 1021 24 18 80

1108 1832 27 20 481
1158 1832 52 20 1:11]
1248 1844 28 2 —|
1313 1831 123 20 —1]10/—
1490 1831 8 19 £
1554 1830 70 20 9113:
1635 1832 25 18 42
1666 1826 23 34 |
1693 1830 53 20 13:5

1156 1866 21 19 pt
1188 1863 24 18 29
1456 1863 47 17 8.17

1118 1899 9 12 »
1158 1892 52 19 [1:11]
1248 1903 27 2 —I|
1313 1891 124 19 -—-I101—
1491 1890 7 20 1
1554 1890 70 20 9113:
1635 1892 24 17 42
1667 1886 22 33 |
1693 1890 53 20 13:5

1156 1925 21 19 pt
1187 1923 25 17 30
1456 1927 15 11 s.
1480 1921 23 18 18

1118 1958 9 12 »
1159 1951 51 20 [1:11]
1248 1962 28 3 —|
1313 1950 123 20 —J]10]—
1490 1950 9 19 1
1554 1949 70 20 9113:
1635 1951 24 17 42
1669 1945 17 34 |
1693 1949 53 20 13:
1730 1945 10 34 5

1156 1984 22 20 pt
1187 1983 23 17 31
1456 1981 47 18 8.19

1119 2017 8 12 »
1159 2011 53 19 [1:30]
1247 2021 28 3 —!
1313 2009 124 20 —l110/—]
1474 2009 27 20 461
1526 2008 98 21 309123:
1635 2010 24 18 73
1670 2004 14 35 |
1691 2008 33 21 23:
1738 2010 37 18 113

1163 2044 21 19 pt
1193 2042 11 17 4
1462 2045 15 13 s.
1489 2040 11 18 3
