1833 2358
159 151 27 21 90
893 157 136 15 SAKREGISTER

1490 225 52 17 Riks-

1479 250 73 30 dagens
1609 255 119 17 Kamrarnas

1484 280 58 31 skri-
1594 284 146 22 förhandlingar

1486 315 63 17 velser

1324 244 94 16 Utskotts-

1166 273 101 23 Motioner
1262 269 8 32 |
1282 269 16 32 —
1311 273 112 18 utlåtanden

1265 297 2 30 |
1287 303 47 17 eller
1346 303 98 17 memorial

1049 248 22 146 IBSTLPSAIAY

1509 363 14 31 äl
1547 378 7 10 21
1583 368 67 17 Första
1657 364 20 32 |
1685 368 65 17 Andra

1489 390 17 17 =
1580 393 70 16 kamm.
1649 388 28 31 |
1682 392 70 17 kamm.

1108 296 17 104 198S19ALLYS
1108 237 17 47 Iojj9

1127 366 16 54 "doad
1127 294 22 65 sy:lem
1127 219 22 70 Bun

1322 368 17 42 Pav
1309 352 35 1 |

1376 382 16 25 IN

1435 370 17 45 epis
1412 352 52 1 |

1537 370 17 45 eps
1536 352 24 1 |

1169 381 87 17 FKIAK

1280 363 17 57 Tone
1271 352 34 1 |

179 435 86 21 Armén.
1158 452 2 7 I

224 466 63 20 ställa
303 465 115 26 utredning
433 467 39 18 rör.
489 465 146 20 anordnandet
651 472 25 13 av
693 465 91 20 kontroll
799 465 40 20 och
851 464 121 26 besiktning
983 464 35 20 vid
1035 465 54 21 [1925

224 496 119 20 leveranser
364 496 33 19 för
420 496 113 20 försvarets
557 495 90 26 räkning
665 499 56 16 samt
740 495 92 20 därefter
847 494 86 26 vidtaga
948 494 26 20 de
990 495 28 19 åt-
1265 494 2 22 I

224 525 80 26 gärder,
329 525 71 21 vartill
424 525 141 26 utredningen
590 525 42 20 kan
655 525 48 26 giva
726 525 124 25 anledning;
871 524 45 20 dels
932 524 39 20 ock
988 526 29 18 att

224 555 62 21 KM:t
309 557 66 19 måtte
399 555 85 21 utfärda
506 555 109 20 föreskrift
634 555 80 24 därom,
731 557 37 22 att,
785 557 75 18 utöver
875 554 143 26 författnings-

224 585 57 26 enlig
296 592 52 14 rese-
360 586 40 20 och
411 585 265 26 traktamentsersättning,
688 585 91 20 särskild
790 584 125 27 gottgörelse
926 584 46 21 icke
984 585 35 19 må

223 615 123 21 tillkomma
361 615 36 20 vid
412 615 195 21 försvarsväsendet
623 615 92 21 anställd
726 615 104 27 personal,
842 621 46 14 som
899 614 120 20 förordnats

224 645 115 21 verkställa
355 645 93 21 kontroll
467 645 51 21 eller
534 645 122 26 besiktning
672 645 35 21 vid
723 645 119 20 leveranser
857 645 33 19 för
904 645 115 20 försvarets

224 676 97 26 räkning,
338 676 6 20 i
361 676 67 20 andra
450 675 38 20 fall
512 677 27 18 än
558 675 27 21 då
601 675 66 21 sådan
683 675 125 26 gottgörelse
825 682 25 13 av
866 675 61 19 KM:t
943 676 76 25 prövas

224 705 50 21 med
290 706 84 27 hänsyn
390 706 34 20 till
439 705 105 21 särskilda
559 705 181 27 omständigheter
756 705 51 20 böra
821 705 57 26 utgå.

1328 764 10 20 1|
1375 765 28 19 48|
1450 765 67 20 8157
1672 759 46 34 28:
1730 768 25 16 80

1584 765 11 19 Do

1590 770 30 6 AR

1628 769 10 15 N

167 771 24 16 57
210 766 37 20 RD
264 765 97 21 anhåller
376 766 7 19 i
399 765 42 20 anl.
458 772 26 14 av
500 771 53 15 rev:s
570 772 56 13 anm.
643 765 71 25 (Rev:s
726 765 41 20 ber.
780 772 46 19 ang.
838 766 73 19 statsv.
922 765 17 23 I,
951 771 16 13 s.
980 764 37 24 28;|
1051 760 7 35 >»
1286 764 22 20 6

224 796 40 24 TII,
281 802 15 14 s.
310 795 33 25 15,
356 795 42 26 45),
410 797 31 19 att
451 795 61 21 KM:t
522 796 66 20 måtte
600 795 42 20 låta
653 795 115 20 verkställa
778 795 165 25 undersökning,
956 795 62 20 huru-
1307 792 2 17 |

224 826 50 20 vida
296 825 47 21 icke
367 825 25 20 de
411 825 193 21 livsmedelsförråd
621 825 7 20 i
644 825 79 25 Boden,
740 831 46 14 som
803 825 94 20 förvaras
912 825 13 19 å
941 824 78 27 platser
1307 824 2 21 I

224 857 60 19 utom
308 855 236 24 intendenturförrådet,
568 855 74 20 kunna
661 855 96 20 minskas
775 855 40 20 och
831 861 25 14 en
873 854 124 26 förändring
1012 854 7 20 i

225 886 60 25 fråga
308 892 35 13 om
360 885 108 20 förrådens
492 885 107 26 förvaring
622 884 160 26 åvägabringas;
799 885 40 20 och
855 884 103 20 förklarar
973 884 44 24 RD,

224 917 32 18 att
277 915 36 20 det
336 915 33 20 för
392 915 135 20 bestridande
551 921 25 15 av
596 914 117 21 kostnaden
732 915 33 20 för
780 914 116 27 tryggande
912 921 26 13 av
954 914 65 20 rikets

224 945 125 20 neutralitet
371 945 68 20 under
462 945 23 20 år
510 944 56 21 1918
585 945 13 19 å
616 944 128 26 tilläggsstat
767 944 33 20 för
815 951 83 13 samma
913 944 23 20 år
951 943 68 21 under

224 975 70 27 fjärde
311 974 137 21 huvudtiteln
464 974 107 27 uppförda
582 974 169 26 förslagsanslag,
764 974 67 26 högst,
845 974 26 20 18
881 973 42 21 365
933 973 42 20 000
986 973 31 20 kr.
1349 983 2 16 I

223 1005 47 20 icke
293 1005 126 20 hädanefter
442 1005 36 19 må
501 1007 58 23 tagas
575 1005 7 19 i
598 1004 92 26 anspråk
713 1004 33 20 för
764 1004 105 26 gäldande
888 1010 26 14 av
930 1003 66 20 andra
1012 1004 6 19 i
1349 1003 2 3 I

224 1035 105 20 samband
344 1034 49 21 med
404 1034 226 26 neutralitetsskyddet
640 1034 126 26 uppkomna
777 1034 114 21 kostnader
902 1035 26 19 än
940 1033 79 21 sådana

223 1071 45 14 som
293 1064 128 21 statsverket
443 1064 42 20 kan
508 1064 88 20 komma
620 1065 29 19 att
665 1064 23 20 få
703 1063 119 21 vidkännas
837 1064 8 19 i
861 1063 116 26 anledning
993 1070 25 13 av

224 1094 114 20 meddelad
354 1094 50 20 dom
421 1094 51 20 eller
487 1094 121 27 skiljedom.

165 1164 24 17 58
208 1160 62 20 Rev:s
287 1166 57 14 anm.
361 1160 69 23 (Rev:s
447 1159 42 20 ber.
506 1166 47 19 ang.
570 1161 73 18 statsv.
661 1159 17 24 I,
695 1165 15 14 s.
728 1159 22 23 9;
767 1159 41 21 III,
822 1165 15 14 s.
851 1159 21 25 6)
888 1165 46 19 ang.
947 1160 71 19 ersätt-|
1057 1167 8 10 >
1286 1157 53 21 GET)
1376 1158 28 20 491
1586 1158 54 20 25:2
1649 1152 28 36 |
1687 1156 70 21 28:80

223 1190 51 25 ning
285 1190 22 19 åt
318 1189 141 27 flygpersonal
470 1189 67 20 under
548 1189 184 27 flygtjänstgöring
740 1189 70 26 lägges
818 1189 33 20 till
858 1188 160 26 handlingarna.

165 1254 24 15 59
208 1249 37 20 RD
262 1249 96 20 anhåller
373 1249 7 19 i
396 1249 42 19 anl.
456 1255 26 14 av
497 1255 54 14 rev:s
568 1255 56 14 anm.
641 1248 71 26 (Rev:s
723 1249 42 20 ber.
778 1255 46 19 ang.
836 1250 73 18 statsv.
922 1248 16 25 I,
950 1255 16 13 s.
980 1248 37 24 11;|
1057 1257 8 9 >
1287 1247 52 20 61-115
1376 1247 144 21 49.1--21158
1585 1247 34 20 25:
1631 1247 27 21 2d
1657 1242 19 35 |
1679 1246 34 20 28:
1724 1246 41 20 sod

223 1279 40 24 TII,
280 1286 17 13 s.
315 1279 41 25 15),
373 1280 31 19 att
417 1278 59 20 KM:t
493 1279 67 20 måtte
576 1278 85 26 vidtaga
677 1278 136 26 erforderliga
823 1278 97 26 åtgärder
930 1278 46 20 dels
986 1278 33 20 för

223 1308 183 26 åvägabringande
422 1315 26 13 av
464 1310 30 18 ett
509 1308 43 20 fast
568 1308 75 20 ordnat
659 1309 118 19 samarbete
794 1308 79 20 mellan
884 1309 84 19 arméns
979 1308 39 20 och

222 1339 108 20 marinens
346 1338 139 20 intendentur
500 1339 7 19 i
523 1338 56 26 syfte
595 1340 31 18 att
641 1338 96 26 utnyttja
752 1338 33 20 för
800 1338 113 20 försvarets
929 1338 91 25 räkning

223 1368 129 26 upprättade
363 1368 123 20 verkstäder
496 1368 40 20 och
547 1368 94 20 fabriker
649 1368 27 26 på
687 1367 214 26 ändamålsenligaste
913 1369 50 23 sätt;
973 1367 45 21 dels

224 1398 40 20 ock
287 1398 32 20 för
342 1399 37 23 att,
396 1398 7 19 i
419 1398 93 20 avbidan
536 1399 26 25 på
585 1398 111 20 resultatet
716 1404 25 14 av
758 1397 107 27 pågående
881 1397 72 20 försök
969 1397 49 20 med

223 1429 49 25 nytt
294 1428 44 26 slag
361 1434 26 13 av
406 1428 59 20 läder
484 1428 33 20 för
532 1428 85 20 arméns
633 1427 174 25 marschskodon,
824 1427 76 20 endast
915 1428 36 19 må
966 1434 52 19 upp-

224 1457 90 21 handlas
330 1457 74 27 dylika
420 1457 81 21 skodon
518 1464 26 14 av
560 1457 77 21 sådant
649 1457 65 25 läder,
726 1464 46 13 som
783 1457 89 26 tidigare
883 1458 85 25 prövats
979 1457 39 20 och

224 1488 109 20 befunnits
349 1494 50 14 vara
415 1487 104 27 lämpligt.

166 1552 24 16 60
208 1547 38 20 RD
262 1547 114 26 medgiver,
393 1549 31 18 att
440 1547 249 26 avlöningsreglementet
706 1547 40 20 den
759 1547 26 20 29
796 1547 48 26 juni
856 1546 55 21 1921
924 1546 33 27 (nr
968 1546 50 26 388)|
1057 1555 7 10 »
1105 1546 41 20 1121
1286 1545 118 21 GEES
1478 1545 41 21 188
1584 1544 34 21 30:
1629 1550 25 15 22
1656 1540 19 36 |
1686 1544 33 21 33:
1732 1550 23 15 15

223 1577 33 20 för
272 1577 108 20 officerare
395 1577 40 20 och
450 1577 177 20 underofficerare
643 1579 56 18 samt
714 1576 144 21 civilmilitära
872 1576 145 26 beställnings-

223 1607 78 20 havare
325 1608 26 25 på
375 1607 59 20 aktiv
457 1608 41 19 stat
522 1614 28 13 m.
569 1607 21 19 fl.
615 1607 36 20 vid
674 1608 72 19 armén
769 1607 39 20 och
832 1607 97 19 marinen
945 1606 49 21 med
1010 1607 8 19 i

223 1637 95 20 nämnda
340 1637 128 26 reglemente
493 1636 100 26 vidtagna
617 1636 114 27 ändringar
749 1637 35 19 må
800 1636 139 26 provisoriskt
954 1636 65 20 lända

223 1667 33 20 till
273 1667 138 20 efterrättelse
426 1667 81 26 jämväl
524 1666 68 21 under
608 1666 58 21 tiden
684 1666 10 20 1
711 1666 41 27 juli
765 1666 115 20 1925—30
894 1667 48 26 juni
956 1666 62 20 1926.

165 1732 24 15 61
208 1727 82 20 Motion
313 1733 35 13 om
372 1726 147 27 uppflyttning
536 1726 7 20 i
563 1726 64 26 högre
649 1726 106 20 löneklass
777 1733 26 13 av
826 1726 192 20 fabriksskrivarna|
1051 1722 7 35 >»
1230 1725 29 20 44|
1285 1725 12 20 6]
1328 1725 10 20 1!
1377 1725 26 20 77
1584 1719 33 36 30:
1628 1729 25 15 28
1656 1719 19 36 |
1678 1723 34 21 33:
1724 1719 41 36 16d/

222 1756 37 21 vid
276 1756 120 20 artilleriets
412 1758 103 24 tygstater
530 1756 19 20 J.
567 1757 24 19 A.
608 1756 76 20 Hallin
700 1756 39 20 och
756 1757 24 19 A.
793 1756 27 20 H.
833 1756 117 20 Glafström
962 1757 56 19 samt

222 1786 146 27 tygskrivaren
384 1786 23 20 F.
425 1786 20 20 S.
462 1786 98 25 Engdahl
576 1786 75 20 avslås.

165 1850 24 16 62
208 1846 38 20 RD
262 1845 114 26 medgiver,
394 1847 31 18 att
440 1845 26 20 de
482 1845 109 20 officerare
607 1845 40 20 och
662 1845 184 25 underofficerare,
863 1852 46 13 som
920 1845 98 27 fullgjort
1020 1841 14 35 |
1051 1841 7 35 >»
1216 1844 42 20 210!
1285 1845 12 20 61
1327 1844 11 20 11
1376 1844 27 20 89
1476 1844 42 20 222
1576 1843 34 20 33:
1621 1843 41 21 g2d/
1678 1843 33 20 36:
1723 1843 41 20 45d

222 1875 98 27 uppdrag
343 1877 32 18 att
397 1875 120 26 organisera
539 1875 95 20 Persiens
658 1875 139 26 gendarmeri,
821 1875 39 20 och
876 1881 46 14 som
938 1877 36 18 äro
990 1875 28 26 på

222 1905 60 20 aktiv
292 1907 43 18 stat
344 1904 36 21 vid
391 1905 92 20 svenska
493 1905 80 24 armén,
585 1905 35 20 må
631 1905 7 20 i
649 1905 171 20 lönehänseende
828 1905 22 20 få
861 1904 156 27 tillgodoräkna

223 1935 32 26 sig
278 1935 42 20 den
343 1934 39 25 tid,
406 1935 26 20 de
451 1935 49 20 med
519 1934 142 27 vederbörligt
676 1934 98 21 tillstånd
789 1935 28 26 på
832 1934 69 27 grund
917 1941 26 14 av
959 1934 59 21 detta

222 1965 98 26 uppdrag
331 1965 70 19 såsom
412 1964 82 21 lönlösa
504 1965 104 20 kvarstått
616 1965 8 20 i
632 1965 118 26 respektive
759 1966 135 24 regementen
903 1965 39 20 och
949 1964 67 21 kårer,

164 2029 26 16 63
207 2024 39 20 RD
261 2024 123 26 godkänner
399 2024 80 26 förslag
493 2024 33 20 till
543 2026 64 18 stater
622 2024 33 20 för
671 2024 107 21 officerare
789 2024 40 21 och
840 2024 176 20 underofficerare
1019 2019 19 36 |
1055 2032 8 10 »
1104 2023 41 21 |127
1284 2023 12 20 6
1300 2018 10 36 |
1326 2022 76 21 11125
1476 2022 41 20 279
1583 2022 69 21 38:51
1653 2018 18 35 |
1685 2022 34 20 42:
1730 2027 9 15 2

222 2055 13 20 å
250 2056 114 19 reservstat
379 2054 37 21 vid
432 2055 80 25 armén,
528 2054 177 21 fältläkarkårens
719 2056 113 19 reservstat
842 2056 56 19 samt
909 2054 107 20 marinens
