1837 2353
156 158 13 20 6
890 164 136 15 SAKREGISTER

1106 226 41 31 oc
1489 232 54 18 Riks-

1053 256 17 26 3
1106 256 18 34 2
1117 255 25 35 (3
1206 280 4 4 ;
1322 251 95 17 Vekoe
1480 256 72 34 dagens
1610 262 118 17 Kamrarnas

1053 287 66 25 FS
1130 285 18 36 z
1153 276 107 31 Motioner
1300 276 125 42 utlåtanden
1494 292 23 17 ak
1596 292 144 22 förhandlingar

1054 316 17 28 3
1098 307 26 39 ä.
1126 322 22 18 2
1287 310 47 18 eller
1346 310 99 18 memorial
1486 322 63 17 VÖlker

1049 348 17 24 2
1107 343 40 43 2
1280 370 17 12 =

1108 376 11 9 z

1054 377 17 23 7
1080 369 64 61 123
1149 369 107 61 [Flag
1259 369 104 61 (12)
1376 387 17 27 2
1400 369 32 61 |
1435 376 216 46 E)Z|E]iomm
1652 369 24 61 |
1681 376 71 41 kam

180 440 133 22 Akademien
324 441 41 27 för
380 441 26 21 de
416 440 53 28 fria
484 440 121 22 konsterna.

180 476 10 16 2
208 471 43 21 Till
267 471 119 21 beredande
402 478 27 13 av
444 471 68 21 ökade
528 471 70 21 medel
613 471 34 21 till
663 471 57 21 vissa
735 471 7 20 i
758 473 69 18 staten
842 471 34 20 för
891 471 126 20 akademien
1032 472 56 21 [19231
1105 472 19 20 1:
1134 472 13 20 8
1285 472 12 20 6)
1328 473 9 20 11
1391 473 13 20 81
1435 478 25 15 2218
1479 473 74 20 Alis]
1584 472 69 21 20:16]
1686 472 55 21 20:5

223 502 34 20 för
272 501 26 20 de
313 501 42 20 fria
365 501 115 20 konsterna
490 501 107 27 uppförda
607 501 106 25 ändamål,
725 501 117 26 nämligen:
854 501 33 20 till
898 501 119 26 belysning,
1103 507 46 23 p.60

223 530 271 27 undervisningsmateriell
504 537 29 14 m.
545 538 36 18 m.,
593 531 34 20 till
638 531 154 26 samlingarnas
803 531 83 20 ökande
894 531 40 20 och
943 531 74 20 under-

223 561 52 24 håll,
292 561 33 20 till
336 560 106 27 städning,
453 560 136 27 renhållning
599 563 56 18 samt
666 561 148 26 betjäningens
825 561 121 20 beklädnad
956 563 61 18 även-

223 597 46 14 som
286 591 34 20 till
336 591 109 20 elevernas
460 590 128 21 studieresor
604 591 84 20 anvisas
703 591 34 20 för
753 591 125 26 budgetåret
891 589 127 29 1923/1924

223 622 31 19 ett
269 622 61 19 extra
346 620 74 27 anslag
435 627 26 14 av
479 620 78 21 11300
573 620 31 21 kr.

180 691 9 16 3
208 686 75 21 Såsom
295 686 75 26 bidrag
380 686 33 20 till
424 686 159 27 uppehållande
594 693 26 13 av
631 686 164 20 verksamheten
805 686 37 21 vid
853 686 41 20 den
902 686 37 20 vid
946 686 70 20 konst-
1020 682 18 35 |
1055 695 8 10 »
1105 687 41 21 11:8
1284 686 53 21 6/1
1390 687 12 20 8/1
1434 687 57 20 2218
1500 688 52 19 Alis]
1583 686 70 21 20:16
1653 682 14 34 |
1685 686 54 21 20:5

222 716 118 26 högskolan
356 716 123 20 anordnade
494 716 74 20 skolan
584 716 34 20 för
632 716 111 20 dekorativ
752 716 65 20 konst
827 716 84 20 anvisas
922 716 33 20 för
965 716 51 20 bud-
1102 723 45 22 p.61

222 746 80 26 getåret
320 745 127 28 1923/1924
463 747 31 19 ett
509 747 59 19 extra
584 745 73 27 anslag
673 752 25 14 av
716 745 27 21 14
752 745 43 21 000
811 746 31 20 kr.

178 811 10 15 4
207 806 75 20 Såsom
301 805 75 26 bidrag
395 805 33 20 till
443 805 106 26 gäldande
565 812 26 14 av
606 805 143 20 kostnaderna
764 805 33 20 för
812 812 43 20 nya
870 806 124 26 ångpannor
1009 805 7 20 i|
1055 814 8 10 »
1104 807 41 21 |1:8
1284 806 53 21 6/1
1390 806 12 20 81
1435 811 24 15 2218
1477 806 75 21 Alis]
1582 805 69 21 20:16]
1684 806 33 20 20:
1729 812 10 15 5

221 835 138 21 akademiens
373 835 33 20 för
417 835 26 20 de
453 835 41 20 fria
504 835 115 20 konsterna
630 835 98 26 byggnad
739 835 36 20 vid
786 835 129 26 Fredsgatan
926 835 8 20 i
945 835 71 20 Stock-
1102 842 45 22 p-62

221 865 61 20 holm
308 865 85 21 anvisas
416 865 33 20 för
472 864 125 27 budgetåret
621 864 126 28 1923/1924
770 867 31 18 ett
824 867 60 18 extra
907 865 74 26 anslag
1004 866 12 19 å

222 895 27 20 25
259 894 43 21 000
320 895 30 20 kr.

179 959 8 15 1
206 955 38 19 RD
263 954 96 26 vidtager
377 954 66 20 sådan
462 954 90 26 ändring
566 954 7 20 i
590 954 41 20 den
647 953 44 21 ord.
708 955 70 19 staten
793 954 33 20 för
841 954 127 20 akademien
983 954 33 20 för
1030 954 58 22 19241]
1104 956 18 20 1:
1132 956 13 20 8
1284 955 12 20 6|
1326 955 10 20 11]
1389 955 13 21 81
1434 955 56 21 2718
1500 956 51 19 Al28]
1583 954 69 21 27:24]
1685 955 54 21 27:5

220 984 27 20 de
270 984 42 20 fria
335 984 121 24 konsterna,
480 985 32 19 att
527 983 41 21 den
584 983 68 21 under
668 983 141 27 avdelningen
824 984 115 27 Betjäning
954 984 33 20 för
1003 984 11 20 1
1101 990 45 23 p.47

221 1013 66 21 andre
311 1014 144 20 vaktmästare
479 1015 109 24 upptagna
611 1014 112 19 förmånen
746 1020 27 14 av
795 1013 88 21 »bostad
899 1021 26 13 av
941 1013 75 21 akade-

221 1044 69 19 mien»
317 1044 33 19 för
370 1043 69 20 denne
455 1043 104 20 uteslutes
575 1043 39 20 och
630 1044 7 18 i
653 1043 72 20 stället
740 1043 97 26 tillägges
853 1043 41 20 den
910 1044 7 19 i
933 1050 83 13 samma

221 1073 116 26 avdelning
352 1073 106 26 uppförde
474 1073 94 25 eldaren,
584 1074 56 19 samt
656 1074 37 23 att,
710 1072 50 21 med
774 1073 150 20 bibehållande
938 1080 26 13 av
975 1073 41 26 gäl-

221 1102 64 21 lande
301 1103 162 20 bestämmelser
478 1109 35 13 om
530 1102 149 26 ålderstillägg,
696 1102 127 26 avlöningen
838 1103 34 20 för
883 1103 64 20 andre
958 1103 58 20 vakt-

221 1134 108 19 mästaren
348 1133 60 26 höjes
424 1132 34 20 till
476 1132 62 21 1600
555 1132 38 24 kr.,
611 1132 64 20 därav
691 1132 35 20 lön
744 1132 41 20 900
802 1133 39 24 kr.,
857 1133 159 26 tjänstgörings-

222 1163 118 25 penningar
356 1162 43 20 550
416 1162 30 20 kr.
463 1162 40 20 och
519 1162 119 26 ortstillägg
655 1162 41 20 150
712 1162 31 20 kr.
761 1162 39 20 och
816 1162 42 20 den
869 1162 103 21 kontanta
983 1169 32 14 av-

221 1193 101 25 löningen
344 1192 33 20 för
400 1192 86 20 eldaren
507 1192 77 20 sänkes
603 1192 33 20 till
658 1191 62 21 1575
737 1192 39 24 kr.,
793 1192 65 20 därav
873 1192 36 20 lön
926 1192 41 20 925
984 1192 30 20 kr.

221 1222 40 20 och
285 1222 271 26 tjänstgöringspenningar
579 1221 42 21 650
641 1222 41 23 kr.;
702 1222 40 19 och
758 1224 103 24 upptages
878 1222 7 20 i
901 1222 114 21 riksstaten

221 1252 36 20 det
273 1251 44 21 ord.
335 1251 95 26 anslaget
446 1251 33 21 till
495 1251 124 26 avlöningar
634 1258 28 13 m.
673 1258 27 13 m.
712 1251 36 20 vid
759 1251 126 21 akademien
895 1252 34 20 för
939 1252 26 20 de
976 1252 40 20 fria

221 1282 116 20 konsterna
352 1281 50 20 med
418 1281 124 20 oförändrat
558 1281 84 26 belopp,
661 1281 26 19 75
697 1281 42 20 525
756 1281 30 20 kr.

178 1346 10 15 2
207 1341 41 19 Till
265 1340 119 21 beredande
400 1347 26 14 av
442 1340 67 20 ökade
526 1340 69 20 medel
612 1340 33 20 till
662 1340 55 20 vissa
733 1341 7 19 i
756 1342 69 18 staten
841 1341 33 19 för
889 1340 127 20 akademien|
1055 1348 8 10 »
1104 1341 41 20 11:8
1283 1341 12 20 61
1326 1341 10 20 1
1389 1340 12 20 8|
1434 1340 55 21 2718
1499 1341 52 20 Aj231
1582 1341 33 20 27:
1626 1346 25 15 24
1654 1336 22 35 |
1684 1341 53 20 27:5

221 1370 33 20 för
277 1370 26 20 de
326 1371 42 19 fria
386 1370 116 20 konsterna
517 1370 107 27 uppförda
640 1369 108 27 ändamål,
764 1370 118 26 nämligen:
899 1370 34 20 till
949 1370 67 26 belys-
1101 1376 46 22 p.48

222 1401 57 25 ning,
296 1400 269 26 undervisningsmateriell
582 1407 27 13 m.
625 1407 36 17 m.,
673 1400 33 20 till
717 1400 155 26 samlingarnas
883 1400 83 20 ökande
977 1400 39 20 och

222 1430 120 24 underhåll,
359 1430 33 20 till
406 1430 105 25 städning,
523 1429 135 26 renhållning
669 1431 56 18 samt
736 1430 148 26 betjäningens
895 1429 122 21 beklädnad

222 1461 101 19 ävensom
343 1460 33 20 till
394 1460 109 20 elevernas
521 1459 129 20 studieresor
664 1460 85 20 anvisas
764 1460 33 20 för
813 1460 125 25 budgetåret
950 1457 67 29 1924/

224 1489 56 21 1925
297 1491 29 18 ett
342 1492 59 18 extra
417 1489 73 26 anslag
506 1496 26 13 av
549 1489 78 20 11300
644 1489 30 20 kr.

180 1554 9 15 3
208 1549 75 20 Såsom
307 1548 74 26 bidrag
403 1549 34 20 till
460 1548 159 27 uppehållande
642 1555 26 14 av
692 1548 163 20 verksamheten
871 1548 37 20 vid
923 1548 42 20 den
981 1548 35 20 vid!
1055 1556 8 10 »
1104 1549 42 20 11:8
1284 1549 12 20 6)
1326 1548 23 29 1!
1389 1548 13 20 81
1434 1553 24 16 2818
1477 1548 74 20 Al238]
1583 1548 69 20 27:24]
1684 1548 54 19 27:5

223 1578 182 26 konsthögskolan
428 1578 122 20 anordnade
573 1578 74 20 skolan
672 1578 33 20 för
728 1578 110 20 dekorativ
854 1578 63 20 konst
933 1579 84 20 anvisas
1091 1574 56 36 p.49
1347 1579 2 14 I

223 1608 33 20 för
272 1608 124 26 budgetåret
413 1607 126 28 1924/1925
556 1610 31 18 ett
602 1610 61 18 extra
678 1608 74 25 anslag
767 1615 26 13 av
811 1608 26 20 14
846 1608 42 20 000
904 1608 31 20 kr.

181 1673 8 15 1
208 1667 50 21 Med
282 1667 90 26 ändring
393 1675 26 13 av
442 1667 41 21 den
499 1668 7 19 i
522 1667 37 20 det
581 1667 44 20 ord.
642 1668 236 25 reservationsanslaget
894 1667 34 20 till
943 1667 74 20 under-
1032 1666 114 22 192511:
1126 1662 14 36 8
1284 1668 12 20 6)
1327 1667 10 20 11
1390 1666 13 21 81
1435 1672 23 15 4118
1478 1667 74 21 Alg2']
1585 1667 133 20 19:171721:
1730 1671 24 16 38

223 1697 201 27 visningsmateriell
440 1704 28 13 m.
486 1704 28 13 m.
531 1697 36 26 vid
583 1697 127 20 akademien
726 1697 33 20 för
774 1697 26 20 de
813 1697 39 20 fria
862 1697 116 20 konsterna
987 1697 30 20 in-
1102 1703 46 22 p.56

222 1727 81 26 gående
323 1727 159 27 anslagsposten
501 1728 12 19 å
530 1727 12 20 9
552 1727 42 20 000
611 1727 30 20 kr.
658 1727 33 20 till
707 1729 31 18 tre
754 1727 163 26 resestipendier
932 1727 33 20 för
976 1729 41 18 stu-

223 1757 46 20 dier
284 1757 7 20 i
307 1757 103 25 utlandet,
431 1757 97 20 vartdera
546 1757 12 19 å
575 1757 12 19 3
597 1756 42 21 000
656 1757 39 23 kr.,
711 1757 101 26 uppföres
828 1764 83 13 samma
927 1757 90 25 anslags-

224 1789 48 24 post
291 1787 50 20 med
359 1787 26 20 12
394 1787 43 20 000
453 1787 30 20 kr.
501 1788 31 19 att
547 1787 51 25 utgå
613 1786 34 21 till
663 1789 31 18 tre
710 1786 163 27 resestipendier
888 1787 33 19 för
937 1786 82 20 studier

223 1817 7 20 i
246 1817 105 24 utlandet,
368 1817 97 20 vartdera
480 1817 13 20 å
504 1817 13 19 4
526 1816 42 20 000
581 1816 39 24 kr.;
638 1817 39 19 och
694 1817 60 26 höjes
764 1817 58 26 förty
833 1816 88 21 berörda
932 1816 44 20 ord.
988 1823 30 13 re-

223 1846 194 26 servationsanslag
432 1846 50 20 med
498 1846 63 20 3000
578 1846 31 19 kr.
626 1846 33 20 till
677 1846 26 20 37
714 1846 42 20 200
773 1846 30 20 kr.

180 1911 10 15 2
208 1906 42 20 Till
270 1905 120 21 beredande
409 1912 26 14 av
453 1905 68 21 ökade
537 1905 70 20 medel
624 1905 32 20 till
668 1905 56 21 vissa
740 1906 7 19 i
758 1907 69 18 staten
843 1905 33 20 för
891 1905 127 20 akademien|
1056 1913 9 10 >»
1106 1905 41 20 11:8
1285 1905 50 20 GE
1391 1905 13 21 8|
1436 1910 24 16 4218
1479 1905 74 20 Als2]
1585 1904 68 21 19:17)
1686 1904 69 21 21:33

222 1936 34 20 för
279 1935 26 21 de
328 1936 41 20 fria
392 1935 114 21 konsterna
522 1935 106 26 uppförda
644 1935 107 24 ändamål,
767 1935 118 26 nämligen:
901 1935 33 20 till
951 1935 67 26 belys-
1103 1940 45 22 p.57

223 1966 58 25 ning,
304 1964 270 27 undervisningsmateriell
597 1971 29 13 m.
643 1971 36 18 m.,
699 1965 33 20 till
748 1965 89 20 levande
856 1965 109 24 modeller,
985 1965 34 20 till

223 1995 155 26 samlingarnas
401 1995 83 20 ökande
508 1994 39 21 och
571 1994 120 27 underhåll,
711 1995 33 20 till
760 1994 107 27 städning,
883 1995 136 25 renhållning

223 2026 56 19 samt
295 2025 149 27 betjäningens
463 2024 121 21 beklädnad
600 2026 101 19 ävensom
717 2024 34 21 till
767 2024 108 20 elevernas
891 2024 128 21 studieresor

223 2055 85 20 anvisas
324 2055 33 20 för
373 2054 126 26 budgetåret
516 2053 125 28 1925/1926
658 2056 32 18 ett
703 2056 59 18 extra
773 2054 74 26 anslag
858 2061 26 13 av
896 2054 26 20 12
932 2054 43 20 000
986 2054 30 20 kr.
1349 2073 2 8 I
1466 2072 2 9 I
