1834 2356
170 148 41 21 866

867 146 223 18 SAKREGISTER

185 442 224 21 KONUNGARIKET
423 442 132 20 SVERIGES
570 440 336 22 STADSHYPOTEKSKASSA.

213 473 42 19 RD
271 474 90 24 antager
376 472 33 20 för
424 472 32 20 sin
472 472 33 20 del
521 472 79 25 förslag
615 471 32 20 till
663 471 126 26 förordning
803 476 49 20 ang.
867 469 161 27 konungariket

227 502 97 26 Sveriges
340 502 236 26 stadshypotekskassa
593 501 39 20 och
649 501 33 20 till
697 501 127 26 förordning
839 505 49 21 ang.
905 500 122 26 grunderna

227 533 32 19 för
274 531 307 27 stadshypoteksföreningars
597 531 101 20 bildande
714 531 39 20 och
769 530 146 20 verksamhet.

213 592 41 20 RD
270 593 91 25 antager
375 591 80 27 förslag
470 591 33 20 till
518 591 126 26 förordning
658 597 35 14 om
708 590 84 20 ändrad
807 590 81 26 lydelse
902 595 28 14 av
945 589 20 25 $$
980 589 20 23 2,
1015 589 12 19 3

226 622 40 19 och
279 622 13 19 9
305 621 154 27 förordningen
473 621 41 20 den
530 621 24 20 17
568 621 43 26 maj
628 620 52 20 1935
694 620 35 26 (nr
743 620 48 25 176)
805 625 48 21 ang.
868 619 160 26 konungariket

226 651 97 26 Sveriges
338 651 237 26 stadshypotekskassa
590 652 58 18 samt
663 650 101 23 besluter,
780 651 35 18 att
830 651 72 18 staten
918 648 61 24 skall,
995 648 33 20 för

226 681 81 26 ökning
317 687 29 14 av
356 681 162 26 konungariket
529 680 97 26 Sveriges
638 680 246 26 stadshypotekskassas
895 678 131 27 grundfond,

225 717 78 20 genom
328 711 137 26 fullmäktige
489 711 7 19 i
520 710 211 27 riksgäldskontoret
755 709 63 21 ställa
842 709 34 20 till
900 708 127 27 förfogande

225 741 93 20 svenska
334 742 85 19 statens
434 742 34 18 tre
483 740 40 20 och
539 746 26 14 en
582 740 50 20 halv
649 741 89 25 procent
754 739 150 27 obligationer,
920 740 108 24 ouppsäg-

226 771 52 20 bara
297 770 49 21 från
365 771 160 19 innehavarens
544 770 53 23 sida,
618 770 33 20 till
670 771 33 19 ett
723 769 113 20 nominellt
855 769 79 26 belopp
954 774 27 14 av
1001 768 26 20 25

225 800 100 27 miljoner
338 800 32 20 kr.
384 800 50 20 med
448 801 46 19 rätt
507 800 34 20 för
553 800 79 20 kassan
646 801 34 19 att
694 800 6 19 i
714 799 95 26 enlighet
822 799 50 20 med
886 799 26 19 de
925 798 7 20 i
945 798 82 20 förord-

225 831 79 26 ningen
315 836 49 21 ang.
375 831 80 19 kassan
466 830 65 26 givna
542 830 192 20 bestämmelserna
745 831 51 24 taga
807 829 66 26 sagda
885 828 143 26 obligationer

225 860 5 20 i
245 860 102 27 anspråk.

252 897 21 16 Se
288 897 33 15 ock
336 896 205 20 Stadshypotekskassa.

182 950 169 20 KONUNGENS
365 947 206 23 ÅTTIOÅRSDAG.

211 980 123 20 Kamrarna
350 981 48 19 utse
413 979 146 27 delegationer
573 980 35 19 att
622 979 5 20 i
643 979 106 20 samband
764 979 49 19 med
827 977 200 27 jubileumsfestlig-

224 1010 91 20 heterna
326 1010 38 20 vid
375 1009 28 21 H.
416 1010 64 26 Maj:t
492 1010 134 25 Konungens
637 1009 136 26 åttioårsdag
784 1008 103 20 framföra
899 1008 127 19 kamrarnas

224 1040 191 25 lyckönskningar.

183 1093 226 24 KONVENTIONER;
425 1099 21 13 se
461 1092 230 26 Arbelarlagstiftning;
712 1091 107 21 Traktater
830 1092 58 19 samt
900 1091 46 19 dels
958 1090 68 20 under

210 1122 175 21 konventionens
396 1125 71 20 ämne,
476 1122 45 20 dels
530 1122 68 20 under
607 1122 49 20 med
666 1122 86 26 Sverige
763 1120 200 27 fördragsslutande
973 1121 53 22 stat,

210 1152 45 21 dels
271 1153 70 19 under
357 1154 60 19 sätet
432 1153 34 19 för
481 1152 149 26 vederbörligt
645 1152 158 25 centralorgan.

182 1206 207 25 KONVOJERING;
406 1212 21 14 se
446 1206 83 20 Handel
546 1206 36 19 och
598 1205 74 27 sjöfart
687 1206 71 26 (1939:
771 1206 40 25 11).

182 1260 180 20 KOOPERATIV
381 1260 342 24 BYGGNADSPRODUKTION:
742 1266 21 13 se
783 1258 243 27 Bostadsproduktionen

210 1289 70 26 (1931:
293 1290 68 25 2—3).

182 1344 205 20 KOPPARBERGS
403 1340 64 28 LÄN;
483 1350 21 13 se
522 1344 92 25 Delning
629 1349 25 15 av
668 1344 47 25 jord
731 1343 70 26 (1932:
814 1346 16 20 2;
849 1343 59 20 1940:
922 1343 25 25 1);
964 1342 63 20 Jord-

209 1374 159 25 förhållandena
384 1374 6 20 i
404 1374 148 26 Kopparbergs
566 1374 44 23 län;
627 1373 158 27 Stämpelavgift
798 1372 70 26 (1933;
885 1372 59 20 1939:
957 1372 26 26 4).

182 1428 206 24 KOPPARMALM;
403 1434 22 14 se
440 1428 71 19 Enkla
525 1428 70 25 frågor
609 1427 70 26 (1940:
692 1427 40 26 31).

182 1476 201 24 KORALBOKEN:;
400 1482 21 13 se
439 1475 181 26 Interpellationer
635 1475 70 26 (1940:
718 1475 40 25 49).

181 1523 154 25 KORINTER;
349 1530 22 13 se
388 1524 113 20 Tulltaxan
516 1523 70 27 (1938:
600 1524 39 25 11).

182 1571 198 25 KORKAVFALL;
396 1577 21 14 se
436 1571 113 20 Tulltaxan
566 1571 70 26 (1934:
649 1571 26 25 9).

181 1619 219 20 KORPILOMBOLO
414 1614 187 26 FÖRSAMLING;
615 1625 21 14 se
650 1619 156 25 Prästerskapet
820 1618 70 26 (1932:
904 1618 24 26 1).

181 1678 460 20 KORRESPONDENSUNDERVISNING.

210 1708 41 20 RD
267 1708 104 23 anhåller,
387 1709 35 19 att
436 1708 65 20 KM:t
515 1708 50 20 ville
580 1708 131 20 föranstalta
726 1714 35 13 om
777 1707 123 26 utredning,
917 1707 107 20 huruvida

223 1738 40 20 och
276 1738 68 20 under
355 1738 60 20 vilka
427 1738 80 20 former
518 1740 32 18 ett
562 1738 123 26 främjande
697 1744 28 13 av
738 1737 155 26 undervisning
904 1743 38 20 per
952 1737 73 19 korre-

223 1768 109 26 spondens
344 1768 55 19 skall
411 1768 75 20 kunna
499 1768 43 20 ske.

181 1815 241 25 KORSBETNINGEN:
439 1822 22 13 se
481 1816 123 21 Vitterhets-,
620 1816 94 19 historie-
730 1815 36 20 och
782 1814 241 21 antikvitetsakademien

208 1845 70 24 (1931:
293 1845 38 25 11).

181 1893 134 24 KORSELL,
335 1893 98 26 Augusta
452 1892 90 25 Alfrida,
561 1893 132 20 sömmerska
713 1893 37 19 vid
769 1893 85 19 arméns
874 1892 94 20 centrala
989 1892 35 20 be-

208 1922 220 24 klädnadsverkstad;
444 1929 21 13 se
479 1923 116 20 Pensioner
609 1923 79 26 (1934).

180 1970 211 25 KORSELETTER;
407 1976 22 14 se
448 1971 112 20 Tulltazxan
577 1971 70 25 (1937:
662 1971 38 25 10).

180 2013 128 25 KORSNÄS
330 2016 145 22 SÅGVERKS
495 2019 186 23 AKTIEBOLAG,
703 2018 42 20 viss
761 2018 165 20 arbetskonflikt
943 2018 42 24 vid;
1002 2024 22 14 se

210 2048 180 26 Interpellationer
403 2048 70 26 (1936:
488 2049 39 25 12).

1321 223 97 17 Utskotts-

1491 223 55 17 Riks-

1106 246 50 33 Kungl.
1310 246 118 33 utlåtanden,
1471 246 83 33 dagens
1616 241 115 16 EEE

1109 279 54 18 Maj:te|
1174 271 93 17 Motioner
1293 283 96 17 töemorial
1401 283 44 17 eller
1494 283 47 17 än
1603 270 141 21 förhandlingar

1054 304 26 20 År
1108 313 51 14 [prop:r
1304 308 132 31 betänkanden
1480 308 68 31 velser
1630 300 88 22 (protsne)

1117 339 36 14 eller

1109 361 54 32 skriver]
1285 366 58 19 tl5
1589 367 66 16 Första
1661 361 24 32 |
1692 367 65 16 Andra

1177 379 33 16 FK
1228 379 36 17 |AK
1285 374 16 43 ä
1327 386 16 31 E
1367 379 90 17 Nummer
1455 371 11 40 |
1474 380 91 16 Nummer
1563 371 10 40 |
1587 391 71 16 kamm.
1663 371 20 40 |
1689 391 70 16 kamm.

1046 469 52 19 19351
1117 469 39 19 177
1161 464 22 34 |
1185 481 26 1 —
1212 464 17 34 |
1239 481 27 2 —I
1293 468 13 21 8
1328 432 31 50 =
1411 469 24 20 42
1501 468 40 20 218
1577 468 92 20 128:105d]
1692 468 79 20 31:
1732 464 13 33 9
1750 468 21 20 d

1358 488 76 37 öre
1577 498 53 19 80:
1616 484 41 46 1,5
1691 498 34 20 32:
1737 500 10 17 9

1047 588 52 20 1936]
1118 587 38 20 123
1159 583 18 34 |
1185 600 27 1 —|
1239 600 27 2 —
1310 552 50 56 =
1408 589 26 19 25
1504 587 37 20 159
1577 587 69 20 (22:22
1654 583 30 33 |
1691 587 69 20 22:68

1357 668 2 28 |
1672 685 1 3 I

1044 976 54 19 1938]
1127 988 22 1 —
1153 972 30 33 |
1183 987 29 2 —I
1247 987 107 3 —I—1—
1407 988 8 1 —
1514 988 11 1 =
1576 975 52 19 Sr
1671 992 1 16 |
1690 974 69 20 37:17

1671 1209 1 8 |

1314 1229 2 12 I
1671 1219 1 25 |

1670 1293 1 8 |

1670 1304 1 8 I

1670 1432 1 21 |

1356 1464 1 10 |

1356 1478 1 28 |
1670 1480 1 27 |

1355 1509 2 11 I

1355 1525 2 14 |
1670 1508 1 34 |

1355 1563 2 32 |
1670 1545 1 50 |

1355 1636 1 20 |
1670 1632 1 24 |

1355 1657 1 15 |
1670 1659 1 47 |

1043 1707 53 20 1939]
1120 1721 28 2 —
1151 1693 23 44 |
1177 1706 38 21 148/
1230 1707 39 20 132]
1291 1707 12 20 6
1326 1697 31 29 |-—|
1391 1707 37 19 221
1443 1693 34 44 |
1498 1707 40 19 414
1574 1707 97 25 136:114d)
1688 1707 69 20 36:25

1355 1728 2 79 |
1669 1744 2 16 |

1669 1761 1 12 I

1669 1776 1 13 I

1355 1808 1 8 |
1669 1792 1 48 |

1669 1845 1 19 |

1355 2003 1 43 |
1669 2021 1 19 |

1355 2048 1 24 |
1669 2041 2 29 |
