1840 2357
755 158 223 18 SAKREGISTER

1628 157 38 21 871

80 451 265 20 KRIGSDOMSTOLAR.

108 481 64 26 Prop.
187 480 49 21 med
252 480 80 27 förslag
345 481 33 19 till
393 481 34 26 lag
441 481 49 19 med
505 480 57 21 vissa
577 481 163 20 bestämmelser
754 487 34 14 om
803 481 120 26 krigsdom-

122 510 67 20 stolar
205 510 40 20 och
262 511 143 25 rättegången
423 510 113 20 därstädes
552 510 101 21 förfaller.

150 547 21 15 Se
181 547 34 15 ock
224 546 117 16 Besvärsrätt
350 546 68 19 (1934);
428 546 110 16 Bötesstraff
548 547 59 18 (1937:
618 547 22 19 1);
650 546 161 20 Interpellationer
818 547 59 19 (1931:
886 547 36 19 24);

126 570 132 20 Krigslagarna
271 570 68 19 (1931);
357 570 175 20 Krigslagstiftning;
549 570 144 20 Krigsrätterna;
707 571 180 16 Sammanträffande
900 576 22 10 av

125 594 55 18 brott;
193 593 133 21 Tvångsmedel
340 593 5 16 i
359 593 94 16 brottmål.

80 636 526 29 KRIGSFAMILJEBIDRAGSFÖRORDNING;
620 648 22 13 se
660 641 112 27 Värnplikt
786 641 69 26 (1940:
868 643 26 24 3).

78 695 174 24 KRIGSFARA;
268 701 21 13 se
306 695 143 25 Förvaltning.

80 744 238 28 KRIGSFLYGFÄLT;
334 755 21 13 se
373 749 129 25 Flygvapnet
518 749 63 24 (1940
593 749 24 19 U:
632 749 38 25 12).

79 799 208 23 KRIGSFÅNGAR.

108 832 42 20 RD
161 832 144 26 bemyndigar
314 832 63 20 KM:t
387 833 34 19 att
431 832 98 20 meddela
540 832 163 20 bestämmelser
712 832 32 20 till
755 832 168 21 underlättande

122 867 28 14 av
164 861 195 27 hjälpsändningar
372 862 33 19 till
418 862 136 26 krigsfångar
567 862 40 19 och
621 862 57 20 vissa
692 862 68 20 andra
774 862 120 26 krigsoffer.

80 915 337 30 KRIGSFÖRBEREDELSER;
435 927 21 13 se
469 920 224 27 Försvarsberedskap;
712 921 133 20 Industriens
857 922 66 25 krigs-

108 950 153 26 organisation;
279 950 102 20 Marinen
399 951 70 25 (1936:
483 951 39 25 27);
540 951 155 25 Mobilisering.

79 1004 329 31 KRIGSFÖRHÅLLANDEN;
438 1017 21 13 se
487 1010 141 26 Fullmäktige
654 1010 80 26 (1940);
766 1007 155 34 Tvångsmedel;

112 1039 166 26 Undervisning;
299 1040 118 25 Valutalag.

78 1094 260 30 KRIGSFÖRLUSTER;
359 1106 21 13 se
404 1099 214 26 Försäkringsrörelse
639 1100 63 25 (1940
712 1100 26 20 U:
751 1100 26 25 2);
801 1101 122 26 Interpella-

107 1129 66 20 tioner
187 1129 71 25 (1940:
272 1129 39 25 17).

78 1183 275 26 KRIGSFÖRSÄKRING.

108 1218 42 20 RD
169 1220 91 24 antager
278 1218 34 26 lag
330 1224 35 14 om
384 1218 75 27 statlig
477 1218 181 27 krigsförsäkring
675 1225 68 14 m.m.
762 1220 39 19 och
821 1220 34 26 lag
873 1225 49 21 ang.

120 1248 93 26 ändring
224 1254 28 14 av
263 1248 26 20 35
300 1249 10 24 $
321 1248 61 26 lagen
394 1248 41 20 den
448 1248 25 20 17
483 1248 47 26 juni
543 1248 52 21 1916
607 1249 34 25 (nr
651 1249 50 25 235)
712 1255 35 14 om
759 1249 121 26 försäkring
890 1249 34 20 för

120 1277 114 26 olycksfall
249 1277 6 20 i
269 1278 82 19 arbete.

81 1333 7 17 Fä

107 1331 41 20 RD
161 1331 117 26 medgiver,
291 1332 35 19 att
338 1331 153 24 förordnande,
504 1337 45 14 som
562 1338 63 14 avses
636 1332 6 19 i
656 1332 6 19 1
678 1333 10 24 $
700 1332 61 26 lagen
774 1333 41 19 den
829 1333 24 19 10
865 1339 58 14 mars

122 1361 52 19 1939
187 1361 35 25 (nr
233 1361 36 25 68)
282 1367 35 14 om
330 1361 76 26 statlig
418 1361 181 27 krigsförsäkring
611 1368 28 13 m.
650 1368 36 17 m.,
699 1362 35 20 må
747 1368 28 14 av
788 1362 63 20 KM:t
863 1363 60 19 med-

120 1391 59 19 delas
195 1392 35 18 att
245 1391 56 25 gälla
318 1391 128 20 tillsvidare.

80 1446 10 17 DN

107 1444 41 19 RD
160 1444 117 26 medgiver,
288 1445 35 19 att
333 1444 153 23 förordnande,
498 1450 45 14 som
554 1450 62 14 avses
627 1445 5 19 i
643 1445 12 20 2
665 1446 9 24 $
684 1445 68 20 andra
763 1446 87 25 stycket
861 1446 61 26 lagen

121 1473 40 20 den
179 1473 25 20 10
219 1479 57 15 mars
294 1474 52 20 1939
361 1474 35 26 (nr
410 1474 35 25 68)
461 1480 35 14 om
511 1474 75 26 statlig
601 1474 180 27 krigsförsäkring
796 1481 28 14 m.
835 1481 36 17 m.,
887 1476 35 19 må

120 1503 111 20 meddelas
245 1505 35 18 att
294 1503 55 26 gälla
364 1503 127 21 tillsvidare.

80 1559 10 17 3
106 1556 49 21 Med
166 1557 161 26 godkännande
337 1563 28 14 av
376 1557 26 20 de
413 1557 6 20 i
431 1564 60 19 prop.
503 1564 25 13 nr
538 1558 26 19 53
575 1558 115 20 förordade
701 1558 107 26 principer
818 1559 33 19 för
862 1560 60 19 över-

120 1586 71 26 föring
206 1587 27 26 på
249 1588 73 19 staten
337 1593 28 14 av
381 1587 57 20 vissa
453 1587 133 27 krigsrisker,
603 1588 111 26 medgiver
728 1588 50 23 RD,
794 1589 35 19 att
844 1590 78 18 ersätt-

120 1616 52 26 ning
191 1616 33 20 till
243 1616 107 26 importör
368 1617 34 20 för
421 1617 134 26 importvara
576 1617 126 21 belastande
721 1618 201 27 krigsförsäkrings-

119 1646 120 20 kostnader
250 1646 21 20 få
283 1646 107 21 bestridas
401 1652 28 15 av
441 1647 38 20 det
489 1647 12 20 å
512 1647 153 21 förskottsstat
676 1648 34 19 för
720 1648 202 20 försvarsväsendet

120 1682 28 14 m.
159 1682 28 14 m.
203 1676 68 20 under
284 1676 32 20 7:e
330 1676 40 20 HT
383 1676 108 27 uppförda
505 1677 98 26 anslaget
616 1677 33 20 till
662 1677 110 21 allmänna
787 1678 89 26 utgifter
889 1678 33 20 för

120 1705 54 27 pris-
189 1706 40 20 och
246 1706 216 26 handelsreglerande
477 1707 107 26 åtgärder.

80 1761 10 17 ”

105 1759 41 20 Till
162 1759 75 27 statlig
253 1759 181 28 krigsförsäkring
449 1760 87 20 anvisas
552 1761 12 19 å
581 1760 132 27 tilläggsstat
731 1761 8 20 I
755 1761 33 20 till
804 1761 117 20 riksstaten

120 1789 71 20 såsom
207 1789 219 27 kapitalinvestering
441 1790 6 19 i
463 1790 79 20 fonden
559 1790 33 20 för
607 1790 69 27 förlag
691 1790 33 20 till
740 1791 134 20 statsverket
889 1792 33 19 ett

120 1818 76 27 anslag
209 1825 29 14 av
252 1819 27 20 50
280 1814 46 35 000
337 1819 38 20 000
392 1819 32 20 kr.
440 1820 34 25 (r).

80 1874 10 17 a

106 1872 42 20 RD
162 1873 91 25 antager
266 1872 80 27 förslag
358 1872 33 20 till
405 1873 34 26 lag
452 1879 48 20 ang.
514 1873 83 20 ändrad
611 1874 80 25 lydelse
705 1874 54 20 2—4
772 1875 20 24 $$
805 1874 62 26 lagen
881 1875 40 19 den

122 1901 21 20 11
162 1901 48 26 juni
228 1902 53 20 1937
297 1902 35 25 (nr
348 1902 50 25 348)
415 1908 35 14 om
466 1903 181 26 krigsförsäkring
663 1903 34 20 för
712 1904 91 19 ombord
820 1904 12 20 å
849 1904 73 27 fartyg

120 1931 167 27 tjänstgörande
302 1938 107 20 personer.

81 1999 7 16 -

106 1996 75 20 Såsom
199 1996 218 28 kapitalinvestering
433 1997 6 20 i
456 1997 80 21 fonden
553 1998 33 20 för
601 1998 70 27 förlag
686 1998 33 20 till
736 1999 134 20 statsverket
885 2005 38 14 an-

119 2026 60 20 visas
197 2026 33 20 till
248 2026 76 27 statlig
341 2027 182 26 krigsförsäkring
541 2028 11 19 å
571 2027 133 27 tilläggsstat
724 2028 8 20 I
751 2029 33 19 ett
802 2028 75 27 anslag
894 2035 29 14 av

120 2055 28 20 50
156 2055 41 21 000
206 2055 41 21 000
263 2056 32 20 kr.
313 2056 34 26 (r).

1205 232 106 30 Utskotts-
1384 236 54 16 Riks-

1000 262 56 18 Kungl.|
1101 259 12 33 i:
1204 261 117 32 utlåtanden,
1377 261 69 32 dagens
1514 254 87 34 RR

1004 292 52 18 Moj:te]
1069 284 91 17 Motioner
1160 280 10 40 |
1187 296 95 16 memorial
1295 296 44 16 eller
1345 280 20 40 |
1388 296 46 16 skri-
1495 284 141 20 förhandlingar

949 316 26 20 År
1003 325 50 15 Iprop:r
1198 325 133 18 betänkanden
1373 321 68 31 velser
1521 314 88 21 företar

1011 352 36 14 eller
1065 362 40 2 J-—

1003 382 46 14 skriv:
1233 379 4 4 ls
1481 380 54 16 Första
1553 370 24 38 |
1584 381 42 16 And

1023 386 135 22 INEPRRSTAR
1179 387 16 43 ä
1221 386 16 43 Z
1261 392 90 16 Nummer]
1368 392 91 17 Nummer
1501 381 49 44 mia:
1596 385 55 36 äte:

941 481 52 20 1933]
1011 481 40 20 223
1051 477 18 34 |
1072 481 40 20 2991
1126 481 41 20 468)
1188 481 12 20 9
1202 477 18 34 |
1232 482 22 21 11
1272 482 22 19 51
1395 482 40 19 260
1471 482 68 19 139:13
1550 482 12 19 dl
1585 482 33 19 42:
1630 484 9 16 6
1651 481 12 20 d

1072 511 38 20 3111
1127 511 39 20 519]

1073 541 39 20 314

941 832 53 19 1940]
1011 832 38 20 291
1134 844 27 2 —I
1189 833 11 19 71
1223 844 22 1 —]|
1271 832 26 20 43
1395 833 40 20 407
1470 833 33 20 135:
1516 835 36 17 101
1554 829 22 34 |
1585 829 33 34 39:
1630 834 23 17 77

942 1219 52 20 1939]
1021 1219 24 19 10
1052 1215 27 34 |
1079 1231 28 2 —I
1134 1231 27 2 —1I
1188 1220 12 19 91
1230 1220 12 19 21)
1285 1220 12 19 2
1408 1221 27 19 43
1474 1220 51 19 1H10:8
1587 1221 31 19 10:
1630 1223 22 16 21

942 1332 52 20 1939]
1024 1333 13 19 9
1048 1328 26 34 I
1080 1345 26 2 —I
1133 1345 27 2 —]
1184 1333 21 20 11
1229 1333 13 20 21
1285 1333 12 19 6
1411 1334 24 19 13
1485 1333 52 20 7:11
1599 1334 54 19 7:16

957 1362 18 20 U

941 1446 52 19 1939]
1018 1445 27 20 42
1045 1441 26 34 |
1079 1458 12 2 —
1141 1447 101 19 —[|11].2]
1273 1446 24 19 16
1409 1447 25 19 26
1473 1446 52 20 10:6
1587 1447 31 19 10:
1622 1443 30 33 11

956 1475 18 20 U

940 1559 53 20 1939)
1019 1558 25 20 53
1055 1554 22 34 I
1079 1571 27 2 —I
1133 1571 27 2 —lI
1184 1560 20 19 11]
1231 1560 8 18 11
1271 1559 26 19 49
1409 1560 26 19 66
1470 1559 69 20 120:56
1547 1555 26 34 |
1585 1560 69 19 20:34

956 1588 18 20 U

940 1761 83 20 193911:
1036 1764 20 16 11]
1079 1774 27 1 —|
1136 1774 24 1 —J
1184 1762 21 19 111
1232 1762 7 19 1/1
1271 1761 26 20 52
1410 1762 25 20 78
1471 1762 54 20 122:6
1585 1763 33 19 22:
1622 1759 13 33 4

955 1791 19 19 UU
1006 1792 44 20 Iptai

942 1874 51 20 1939]
1017 1875 27 20 82
1050 1870 27 34 I
1079 1887 21 1 —I
1133 1886 28 2 —]
1183 1875 21 19 11)
1230 1876 12 18 21
1271 1875 26 19 32
1410 1875 25 20 77
1471 1875 54 20 126:5
1585 1875 69 20 20:19

956 1904 18 19 U

941 1999 52 20 1940]
1027 1999 7 20 1
1049 1995 31 34 |
1080 2011 27 2 —1|
1134 2000 71 19 —[|11]
1230 2000 13 19 21
1272 2000 23 19 21
1312 2002 45 17 s.13
1409 2000 26 19 25
1485 2000 19 20 5:
1515 2002 25 17 28
1599 2000 55 20 6:13

956 2029 19 20 U
1001 2029 56 16 Jbil.14

1006 2054 22 20 pt
1043 2053 10 16 2
