1848 2355
171 145 44 21 384
905 153 134 15 SAKREGISTER

190 430 179 28 Dyrtidstillägg.

235 461 81 27 jämväl
339 462 33 19 för
396 461 124 26 budgetåret
545 460 135 29 1926/1927;
698 463 38 19 och
754 462 124 26 bemydigas
894 462 61 20 KM:t
971 462 58 21 såväl

236 493 31 19 att
283 491 85 21 utfärda
384 491 26 21 de
425 493 98 19 närmare
539 492 137 25 föreskrifter,
693 498 45 14 som
755 492 33 20 för
803 492 138 27 tillämpning
952 499 26 14 av
989 492 39 20 för-

236 521 89 21 berörda
347 521 110 21 allmänna
480 522 91 26 grunder
589 523 36 19 må
644 522 95 20 befinnas
755 522 141 26 erforderliga,
913 529 46 13 som
975 524 54 19 även

236 554 32 18 att
283 552 6 20 i
306 552 144 26 huvudsaklig
466 552 94 26 enlighet
576 552 49 21 med
636 552 26 20 de
673 552 7 20 i
691 552 76 21 sådant
777 552 103 21 avseende
891 559 29 13 nu
931 552 98 27 gällande

236 582 120 20 förskrifter
379 582 99 21 meddela
499 584 97 19 närmare
615 582 161 21 bestämmelser
790 583 8 19 i
814 583 59 26 fråga
888 589 35 14 om
940 582 88 27 dyrtids-

235 612 74 26 tillägg
324 613 23 20 åt
362 613 56 20 vissa
434 612 117 21 lärarinnor
566 613 7 20 i
584 613 123 20 fackskolan
719 613 33 20 för
763 612 71 27 huslig
844 613 99 20 ekonomi
955 613 6 20 i
973 613 55 27 Upp-

235 642 45 20 sala
300 644 56 19 samt
372 642 36 21 vid
424 642 26 21 de
466 643 7 20 i
489 643 231 26 statsrådsprotokollet
736 645 49 19 över
800 643 228 20 ecklesiastikärenden

235 672 41 21 den
294 672 11 20 7
322 673 43 26 jan.
385 672 56 21 1926
457 673 92 26 angivna
564 673 147 20 läroanstalter
726 673 33 20 för
769 673 127 20 utbildande
907 680 26 14 av
944 673 84 20 lärarin-

236 709 38 13 nor
289 703 7 19 i
312 702 140 25 handarbete;
469 703 39 20 och
524 703 84 21 anvisas
624 703 33 20 till
671 703 125 20 betridande
808 710 25 14 av
844 703 143 20 kostnaderna
997 703 33 20 för

235 732 159 27 dyrtidstillägg
410 733 22 20 åt
447 733 94 20 nämnda
557 733 147 27 lärargrupper
719 733 125 26 budgetåret
861 731 126 30 1926/1927
999 734 29 19 ett

235 764 60 19 extra
310 762 164 27 förslagsanslag
490 770 26 14 av
533 763 79 20 21000
622 763 42 20 000
680 763 31 20 kr.

178 845 24 15 22
220 840 42 20 Till
280 840 134 21 bestridande
434 848 25 13 av
475 841 142 20 kostnaderna
633 841 32 20 för
681 840 157 27 dyrtidstillägg
853 841 22 20 åt
891 841 137 26 befattnings-

171 885 1 7 |
235 871 77 20 havare
331 870 35 21 vid
386 870 26 21 de
436 871 32 20 till
484 870 285 27 jordbruksdepartementet
784 870 94 21 hörande
894 870 134 21 ämbetsverk

235 900 39 20 och
298 900 61 21 kårer
374 900 68 21 under
458 900 33 21 9:e
510 901 40 20 HT
566 901 84 20 anvisas
666 901 33 20 för
715 900 124 26 budgetåret
856 899 125 29 1926/1927
998 902 30 19 ett

235 932 59 19 extra
310 930 163 27 förslagsanslag
489 937 25 15 av
532 930 63 21 1300
605 930 42 21 000
664 931 31 20 kr.

177 1013 24 15 23
220 1008 37 20 RD
281 1008 123 26 godkänner
423 1008 25 20 de
465 1009 7 19 i
488 1008 232 27 statsrådsprotokollet
735 1010 49 19 över
800 1008 228 21 ecklesiastikärenden

234 1038 41 19 den
293 1038 26 19 25
336 1038 53 20 febr.
408 1038 56 20 1926
480 1038 112 20 förordade
608 1038 110 20 allmänna
733 1038 121 26 grunderna
864 1038 32 20 för
907 1038 122 26 beviljande

234 1074 25 14 av
276 1067 157 27 dyrtidstillägg
449 1067 67 21 under
532 1068 179 20 ecklesiastikåret
729 1066 126 29 1926/1927
872 1067 33 21 till
921 1067 26 21 de
963 1069 65 25 präst-

235 1099 57 23 män,
310 1104 45 14 som
370 1098 68 20 finnas
455 1097 142 21 omförmälda
613 1098 7 20 i
636 1097 61 27 lagen
714 1097 41 21 den
769 1097 27 21 30
808 1104 46 20 aug.
868 1097 56 21 1918
936 1096 32 29 (nr
980 1097 49 27 724)

235 1134 45 19 ang.
299 1127 217 27 krigstidsunderstöd
533 1129 22 19 åt
570 1129 81 25 präster
666 1128 8 20 i
688 1127 137 28 nyreglerade
836 1129 95 25 pastorat
941 1129 56 19 samt
1008 1128 22 20 åt

234 1157 57 21 vissa
310 1164 16 14 e.
344 1164 18 14 o.
380 1160 80 24 präster
476 1158 40 20 och
532 1158 128 20 innehavare
676 1164 26 14 av
718 1157 124 27 prästerliga
857 1157 149 25 emeritilöner,
1023 1158 5 19 i

235 1187 61 26 lagen
312 1187 41 21 den
370 1187 27 21 19
413 1194 48 14 nov.
480 1187 56 21 1920
547 1187 34 27 (nr
591 1188 51 26 844)
653 1194 46 20 ang.
712 1187 157 27 dyrtidstillägg
879 1188 22 20 åt
910 1187 119 21 kontrakts-

235 1219 82 24 prostar
336 1219 56 19 samt
407 1218 7 19 i
430 1218 61 26 lagen
507 1217 41 21 den
565 1217 27 21 21
609 1224 47 14 nov.
674 1217 56 21 1925
746 1217 33 26 (nr
795 1217 51 27 455)
862 1224 46 19 ang.
926 1217 104 21 särskilda

235 1247 123 26 lönetillägg
381 1247 200 27 (ödebygdstillägg)
606 1248 36 20 vid
664 1248 56 20 vissa
743 1247 124 27 prästerliga
887 1247 143 26 befattningar

234 1277 59 20 inom
318 1277 138 21 Härnösands
480 1278 39 20 och
543 1277 65 21 Luleå
631 1278 55 23 stift;
704 1277 39 21 och
760 1277 139 27 bemyndigas
915 1277 61 20 KM:t
992 1279 37 23 att,

235 1306 70 21 därest
328 1307 36 20 det
387 1307 30 20 tal
440 1308 33 19 för
496 1307 306 26 levnadskostnadsökningen,
822 1308 7 19 i
840 1307 134 20 förhållande
986 1314 42 13 var-

170 1358 2 3 |
234 1336 34 21 till
284 1338 238 26 statstjänstemännens
539 1337 158 26 dyrtidstillägg
712 1337 67 26 utgår,
797 1337 41 20 blir
848 1337 90 20 föremål
951 1337 34 20 för
995 1338 34 19 än-

170 1370 2 7 |
235 1366 67 26 dring,
319 1367 106 25 förordna,
443 1369 31 19 att
490 1367 35 21 det
541 1367 33 20 till
591 1367 25 20 de
632 1367 8 20 i
652 1368 68 26 tjänst
730 1367 93 20 varande
834 1368 152 25 prästmännen
999 1368 30 19 ut-

234 1396 81 26 gående
331 1397 180 26 dyrtidstillägget
526 1397 54 20 skall
597 1397 95 26 undergå
707 1397 69 26 skälig
791 1397 119 26 jämkning.
1039 1397 1 29 |

171 1473 30 23 24
220 1468 41 20 Till
277 1468 104 21 täckande
398 1475 25 14 av
439 1468 115 21 kostnader
569 1469 34 19 för
618 1468 158 27 dyrtidstillägg
786 1469 22 19 åt
821 1469 209 25 befattningshavare

235 1499 4 19 i
257 1500 80 19 statens
353 1498 66 27 tjänst
435 1499 84 20 anvisas
535 1499 33 20 för
584 1498 123 26 budgetåret
726 1497 124 29 1926/1927
867 1498 68 20 under
946 1498 33 20 2:a
990 1498 40 20 HT

235 1530 29 18 ett
280 1530 60 19 extra
355 1528 165 27 förslagsanslag
536 1529 12 19 å
565 1528 9 20 1
587 1528 42 21 750
639 1528 42 21 000
697 1529 30 19 kr.

177 1605 34 15 25'
219 1600 41 20 För
277 1600 135 21 bestridande
432 1608 26 13 av
474 1601 143 20 kostnaderna
632 1601 33 20 för
681 1601 157 26 dyrtidstillägg
853 1602 22 19 åt
891 1600 137 25 befattnings-

234 1630 77 20 havare
320 1630 36 21 vid
364 1631 263 26 försvarsdepartementet
635 1631 84 20 anvisas
727 1631 33 20 för
768 1631 125 26 budgetåret
903 1628 124 28 1926/1927

235 1661 29 19 ett
280 1661 60 20 extra
355 1660 165 26 förslagsanslag
535 1668 26 13 av
577 1660 27 21 45
615 1661 42 20 000
670 1661 32 20 kr.

170 1634 1 26 |

170 1663 1 20 |

170 1686 1 26 |

170 1713 1 15 |

170 1731 31 25 J26
219 1732 41 20 För
280 1733 135 20 bestridande
431 1740 26 13 av
473 1733 143 20 kostnaderna
631 1733 33 19 för
680 1732 158 27 dyrtidstillägg
854 1733 22 19 åt
892 1732 137 25 befattnings-

235 1762 76 20 havare
335 1762 36 21 vid
393 1762 149 21 lantförsvaret
565 1763 84 20 anvisas
668 1763 33 19 för
716 1762 124 26 budgetåret
858 1760 124 29 1926/1927
1000 1763 39 29 ett!

170 1780 1 12 |
234 1793 60 19 extra
309 1792 165 26 förslagsanslag
490 1799 25 13 av
532 1792 12 20 6
554 1792 42 20 000
606 1792 42 20 000
665 1792 30 20 kr.

234 1894 78 20 havare
335 1893 37 21 vid
395 1894 138 26 sjöförsvaret
556 1894 84 20 anvisas
663 1894 33 20 för
715 1893 123 26 budgetåret
857 1891 125 29 1926/1927
1000 1894 30 18 ett

170 1859 31 24 27
220 1864 40 19 För
279 1864 136 20 bestridande
431 1871 26 13 av
473 1863 143 21 kostnaderna
632 1864 33 20 för
680 1863 159 27 dyrtidstillägg
854 1864 22 19 åt
910 1863 64 20 Lös

234 1925 60 19 extra
310 1924 163 25 förslagsanslag
490 1930 25 14 av
532 1923 64 21 2300
606 1923 42 20 000
665 1923 30 20 kr.
1039 1916 1 36 |

171 2000 30 16 128
221 1995 39 20 För
279 1995 136 20 bestridande
432 2002 25 14 av
473 1995 144 21 kostnaderna
632 1995 33 20 för
681 1995 158 26 dyrtidstillägg
855 1995 21 20 åt
892 1994 137 25 befattnings-

235 2025 77 20 havare
328 2025 36 20 vid
380 2025 123 27 flygvapnet
516 2026 84 20 anvisas
611 2025 33 20 för
656 2025 123 26 budgetåret
792 2023 124 29 1926/1927
929 2026 30 18 ett
970 2025 58 19 extra

234 2055 165 26 förslagsanslag
415 2062 25 14 av
458 2055 41 20 120
517 2055 43 21 000
571 2055 30 20 kr.

1162 210 7 23 |
1392 199 30 6 =
1499 222 52 18 Riks:
1774 211 2 34 |

1117 233 36 18 Ör
1417 246 3 4 5
1517 228 29 12 iks

1064 242 21 39 få
1117 249 41 32 2R
1168 264 101 23 IMotioner
1383 240 42 47 EN
1489 248 72 32 dagens
1619 248 117 31 Kamrarnas
1774 246 2 36 |

1064 277 16 25 z
1118 293 11 9 la
1141 283 40 29 gl
1196 272 71 16 pelger
1321 276 11 41 Ru
1350 270 85 34 Senaen
1450 300 6 17 1
1503 278 46 34 skri-
1605 282 144 23 förhandlingar
1774 288 2 23 |

1064 306 17 28 >
1118 303 51 35 ZE]
1297 305 47 13 eller
1357 305 92 13 memorial
1496 312 60 18 velker

1117 335 40 29 lö

1064 367 17 11 ol
1275 367 73 17 ll
1385 378 4 8 or
1444 368 17 19 2
1464 361 22 33 |
1503 381 3 2 mm
1530 379 1 9 |
1545 368 18 19 2)
1592 367 68 17 Första
1668 361 18 33 |
1693 366 65 18 Andra
1775 384 1 6 |

1064 381 12 10 :
1117 377 36 35 38
1168 378 44 33 fr
1231 379 34 16 SE
1290 384 59 31 Blå
1383 374 18 45 Zz
1444 389 17 24 &
1496 374 18 44 Zz
1530 389 1 21 |
1546 388 17 25 &)
1589 390 71 18 kamm.
1664 384 21 33 |
1690 391 70 17 kamm.
1774 393 2 36 |

1142 414 28 9 SE
1275 414 18 10 Sv
1674 421 1 3 |

1317 432 43 29 RR
1474 433 2 31 I
1775 434 1 21 |

1044 462 55 21 1926
1275 484 2 4 AR
1474 465 2 14 I
1775 470 1 8 |

1275 491 2 21 I
1359 489 1 18 |
1474 490 2 25 I
1775 492 1 20 |

1168 523 2 42 |
1275 523 2 21 I
1358 515 2 28 |
1474 528 2 4 I
1530 528 2 13 I
1775 528 1 18 I

1168 566 1 24 |
1275 563 2 22 |
1358 570 2 16 I
1474 560 2 25 I
1775 552 1 8 |

1168 595 1 18 I
1275 592 2 19 I
1359 597 1 4 I

1168 618 1 5 |
1275 620 2 12 |
1359 616 1 15 |

1168 632 1 11 I
1275 635 2 9 I
1358 633 2 10 I

1168 647 1 12 I
1275 652 2 5 I
1358 645 2 11 I

1168 662 1 5 I
1275 658 2 12 I
1358 658 2 12 I

1286 668 23 40 SS

1168 708 1 27 |
1275 706 2 30 |
1358 709 2 28 |

1168 738 2 11 |
1275 744 2 16 I
1359 738 1 22 |

1168 763 2 13 |
1275 765 2 5 I
1359 766 1 15 |
1474 761 2 22 |

1168 783 2 22 |
1359 784 1 16 |
1474 788 6 28 |
1775 808 1 3 |

1168 815 2 4 |
1475 818 5 14 |
1775 813 1 3 |

1168 827 2 12 I
1479 833 1 3 I

1116 840 54 33 1:9]
1282 840 25 21 10
1359 806 1 83 |
1387 840 24 20 51
1415 824 14 52 |
1475 832 51 30 |255)
1552 824 26 52 |
1592 840 69 20 32:27)
1694 828 82 44 31:65]

1099 863 27 40 p.
1129 863 41 40 146]
1359 892 1 4 |
1479 865 2 33 |

1168 910 2 26 |
1359 926 1 9 äre
1479 909 2 26 |
1776 917 1 15 |

1168 943 2 38 |
1275 944 2 35 (SR
1480 938 1 41 |
1776 939 1 37 |

1168 984 2 34 |
1222 986 1 7 |
1275 983 2 9 I
1475 980 6 11 I
1776 978 1 41 |

1067 1016 8 10 >»
1117 1007 53 27 [180]
1295 1007 53 21 61:11
1373 1006 39 21 111
1486 1007 41 20 223
1593 1007 33 21 33:
1638 1012 24 15 84
1665 1003 18 34 |
1687 1007 33 20 32:
1732 1007 45 33 30d/

1168 1038 2 18 I
1480 1036 1 13 |
1776 1044 1 6 I

1476 1058 5 24 I
1776 1058 1 22 |

1359 1081 1 9 I
1776 1081 1 10 I

1480 1101 2 20 |
1776 1095 1 30 |

1275 1127 43 13 fe)
1776 1126 1 3 |

1476 1142 6 13 II
1776 1134 1 26 |

1221 1180 2 17 |
1275 1141 2 27 |
1425 1174 1 30 |
1476 1156 5 36 |
1675 1174 1 42 |
1775 1182 1 5 |

1359 1201 1 4 |
1476 1199 5 9 I

1169 1199 54 42 2
1317 1172 1 69 |
1425 1206 56 31 ER
1675 1217 1 18 |
1775 1218 1 25 |

1169 1243 1 7 |
1425 1243 1 11 Jes

1169 1260 2 38 |
1317 1249 1 52 |
1425 1256 1 28 (Sö
1675 1258 1 54 |
1775 1245 1 24 |

1170 1302 1 6 |
1222 1283 1 56 |
1317 1305 2 3 |
1425 1289 1 26 |

1317 1288 43 39 [hole
1425 1317 1 4 lvg

1170 1327 1 6 |
1317 1328 43 11 Forn
1425 1327 1 17 I
1675 1320 1 19 I

1222 1344 1 3 |
1317 1358 2 2 |
1425 1346 1 20 |
1532 1364 1 4 |

1222 1374 1 10 |
1276 1367 1 13 I
1425 1368 1 16 I
1532 1370 1 14 |

1276 1392 1 22 sd
1424 1401 2 16 I

1039 1439 1 5 |
1222 1436 2 13 NE
1359 1439 1 10 |
1425 1420 1 19 |
1531 1421 2 27 |
1674 1422 1 10 |
1776 1427 1 35 |

1038 1449 2 9 I
1222 1450 2 8 |
1359 1454 1 4 |
1424 1451 2 7 |
1531 1449 1 7 |

1118 1466 40 19 REN
1222 1466 2 32 I
1296 1466 12 19 6
1338 1465 22 28 11
1401 1465 25 31 21
1446 1470 24 16 3412
1488 1463 74 26 Alis
1593 1433 83 63 sv
1694 1461 50 32 34:71
1776 1466 1 28 |

1115 1500 45 23 p.69
1223 1500 1 16 |
1276 1512 1 21 |
1776 1495 1 11 I

1223 1521 1 20 |
1276 1538 1 5 |
1675 1523 1 10 |
1776 1528 1 15 |

1222 1553 2 25 I
1317 1558 1 15 I
1532 1564 1 4 |
1675 1556 1 32 |
1776 1568 2 9 I

1222 1581 2 10 I
1359 1588 1 4 I
1532 1582 1 10 I

1067 1606 9 11 Sör
1142 1597 16 20 d
1222 1593 2 33 ltenler
1296 1597 12 19 Jul
1338 1597 22 20 il
1461 1602 8 15 jer
1516 1593 47 35 or
1594 1597 52 21 JAG:
1651 1586 19 49 nr
1675 1590 102 41 BB:

1121 1633 33 22 p.2
1222 1632 1 27 I
1276 1655 43 11 Se
1532 1632 1 16 I
1676 1633 1 22 |
1776 1641 1 16 I

1222 1671 1 6 I
1276 1671 1 6 I
1317 1671 2 3 I
1676 1666 1 12 I
1776 1667 1 7 I

1222 1682 2 22 4
1276 1677 43 31 le
1676 1680 1 26 |

1222 1709 1 10 I
1276 1710 1 10 I
1360 1709 1 3 I
1532 1713 1 10 I

1067 1730 103 30 SÄPO
1276 1721 85 27 06D
1401 1729 161 48 Pop
1594 1704 69 69 36:19
1676 1708 1 61 |
1696 1728 69 21 38:20

1115 1765 45 22 p-72
1223 1787 1 6 |
1318 1782 1 15 |
1360 1768 1 4 I
1425 1779 1 29 |
1676 1770 1 24 |

1276 1832 2 8 Ag
1360 1828 1 38 |
1425 1810 1 45 |
1676 1816 1 33 |

1117 1861 42 20 1:4
1223 1870 1 33 |
1276 1852 32 28 16]
1339 1860 22 28 1]
1401 1856 25 32 4l|
1446 1865 21 15 81]
1516 1860 48 20 4|30]
1594 1851 83 39 36:28]
1696 1859 68 21 38:32

1109 1896 57 22 p.144]
1277 1899 1 33 |
1318 1883 109 35 ee
1676 1894 1 15 |

1223 1930 138 29 Pela
1425 1940 1 5 |
1676 1946 1 14 |

1223 1963 1 27 |
1425 1965 1 11 |
1533 1982 1 7 |
1676 1969 1 4 |
1777 1983 1 6 |

1118 1993 39 20 1:4
1223 1993 1 18 I
1277 1970 1 35 |
1297 1991 11 20 6)
1339 1991 9 20 11
1402 1992 69 22 41-95]
1517 1992 46 29 4135
1595 1970 33 53 36:
1639 1996 22 16 34
1676 1974 1 45 |
1696 1987 32 36 38:
1740 1995 24 16 40
1777 1996 1 13 |

1109 2027 58 23 p.165)
1223 2019 2 29 |
1277 2010 84 33 lörke-tig
