1852 2362
166 149 44 21 440

183 432 140 27 Ersättning.

163 467 32 18 10
212 464 106 20 Motioner
333 470 35 13 om
385 464 119 25 ersättning
519 463 33 20 till
569 464 56 20 vissa
641 463 28 20 Fo
728 446 43 38 e
786 470 29 14 m.
832 464 21 20 fl.
870 464 33 20 för
913 464 111 21 uteblivna

186 596 7 15 -

186 716 9 15 [SG

186 806 9 15 v

186 1016 9 15 ”

187 1137 9 14 a

189 2002 10 16 8

900 156 136 16 SAKREGISTER

227 493 189 21 skatteinkomster
439 493 47 21 från
510 495 69 19 staten
603 494 69 20 såsom
692 493 119 26 aktieägare
827 494 7 20 i
850 494 174 21 Luossavaara—

228 524 155 20 Kiirunavaara
399 523 121 26 aktiebolag
535 523 76 21 avslås.

213 590 50 21 Ord.
286 590 187 26 förslagsanslaget
491 589 33 20 till
544 590 118 26 ersättning
677 590 22 20 åt
715 596 105 20 personer,
838 590 131 26 menigheter
984 590 40 21 och

228 620 111 21 allmänna
354 620 142 26 inrättningar
511 619 33 21 för
559 619 50 21 dem
625 626 76 19 genom
716 626 43 20 nya
769 620 133 26 strafflagens
913 620 112 21 införande

227 651 133 26 frångångna
376 649 148 21 bötesandelar
540 650 96 20 minskas
652 650 49 20 med
719 650 12 20 2
741 649 42 21 000
800 650 30 20 kr.
848 650 33 21 till
899 650 27 21 20
936 650 42 21 000
992 650 31 20 kr.

213 711 41 20 För
277 710 137 21 bestridande
432 717 27 13 av
475 710 43 20 viss
534 710 118 26 ersättning
667 709 33 21 till
717 709 75 21 staden
808 710 68 21 Ystad
893 710 84 21 anvisas
993 711 33 20 för

228 740 127 26 budgetåret
372 738 125 29 1928/1929
514 741 31 19 ett
561 741 60 19 extra
638 740 73 26 anslag
727 746 26 14 av
771 739 93 21 198360
880 740 31 20 kr.

213 801 37 20 RD
274 800 115 26 medgiver,
412 801 31 19 att
466 799 33 20 till
523 799 224 26 generalintendenten
764 800 39 20 och
820 800 75 20 chefen
911 800 33 20 för
959 800 65 20 inten-

228 830 151 24 denturkåren,
395 829 183 27 generalmajoren
594 830 24 19 A.
636 830 23 19 F.
676 829 129 21 Hultkrantz
821 831 37 19 må
872 830 48 20 från
931 830 94 26 anslaget

229 860 33 21 till
286 861 84 19 arméns
394 861 136 19 reservstater
551 859 107 21 utbetalas
682 860 118 26 ersättning
817 860 34 20 för
866 860 26 20 de
908 860 90 25 avgifter
1014 861 11 19 å

228 890 92 26 tillhopa
336 890 42 20 947
395 890 39 24 kr.,
450 896 47 14 som
513 890 43 19 han
572 890 33 20 för
621 889 41 21 den
678 889 38 25 tid,
733 890 43 20 han
787 890 98 20 innehaft
896 890 130 26 beställning

228 921 13 20 å
256 922 119 22 reserystat,
401 920 67 26 erlagt
486 920 70 20 såsom
573 919 75 27 bidrag
663 919 33 21 till
712 919 119 21 kostnaden
847 920 33 20 för
895 921 130 20 reservstats-

230 951 96 26 pension.

213 1011 38 20 RD
267 1010 124 27 godkänner
407 1009 80 21 mellan
504 1009 61 21 KM:t
580 1009 40 21 och
631 1009 81 21 kronan
724 1016 76 19 genom
811 1009 214 26 kasernkommittén,

229 1042 12 19 å
257 1048 40 13 ena
313 1040 67 24 sidan,
392 1042 57 18 samt
460 1040 67 26 Eksjö
538 1039 54 26 stad,
604 1040 12 19 å
627 1039 67 21 andra
705 1039 68 24 sidan,
785 1040 105 25 ingången
902 1040 125 25 preliminär

229 1069 214 22 överenskommelse.

214 1131 38 20 RD
268 1130 124 26 godkänner
407 1129 81 21 mellan
504 1129 62 20 KM:t
581 1129 40 20 och
632 1129 81 20 kronan
724 1135 77 19 genom
812 1128 213 26 kasernkommittén,

229 1161 13 19 å
258 1167 39 13 ena
321 1159 68 25 sidan,
414 1162 57 18 samt
492 1159 146 26 Norrköpings
655 1158 53 25 stad,
726 1159 12 20 å
754 1158 66 21 andra
836 1158 68 25 sidan,
920 1159 104 26 ingången

230 1190 122 34 preliminär
378 1189 217 24 överenskommelse;
620 1189 39 19 och
676 1189 85 20 anvisas
777 1188 33 20 för
826 1188 135 21 bestridande
977 1195 27 14 av
1019 1189 18 23 i/

230 1220 14 25 $
261 1219 12 21 3
290 1220 7 20 i
313 1219 223 21 överenskommelsen
552 1219 90 25 angiven
659 1218 116 26 ersättning
791 1219 22 19 åt
823 1218 145 27 Norrköpings
979 1219 58 31 stad
1021 1214 20 40 |

230 1250 33 20 för
287 1249 126 26 budgetåret
437 1247 125 26 1928/1929
586 1248 69 21 under
678 1248 33 20 4:e
730 1248 40 20 HT
791 1250 30 18 ett
836 1250 60 18 extra
912 1248 74 26 anslag
1001 1245 36 24 av
1021 1241 15 38 |

232 1279 26 20 13
269 1280 42 20 525
328 1279 31 20 kr.

215 1339 38 20 RD
269 1339 124 26 godkänner
409 1338 79 21 mellan
504 1338 62 20 KM:t
581 1338 40 20 och
632 1338 82 20 kronan
725 1344 75 19 genom
812 1337 225 27 kasernkommittén,
1027 1333 15 36 |

230 1370 12 19 å
266 1375 40 14 ena
329 1368 68 25 sidan,

231 1399 125 26 preliminär
366 1398 216 23 överenskommelse;
595 1398 38 20 och
645 1398 84 20 anvisas
740 1397 33 20 för
783 1397 104 20 täckande
898 1404 26 14 av
935 1397 102 21 kostnad
1019 1393 18 36 |

231 1429 33 20 för
280 1428 128 27 markinköp
424 1429 22 20 åt
461 1429 76 19 Första
552 1428 39 20 och
608 1427 72 21 Andra
691 1427 292 27 livgrenadjärregementena
994 1428 43 31 för
1022 1423 15 40 |

232 1459 125 26 budgetåret
374 1457 126 29 1928/1929
517 1457 67 21 under
600 1457 33 21 4:e
648 1458 39 19 HT
698 1459 31 19 ett
739 1459 60 19 extra
810 1457 74 27 anslag
894 1464 26 14 av
932 1457 41 21 200
983 1457 37 21 000
1035 1448 2 11 |

232 1489 31 20 kr.

217 1549 37 20 RD
270 1549 115 25 medgiver,
402 1548 46 20 dels
464 1550 32 18 att
512 1555 25 14 av
553 1547 129 26 förefintliga
692 1547 152 21 reservationer
857 1548 12 19 å
879 1547 147 27 sjöförsvarets

232 1579 74 26 anslag
321 1578 34 21 till
371 1578 91 24 bränsle,
479 1578 52 26 lyse,
548 1579 80 23 vatten,
644 1577 135 26 renhållning
793 1577 39 21 och
843 1578 56 20 tvätt
909 1584 29 14 m.
950 1584 29 14 m.
991 1578 35 20 må

232 1609 122 26 disponeras
371 1610 31 19 ett
418 1608 77 26 belopp
512 1614 26 14 av
554 1608 27 20 53
591 1607 42 21 000
648 1608 30 20 kr.
691 1608 69 19 såsom
772 1607 210 26 engångsersättning
993 1607 33 21 till

232 1638 131 21 Karlskrona
378 1638 48 21 stad
441 1638 34 20 för
490 1637 140 26 övertagande
646 1644 26 14 av
688 1638 42 20 viss
746 1637 170 27 gatubelysning,
931 1643 48 14 vars
991 1637 34 20 be-

232 1668 104 21 kostande
359 1675 30 13 nu
405 1668 126 20 ankommer
546 1668 28 26 på
590 1667 88 25 kronan,
695 1667 45 20 dels
756 1668 32 19 att
803 1666 123 21 återstoden
943 1673 26 15 av
984 1666 42 21 den

232 1698 117 26 ersättning
372 1698 12 20 å
408 1697 27 21 89
445 1697 43 20 000
504 1697 39 24 kr.,
560 1704 46 13 som
622 1704 60 14 avses
698 1699 31 18 att
745 1697 50 26 utgå
811 1696 34 21 till
860 1696 96 21 nämnda
971 1697 54 24 stad,

232 1728 51 20 eller
307 1728 27 20 36
344 1727 42 21 000
409 1727 40 25 kr.,
471 1728 36 19 må
530 1733 76 20 genom
625 1727 129 25 amortering
769 1726 68 21 under
854 1726 26 21 10
897 1727 23 20 år
935 1726 91 21 medelst

232 1758 54 20 efter
305 1758 12 20 5
330 1758 23 24 2
371 1759 61 19 ränta
448 1757 120 20 beräknade
585 1757 120 20 annuiteter
721 1756 93 26 erläggas
830 1756 33 20 till
879 1756 75 21 staden
970 1758 56 19 samt

232 1787 104 21 bestridas
360 1794 26 14 av
409 1787 140 20 förenämnda
568 1787 74 26 anslag
659 1787 34 20 till
709 1786 90 25 bränsle,
817 1786 51 27 lyse,
885 1788 79 23 vatten,
981 1793 44 14 ren-

232 1817 98 26 hållning
345 1818 40 20 och
401 1818 55 20 tvätt
472 1824 28 13 m.
518 1824 35 18 m.,
571 1817 45 20 dels
628 1817 39 20 ock
678 1818 32 19 att
720 1823 26 13 av
757 1816 152 21 reservationer
919 1817 13 19 å
942 1822 84 15 samma

232 1847 73 26 anslag
324 1848 35 19 må
375 1847 124 27 disponeras
515 1848 30 19 ett
561 1847 77 26 belopp
654 1853 26 14 av
697 1846 12 20 3
720 1846 41 21 700
778 1846 31 20 kr.
825 1846 34 20 till
875 1846 151 26 elektrifiering

232 1884 26 14 av
272 1877 7 20 i
298 1877 233 26 statsrådsprotokollet
546 1878 49 19 över
611 1876 185 21 försvarsärenden
812 1876 42 20 den
870 1876 13 20 2
899 1882 57 14 mars
969 1876 56 20 1928

231 1907 144 21 omförmälda
389 1908 45 20 åtta
449 1907 138 27 ljuspunkter
602 1906 36 22 vid
651 1906 223 22 varvschefsbostället
884 1906 40 21 och
935 1906 90 21 amirali-

232 1937 126 27 tetskyrkan
373 1937 7 21 i
396 1937 137 21 Karlskrona.

216 1997 38 20 RD
270 1997 123 27 godkänner
409 1997 80 21 mellan
504 1997 62 30 KM:t
581 1997 40 20 och
631 1997 82 20 kronan
724 2003 76 20 genom
812 1996 212 25 kasernkommittén,

232 2028 12 20 å
267 2034 39 14 ena
330 2027 68 25 sidan,
423 2029 57 19 samt
502 2024 128 24 Östersunds
652 2026 54 25 stad,
723 2027 12 20 å
751 2026 66 21 andra
836 2026 67 26 sidan,
920 2026 104 26 ingången

233 2057 124 27 preliminär
380 2057 216 24 överenskommelse;
616 2057 40 21 och
676 2057 83 20 anvisas
775 2057 33 20 för
824 2056 136 21 bestridande
976 2063 26 14 av
1018 2057 16 21 i/

422 1370 56 18 samt
501 1368 131 26 Linköpings
656 1367 53 25 stad,
727 1368 12 20 å
755 1367 66 20 andra
837 1367 68 25 sidan,
921 1365 116 30 ingången
1021 1361 15 38 |

1138 209 8 40 AH
1269 212 2 28 |
1512 224 35 14 ike-

1058 249 17 26 =
1111 237 42 47 Få
1269 241 1 40 |
1317 239 26 44 ID
1345 243 76 18 ekotes
1499 225 46 53 EE
1613 256 118 17 Kamrarnas

1058 280 17 25 =
1112 286 41 29 SR
1169 273 95 18 ROOener
1334 272 114 48 SA
1500 270 44 37 kris
1599 285 145 23 förhandlingar

1058 309 17 28 5
1112 307 36 42 22
1291 308 47 13 eller
1350 308 92 13 memorial
1490 315 63 18 velser

1054 340 16 25 i
1112 341 39 20 RC

1059 369 17 12 &
1112 362 36 27 lag
1284 363 101 26 girl.
1439 371 17 19 2
1541 372 17 19 2
1587 370 67 17 Första
1660 364 22 33 |
1688 370 66 17 Andra

1059 380 15 42 js
1126 380 22 41 9
1175 381 31 17 PK
1216 356 44 71 JAK
1284 388 17 33 E
1326 387 17 30 ä
1380 381 16 27 4
1443 387 7 33 RP
1492 381 18 28 =
1541 392 17 25 &)]
1585 394 70 18 kamm.
1659 386 23 35 |
1685 394 69 17 kamm.

1270 435 2 23 |
1526 440 2 19 I

1039 464 54 22 1927
1163 453 47 62 142
1225 453 47 63 220
1291 466 22 26 6|
1368 467 41 20 1|145
1574 467 33 20 37:
1618 467 48 20 126d|
1683 466 33 21 39:
1728 467 39 20 18d

1163 526 2 13 |
1312 510 1 20 4
1526 508 2 25 I

1163 516 151 68 AR
1526 536 2 39 |

1039 590 114 23 192SPELS
1218 582 124 37 TESS
1347 578 57 50 TSK
1419 578 38 50 VR
1478 593 42 20 SA
1527 578 31 50 [ES
1604 589 140 34 EPs

1110 627 56 25 pol
1313 622 1 12 |
1671 627 1 23 |

1313 656 1 3 |
1671 652 1 16 |

1313 662 1 10 I

1063 712 103 31 FE
1272 712 71 29 SS
1396 709 25 24 41
1441 705 41 41 37)
1485 713 13 20 4
1507 713 52 21 Ale]
1591 705 81 41 14:11]
1691 705 69 41 14:80

1110 747 56 23 DBT
1218 752 1 16 SE
1420 744 1 28 |
1671 735 1 29 |

1165 770 108 24 Re
1420 773 1 23 |
1671 774 1 25 |

1063 809 9 10 3
1119 788 101 37 Page
1272 802 85 27 pel
1383 802 39 39 26"
1498 802 31 25 1.70)
1551 785 31 60 |
1591 802 81 24 15:28]
1692 801 52 21 181

1314 833 1 3 I
1477 837 1 4 I
1528 829 1 11 I
1671 837 1 4 I

1219 832 1 34 |
1272 864 43 30 ||
1355 832 123 39 FT

1219 872 55 28 ladda
1314 875 1 27 er
1371 868 42 44 rg
1529 879 1 24 |
1671 873 2 29 |

1165 897 109 34 FR
1421 920 2 20 |
1529 904 1 49 |
1671 921 1 8 |

1165 937 1 31 |
1273 936 42 24 SE
1422 949 1 11 I
1477 955 1 10 |
1671 937 2 4 |

1165 971 1 15 |
1273 961 43 23 fc]
1422 961 1 47 |
1477 966 2 39 |
1529 960 1 33 |

1064 1012 75 20 Seg
1219 1023 2 8 |
1273 979 1 81 |
1292 1010 131 47 RS
1499 1005 32 37 74
1552 1001 30 48 |
1592 1012 81 32 18:47
1663 1001 18 48 |
1692 1010 69 21 17:46

1273 1068 1 10 I
1315 1038 1 79 |
1422 1063 1 11 I
1529 1045 2 42 |
1672 1045 2 33 |

1166 1112 1 16 |
1315 1120 1 12 fa
1365 1070 45 72 roa
1422 1091 53 22 pan]
1486 1070 41 72 <A
1673 1093 1 31 |

1064 1130 76 21 SERISS
1273 1131 32 29 16)
1336 1130 9 20 1]
1384 1131 40 27 31|
1473 1118 2 45 |
1499 1124 32 28 75
1543 1114 131 53 |18:48]
1683 1114 78 53 17:46

1273 1135 43 75 aa
1422 1149 109 51 bla
1672 1157 2 42 |

1166 1200 1 12 |
1478 1209 1 3 Fot
1672 1200 2 9 |

1166 1214 1 4 |
1315 1217 1 14 ner
1478 1216 1 5 NES
1672 1214 1 6 I

1166 1232 1 3 |
1315 1232 1 21 |
1478 1228 2 23 fr

1273 1267 44 23 Juivig
1530 1260 1 4 |
1673 1275 1 10 |

1065 1346 8 11 2
1128 1340 39 26 RR
1273 1335 138 34 FÖRTS
1478 1333 53 35 aee
1593 1329 81 75 w
1693 1337 68 21 17:46

1166 1368 1 17 I
1273 1376 1 5 |
1422 1370 1 13 I
1529 1374 2 5 I

1166 1388 1 16 |
1220 1387 1 18 |
1273 1384 1 27 I
1315 1366 2 71 |
1422 1389 2 10 I
1529 1389 1 10 I

1166 1408 1 6 |
1219 1409 2 18 I
1273 1421 1 7 I
1422 1409 1 22 I
1529 1411 1 15 |
1671 1428 2 4 |

1219 1438 2 2 I
1273 1450 1 3 po
1422 1432 1 22 |
1529 1448 1 5 |
1671 1438 2 14 I

1166 1459 55 19 [siter
1422 1461 1 19 |
1529 1455 1 20 |
1671 1456 2 21 |

1174 1469 38 40 eg
1273 1479 43 9 Ge
1529 1491 1 5 |
1672 1481 1 18 |

1165 1496 56 68 [fa
1314 1519 2 12 ag
1422 1491 108 64 friden
1672 1500 1 44 |

1064 1555 8 12 >
1131 1548 24 20 dd
1219 1539 138 38 Jöknjag
1383 1548 26 20 37
1477 1559 2 2 |
1497 1535 33 46 Bal
1592 1535 68 65 19:32
1672 1545 2 51 |
1692 1535 68 65 18:20

1231 1566 31 53 EG
1272 1583 2 24 RA
1529 1570 1 54 |
1672 1597 2 13 |

1166 1617 1 7 I
1315 1612 1 12 I
1356 1621 1 3 I
1421 1614 2 10 I
1672 1624 1 4 I

1315 1635 42 27 a
1421 1630 2 19 |
1529 1633 1 20 I
1672 1637 1 6 I

1315 1668 1 20 rna
1529 1654 1 39 |
1672 1669 1 17 |

1219 1606 2 113 |
1272 1699 2 6 Pri
1356 1707 2 9 deja
1529 1695 1 20 |
1672 1693 1 27 |

1219 1720 1 15 |
1323 1713 30 32 nr
1422 1728 1 12 I
1529 1718 1 34 |
1672 1724 1 11 I

1219 1736 1 12 |
1315 1738 1 6 I
1422 1745 1 7 I
1529 1753 1 4 |

1273 1765 1 10 |
1422 1764 1 11 |
1528 1768 2 3 |

1273 1776 1 23 |
1356 1773 1 26 |
1528 1779 2 19 |

1314 1801 2 11 I
1356 1800 1 11 I
1528 1805 1 5 I

1273 1814 1 20 I
1356 1813 1 24 |
1421 1822 1 8 I
1528 1822 1 19 I

1273 1854 43 12 RR
1356 1838 1 38 |
1421 1850 2 16 I
1528 1849 1 10 I

1314 1876 43 35 len
1528 1883 1 20 |

1165 1915 1 17 |
1314 1904 43 29 Field
1528 1921 1 3 |

1165 1946 1 8 |
1272 1946 43 11 LE
1528 1932 1 18 I

1165 1958 55 31 FS
1272 1962 1 36 |
1314 1955 1 54 |
1355 1976 2 15 |
1421 1961 1 21 |
1528 1952 1 20 |

1063 2004 8 11 >»
1086 1980 26 49 |
1119 1990 47 34 47
1147 1980 20 49 |
1218 1991 2 60 |
1272 1995 69 48 sie
1382 1995 25 21 46
1420 1983 2 41 |
1497 1995 33 47 90]
1590 1994 170 30 21:26
1662 1980 17 66 |
1682 1994 78 30 20:78

1164 2026 2 3 |
1420 2025 2 19 I
1671 2031 2 13 |

1164 2028 192 54 FER
1671 2053 2 28 |
