1843 2357
812 149 135 33 SAKREGISTER
1640 155 42 20 185

1021 222 41 33 2
1236 246 17 17 vc
1404 229 52 17 Riks-

967 251 71 26 Se
1040 253 17 26 -
1121 275 4 4 $
1255 247 76 16 FekOllS
1393 254 72 30 dagens
1522 259 119 18 Kamrarnas

967 281 17 12 x
995 271 23 29 |
1021 277 11 8 7”
1045 280 17 11 —
1079 275 95 18 Motioner
1225 276 112 17 utlåtanden
1424 289 22 8 ÅR
1600 289 4 4 5

967 298 12 9 a
1021 296 41 20 w2
1334 306 4 3 5
1396 285 58 28 skri-
1507 289 147 23 förhandlingar

967 311 17 28 >
1022 309 40 27 H2
1201 305 47 18 eller
1261 306 97 17 memorial
1400 318 63 18 SÖlker

962 343 16 11 -
1045 338 15 23 8
1660 356 17 2 SE

967 358 12 9 R
1021 352 17 16 e
1435 360 2 14 I

967 368 90 14 FR
1194 359 70 30 le]
1349 374 17 18 2
1435 376 1 4 |
1450 375 17 18 el
1497 373 67 17 Första
1569 362 21 39 |
1596 373 67 18 Andra

1035 382 22 40 8
1082 383 34 16 FE
1194 391 17 31 2
1236 389 28 39 2)
1293 379 9 44 Zz
1349 394 18 25 &
1403 384 17 27 SÅ
1451 395 17 24 >)
1494 397 70 18 kamm.
1567 391 24 32 |
1594 397 71 18 kamm.

92 426 168 43 Avsöndringar
274 438 70 14 mm.
747 462 4 4 j

80 465 24 16 57
122 461 38 20 RD
176 461 114 26 medgiver,
305 463 32 19 att
349 462 48 20 från
410 460 36 29 7/,,
458 462 82 20 mantal
551 462 123 27 Rätansbyn
685 469 26 13 nr
722 462 12 20 2
745 469 7 13 i
763 462 80 21 Rätans
854 462 77 21 socken
948 467 54 20 |1926]
1019 467 41 21 102
1185 468 26 20 10
1290 468 27 20 381
1350 469 117 22 15|17616]
1498 470 69 21 27:48
1570 460 14 35 |
1600 470 33 20 27:
1644 475 24 16 35

138 492 36 19 må
194 491 125 27 frånskiljas
338 492 7 20 i
361 492 232 26 statsrådsprotokollet
616 492 143 20 omförmälda
781 492 151 26 lägenheterna
1016 502 46 23 p.16

138 521 129 27 Görntorpet
282 521 39 21 och
334 522 185 27 Schröderstorpet
530 529 34 13 om
576 522 119 27 respektive
711 522 76 20 13.705
800 522 40 21 och
851 522 78 21 22.465

137 551 77 21 hektar
237 553 56 19 samt
316 554 31 18 att
370 552 150 26 lägenheterna
538 553 36 19 må
593 552 50 21 med
659 552 51 20 därå
726 552 109 26 befintliga
850 553 82 20 kronan

138 581 128 20 tillhörande
282 581 122 27 byggnader
419 588 37 14 var
471 582 33 20 för
520 582 32 26 sig
566 582 105 26 försäljas.

108 647 63 20 Inom
187 646 142 21 Norrbottens
345 647 45 20 län:

80 681 24 16 58
122 677 38 20 RD
184 676 114 27 medgiver,
318 678 31 19 att
365 679 30 18 ett
410 677 76 26 utbyte
502 683 26 14 av
543 677 125 26 fastigheter
683 678 35 20 må
734 679 39 24 äga
788 684 47 14 rum
853 678 78 20 mellan
931 672 14 35 |
970 690 9 11 »
990 672 27 35 |
1027 683 26 20 77
1186 683 26 20 10
1291 683 27 20 20
1392 684 40 20 135
1499 684 32 20 15:
1543 690 25 15 20
1567 676 22 34 |
1600 684 33 21 15:
1644 690 25 15 60

137 707 82 20 kronan
235 707 39 19 och
291 713 64 14 envar
370 713 27 14 av
412 707 148 26 tygarbetaren
577 708 25 19 A.
619 703 69 24 Ärbar
701 708 39 20 och
753 707 110 21 arbetaren
873 708 20 20 J.
906 708 24 20 V.

138 737 65 20 Stoltz
219 736 99 21 sålunda:
336 738 31 18 att
383 737 81 20 kronan
480 737 34 20 till
530 733 69 24 Ärbar
614 737 104 21 överlåter
733 738 11 19 å
760 738 8 19 i
782 738 87 20 ärendet
879 738 52 20 före-

136 766 58 25 tedd,
211 773 26 14 av
252 766 242 21 distriktslantmätaren
512 767 55 26 Filip
579 767 112 20 Granlund
703 768 114 26 upprättad
828 768 103 20 kartskiss

136 796 49 20 med
194 796 40 20 litt.
248 796 10 20 1
271 803 13 13 a
292 797 40 20 och
342 796 11 20 1
364 797 12 19 b
386 796 130 21 betecknade
524 797 101 20 områden
634 797 50 20 med
693 797 51 20 därå
753 797 107 26 befintliga
870 798 61 26 bygg-

135 826 67 20 nader
217 828 57 19 samt
289 826 34 20 till
339 826 66 20 Stoltz
422 826 26 20 de
464 827 12 19 å
492 833 84 14 samma
591 827 103 20 kartskiss
710 827 50 20 med
776 827 41 21 litt.
835 828 12 19 2
864 834 12 14 a
892 828 39 20 och

136 856 12 20 2
165 856 13 20 b
195 856 131 20 betecknade
342 856 112 24 områden;
472 858 31 18 att
519 853 69 24 Ärbar
603 857 39 20 och
660 856 65 21 Stoltz
737 857 33 20 till
782 858 81 19 kronan
875 859 55 19 över-

135 886 50 23 låta,
210 885 41 21 den
270 886 55 20 förre
342 886 36 20 det
393 887 13 19 å
420 886 162 26 ifrågavarande
598 886 104 21 kartskiss
718 887 49 20 med
783 887 41 20 litt.
843 888 9 19 1
871 894 11 13 c
899 888 32 19 be-

136 915 104 21 tecknade
256 916 97 20 området
368 916 40 20 och
424 915 42 21 den
483 922 73 14 senare
572 916 36 20 det
624 916 49 21 med
690 917 41 19 litt.
749 917 12 19 2
778 923 11 14 c
800 917 131 20 betecknade

137 945 103 21 området.

106 1011 63 20 Inom
186 1010 132 22 Stockholms
333 1012 45 20 län:

93 1046 8 15 1
120 1041 38 20 RD
182 1041 140 27 bemyndigar
344 1042 137 26 fullmäktige
496 1042 8 20 i
519 1042 137 25 riksbanken,
680 1045 31 18 att
730 1043 33 20 till
779 1045 80 19 statens
875 1044 55 26 järn-
945 1045 56 22 1927
1198 1047 13 20 8
1291 1047 26 20 12
1498 1048 54 20 8:25
1559 1041 31 34 |
1599 1048 53 21 8:23

135 1073 64 25 vägar
222 1071 50 21 med
291 1072 124 26 äganderätt
431 1072 93 20 överlåta
540 1073 57 20 vissa
612 1073 92 26 angivna
719 1073 101 20 områden
837 1080 35 13 om
889 1073 40 21 till-

136 1108 110 14 sammans
269 1101 64 21 1320
357 1102 159 20 kvadratmeter
534 1109 26 13 av
579 1100 28 29 1/;
624 1103 81 20 mantal
721 1103 69 21 skatte
806 1103 84 21 Tumba
908 1103 21 20 1!

136 1133 101 19 ävensom
256 1131 50 21 med
325 1132 14 19 4
355 1132 130 20 betecknade
501 1132 102 21 områden
619 1139 35 14 om
672 1133 41 20 365
730 1133 159 21 kvadratmeter
904 1140 26 13 av

136 1161 41 21 den
193 1168 16 14 8.
222 1162 20 21 k.
255 1162 83 20 Kärrån
349 1162 51 20 eller
410 1162 119 25 Tumbaån,
541 1164 133 24 gemensamt
685 1163 95 26 tillhörig
790 1164 141 20 förenämnda

135 1192 104 20 hemman
254 1192 40 20 och
310 1192 198 26 kronoegendomen
525 1192 100 25 Lindhof,
638 1195 45 18 mot
694 1193 42 21 den
746 1200 26 14 av
784 1195 80 19 statens
875 1194 55 26 järn-

135 1224 64 24 vägar
214 1221 106 27 erbjudna
336 1222 145 26 ersättningen
497 1225 56 18 samt
569 1223 27 26 på
611 1223 57 20 vissa
684 1224 92 25 angivna
791 1223 83 21 villkor.

93 1293 10 15 2
121 1288 38 20 RD
183 1288 115 26 medgiver,
318 1289 31 19 att
368 1288 91 20 lotterna
475 1295 25 13 nr
517 1288 19 24 3,
554 1289 11 19 5
583 1288 39 20 och
639 1288 12 20 6
668 1289 12 19 å
696 1288 41 21 den
753 1289 7 19 i
776 1289 87 20 ärendet
878 1290 52 19 före-|
969 1299 8 10 »
1018 1292 41 20 1166
1185 1292 26 21 10
1290 1293 27 20 281
1364 1293 68 21 81431)
1457 1298 9 15 el
1498 1292 68 21 19:46]
1599 1292 33 21 20:
1636 1287 12 32 3

135 1318 66 20 tedda
216 1318 75 20 kartan
308 1319 35 19 må
356 1318 48 20 från
415 1318 199 26 kronoegendomen
626 1318 12 20 2
650 1318 82 20 mantal
743 1319 77 26 Husby
831 1326 25 13 nr
867 1319 12 20 2
891 1320 39 19 och
1021 1327 33 22 p.1

136 1348 12 19 3
168 1348 7 19 i
191 1347 205 27 Husby-Lyhundra
411 1348 77 20 socken
506 1355 36 13 var
557 1348 33 20 för
605 1348 32 26 sig
652 1349 12 19 å
680 1348 97 26 offentlig
792 1349 89 20 auktion
898 1349 32 20 till

135 1377 42 20 den
193 1377 173 27 högstbjudande
382 1378 99 26 försäljas
496 1378 69 20 under
580 1377 26 21 de
621 1378 7 20 i
640 1378 72 21 brevet
723 1378 41 20 den
778 1378 26 20 29
816 1379 44 26 maj
876 1378 55 20 1874

136 1407 102 26 stadgade
254 1407 83 20 villkor.

93 1478 9 15 3
120 1473 38 20 RD
182 1473 115 26 medgiver,
321 1474 31 19 att
375 1473 57 20 vissa
448 1474 7 19 i
470 1473 232 27 statsrådsprotokollet
721 1474 143 20 omförmälda
882 1474 48 21 tull-|
969 1484 8 10 »
988 1469 27 35 |
1025 1476 27 21 99
1186 1477 25 20 10
1290 1478 28 20 38
1391 1474 40 33 161
1497 1473 34 33 21:
1542 1482 25 16 88
1569 1473 21 33 |
1599 1478 33 20 22:
1643 1473 22 33 338

136 1503 73 20 verket
225 1503 108 26 tillhöriga
348 1503 112 26 jordlotter
475 1504 8 19 i
498 1503 107 27 Norrtälje
621 1505 36 19 må
673 1503 68 21 under
751 1505 7 19 i
769 1510 83 14 samma
863 1506 67 24 proto-

136 1532 45 21 koll
204 1533 92 25 angiven
319 1533 142 26 begränsning
477 1534 6 19 i
500 1533 92 20 kronans
608 1534 209 26 hemulsskyldighet
832 1534 99 26 försäljas

135 1563 34 20 till
193 1562 26 21 de
242 1570 26 13 av
288 1563 216 26 värderingsmännen
521 1563 219 21 domänintendenten
756 1564 88 20 friherre
860 1564 19 20 J.
897 1564 32 20 W.

136 1593 130 26 Stjernstedt
281 1593 40 20 och
337 1593 183 27 stadsingenjören
537 1593 26 20 K.
575 1593 121 21 Johansson
707 1594 69 20 åsatta
786 1594 144 27 försäljnings-

135 1622 79 21 värden
230 1623 40 20 och
286 1623 50 20 med
352 1623 123 26 skyldighet
490 1624 33 20 för
538 1623 96 27 köparna
648 1625 32 19 att
690 1630 111 14 ensamma
812 1624 119 20 vidkännas

136 1652 42 21 alla
196 1652 50 21 med
262 1652 71 27 köpen
349 1653 101 20 förenade
466 1653 121 25 kostnader,
603 1655 102 19 ävensom
721 1656 32 18 att
768 1654 26 20 de
810 1654 75 20 härvid
901 1654 29 20 in-

135 1682 94 27 flytande
245 1682 87 21 medlen
348 1684 36 19 må
378 1678 19 37 i
412 1683 125 21 tullverkets
548 1683 143 27 räkenskaper
701 1683 151 27 uppdebiteras
863 1684 68 20 under

136 1712 158 21 inkomsttiteln
313 1713 147 20 »tullmedel>.

93 1783 10 15 4
121 1778 37 20 RD
175 1778 115 26 medgiver,
307 1780 31 19 att
354 1779 199 26 kronoegendomen
571 1779 10 20 1
599 1779 82 20 mantal
697 1780 87 20 Brunna
800 1787 25 13 nr
824 1774 48 35 1i
884 1774 70 35 Bot-|
969 1788 9 11 >»
1018 1781 42 21 |215
1185 1781 25 20 10
1289 1783 28 20 461
1365 1783 67 20 31327)
1458 1788 8 15 11
1498 1783 69 20 27:13
1567 1778 18 35 |
1600 1783 69 21 28:16

135 1808 68 26 kyrka
225 1808 78 20 socken
328 1809 36 19 må
382 1809 34 20 till
435 1809 136 20 Stockholms
587 1809 48 20 stad
650 1809 99 27 försäljas
765 1812 46 18 mot
826 1816 26 14 en
869 1810 62 26 köpe-
1021 1816 34 22 p.1

135 1837 88 26 skilling
246 1845 26 13 av
296 1838 42 20 160
348 1838 42 20 000
410 1838 30 20 kr.
458 1839 39 20 och
514 1839 6 20 i
537 1839 145 26 huvudsaklig
697 1840 211 20 överensstämmelse
924 1841 7 19 i

135 1868 68 25 övrigt
218 1868 50 20 med
284 1867 26 21 de
326 1868 84 26 villkor,
426 1875 46 13 som
489 1869 86 25 angivas
591 1869 8 19 i
614 1870 30 19 ett
659 1869 32 20 uti
701 1869 231 27 statsrådsprotokollet

136 1897 103 26 återgivet
253 1897 80 26 förslag
348 1898 34 20 till
397 1898 106 21 kontrakt.

93 1968 10 14 5
121 1963 38 20 RD
182 1962 116 26 medgiver,
322 1965 32 19 att
372 1965 31 18 ett
418 1964 7 19 i
441 1963 232 27 statsrådsprotokollet
688 1964 130 25 omförmält,
834 1965 13 20 å
863 1971 26 14 en
905 1972 26 13 av|
969 1972 9 11 >»
1018 1965 42 21 |215
1185 1966 27 20 10
1290 1967 27 20 461
1365 1967 67 21 8327)
1458 1973 8 15 11
1498 1968 70 20 27:13
1568 1963 18 34 |
1600 1968 69 20 28:16

137 1992 241 21 distriktslantmätaren
395 1993 23 21 O.
436 1994 24 19 A.
478 1993 82 21 Lindén
576 1994 23 20 år
616 1994 55 20 1927
683 1994 116 27 upprättad
810 1995 61 20 karta
881 1995 50 20 med
1021 2000 35 23 p.2

136 2022 40 21 litt.
194 2023 17 19 F
227 2023 113 20 betecknat
355 2023 87 20 område
453 2030 35 14 om
501 2023 47 21 0.41
562 2024 76 20 hektar
648 2026 57 18 samt
715 2031 26 13 en
752 2025 12 19 å
775 2031 26 14 en
812 2031 26 14 av
849 2031 82 15 samme

136 2052 127 21 lantmätare
274 2053 50 20 åren
337 2052 145 22 1920—1925
495 2053 115 27 upprättad
620 2054 61 20 karta
691 2054 68 21 under
767 2054 40 21 litt.
818 2055 16 20 F
841 2055 89 26 angiven

68 2105 24 18 24
106 2107 90 18 Sakregister
205 2107 13 15 I.
