1842 2356
806 159 136 15 SAKREGISTER

88 435 168 28 Avsöndringar
272 443 26 14 m.
316 443 26 14 m.

103 473 64 20 Inom
187 472 162 27 Östergötlands
365 473 45 20 län:

76 508 23 15 12
119 503 37 20 RD
173 503 109 26 medgiver
292 503 33 20 för
341 503 33 20 sin
390 503 41 26 del,
448 505 31 18 att
495 503 240 27 komministersgården
750 504 8 19 i
774 503 32 20 S:t
821 503 51 20 Lars
888 504 39 19 för-

134 533 92 26 samling
245 534 7 19 i
268 533 121 26 Linköping
404 534 36 19 må
455 533 99 27 försäljas
570 533 34 21 till
619 535 31 19 ett
665 534 44 26 pris
725 534 19 26 ej
763 533 164 27 understigande

134 563 28 19 33
179 563 31 20 kr.
228 563 27 20 33
272 565 35 18 öre
322 563 33 20 för
371 563 159 20 kvadratmeter
545 570 27 13 av
587 565 93 18 tomtens
697 564 62 19 areal.

75 633 24 15 13
118 628 37 20 RD
171 628 115 26 medgiver,
303 630 32 19 att
350 629 36 20 två
400 629 8 19 i
424 628 234 26 statsrådsprotokollet
673 628 143 20 omförmälda
826 628 102 21 områden

133 665 35 13 om
193 658 118 26 respektive
337 658 62 21 1.035
424 659 40 19 och
488 659 64 20 0.294
578 658 76 20 hektar
672 659 36 19 må
723 660 47 18 vart
785 659 33 19 för
833 660 32 24 sig
880 659 48 19 från

133 688 200 25 kronoegendomen
350 687 28 28 2/;
394 688 83 20 mantal
493 689 92 25 Görtorp
601 695 26 13 nr
643 688 11 20 1
672 688 49 20 med
738 688 189 27 Vallerängstorp
907 683 23 36 i

134 718 92 20 Skedevi
247 718 78 20 socken
348 718 100 26 försäljas
472 718 50 20 med
545 718 150 20 hembudsrätt
718 718 131 20 beträffande
868 719 60 19 först-

133 747 95 20 nämnda
244 747 87 21 område
347 748 33 19 för
396 748 55 20 Axel
468 747 54 21 Lind
538 748 40 20 och
594 747 133 21 beträffande
743 747 36 21 det
795 748 133 20 sistnämnda

133 778 33 19 för
182 777 61 21 Gust.
260 777 143 21 Zetterström.

76 848 23 15 14
118 843 37 19 RD
172 842 116 26 medgiver,
305 845 31 18 att
352 843 81 20 kronan
449 843 36 20 må
501 843 51 20 med
567 845 76 24 ägaren
659 850 26 13 av
701 843 123 26 Tunabergs
839 843 89 26 koppar-

132 872 51 20 verk
199 872 63 20 träffa
278 872 57 21 avtal
351 879 35 14 om
403 872 131 27 upplåtande
550 873 34 19 till
599 873 81 20 kronan
692 879 26 14 av
728 873 42 20 den
780 874 48 23 rätt,
840 873 88 26 koppar-

132 902 74 20 verket
222 903 36 19 må
274 902 56 20 hava
345 903 34 20 till
395 903 62 20 Tuna
472 902 107 26 bergslags
595 902 140 27 allmänning,
752 905 46 18 mot
814 910 27 13 en
857 904 71 19 ersätt-

134 932 52 26 ning
202 939 26 13 av
245 932 27 20 30
282 932 43 21 000
341 932 31 20 kr.
390 934 31 19 att
437 933 51 25 utgå
503 939 26 13 ur
544 932 171 21 domänfondens
730 932 77 21 medel.

76 1003 24 15 15
118 997 38 20 RD
173 997 115 26 medgiver,
311 999 32 18 att
366 998 37 20 det
421 998 63 26 bolag
507 998 52 20 eller
578 1004 70 14 annan
664 998 202 26 sammanslutning,
882 1004 46 14 som

133 1027 33 20 för
185 1027 128 26 anläggning
331 1034 27 14 av
373 1034 27 14 en
416 1028 102 26 planerad
534 1028 234 20 halmcellulosafabrik
783 1028 43 20 kan
841 1028 88 20 komma

134 1059 31 19 att
184 1057 76 24 bildas,
280 1058 36 19 må
331 1064 26 14 av
374 1058 77 26 Starby
462 1057 173 27 kungsladugård
651 1064 34 14 om
704 1057 56 28 10!/,
777 1058 82 20 mantal
874 1058 8 20 i
898 1058 32 20 S:t

134 1087 49 20 Pers
199 1094 28 13 m.
245 1087 20 20 fl.
283 1087 90 21 socknar
389 1087 49 21 med
454 1087 124 27 äganderätt
591 1088 98 20 förvärva
699 1090 31 18 ett
740 1088 8 20 i
759 1088 73 20 därom
843 1088 86 26 ingiven

133 1117 120 26 ansökning
276 1119 68 19 avsett
367 1117 87 20 område
470 1124 36 13 om
523 1118 48 20 5.38
589 1118 76 20 hektar
680 1119 68 25 jämte
764 1118 61 20 mark
840 1118 34 20 för
889 1120 40 23 väg

134 1147 73 20 därtill
226 1153 26 14 av
271 1147 95 20 nämnda
381 1147 104 26 egendom
501 1147 52 20 eller
568 1147 109 21 Vadstena
692 1148 109 25 kronoäng
816 1148 28 26 på
859 1149 43 19 sätt
917 1148 12 19 å

133 1176 42 21 den
190 1177 8 20 i
213 1176 88 21 ärendet
324 1177 110 20 företedda
457 1178 75 19 kartan
554 1177 50 20 med
624 1177 80 27 blyerts
723 1178 98 25 angivits,
841 1179 46 19 mot
903 1184 26 14 en

134 1206 144 27 köpeskilling
293 1213 27 14 av
336 1207 12 20 5
359 1206 42 21 000
418 1207 31 24 kr,
466 1209 56 18 samt
537 1207 68 20 under
620 1208 56 20 vissa
692 1208 92 25 angivna
798 1207 84 20 villkor.

77 1277 23 16 16
118 1273 38 19 RD
172 1272 115 26 medgiver,
304 1274 38 23 att,
359 1272 65 20 sedan
440 1272 199 27 kronoegendomen
656 1271 26 28 !/,
700 1272 81 21 mantal
792 1273 55 20 Lilla
858 1272 71 27 Greby

133 1309 26 13 nr
176 1302 10 20 1
204 1303 7 19 i
228 1302 139 26 Vikingstads
390 1302 79 20 socken
492 1300 63 23 blivit
577 1302 97 21 fördelad
689 1303 7 19 i
713 1304 30 19 tre
768 1303 32 20 uti
818 1302 110 21 statsråds-

134 1332 128 26 protokollet
278 1332 149 25 omförmälda,
445 1332 49 20 med
510 1332 41 21 litt.
568 1334 24 23 A,
610 1333 17 19 B
638 1332 39 20 och
689 1332 16 20 C
717 1332 130 20 betecknade
858 1332 69 25 lotter,

133 1361 46 21 dels
202 1362 93 20 lotterna
318 1362 40 20 litt.
376 1362 19 20 A
410 1362 40 20 och
467 1362 16 20 C
499 1363 36 19 må
550 1369 37 13 var
602 1362 33 20 för
651 1363 31 25 sig
697 1362 99 27 försäljas
811 1362 8 20 i
835 1362 94 26 enlighet

133 1391 50 21 med
206 1392 99 25 gällande
328 1391 93 26 grunder
443 1392 33 20 för
499 1392 132 26 upplåtande
649 1399 27 13 av
691 1392 238 26 egnahemslägenheter

132 1421 48 20 från
189 1421 196 27 kronoegendomar
393 1421 50 21 med
451 1422 150 20 hembudsrätt
609 1422 33 20 för
649 1422 137 20 arrendatorn
795 1422 25 20 D.
830 1422 99 21 Carlsson

132 1451 34 20 till
182 1451 68 21 lotten
265 1451 42 21 litt.
324 1452 18 19 A
358 1451 40 21 och
414 1452 33 19 för
462 1452 27 20 K.
506 1452 25 20 A.
548 1452 54 26 Berg
617 1452 33 20 till
666 1452 68 20 lotten
744 1452 41 20 litt.
798 1452 22 24 C,
832 1452 46 20 dels
889 1452 40 20 ock

132 1481 67 20 lotten
216 1482 40 20 litt.
273 1482 17 19 B
307 1482 36 19 må
358 1481 99 27 försäljas
473 1482 13 19 å
501 1482 97 25 offentlig
614 1482 88 20 auktion
718 1481 68 21 under
801 1482 26 20 de
825 1477 14 36 i
857 1482 72 20 brevet

133 1511 42 20 den
192 1511 27 20 29
236 1512 44 26 maj
300 1511 56 20 1874
371 1511 123 21 fastställda
509 1512 79 20 villkor
598 1512 34 20 till
643 1511 42 21 den
695 1511 173 27 högstbjudande
879 1512 50 20 med

133 1541 148 20 tillträdesrätt
299 1541 42 20 den
359 1541 27 20 14
402 1548 57 13 mars
476 1541 67 25 1928;
561 1542 49 20 med
626 1542 53 20 visst
694 1541 105 21 förbehåll
816 1542 37 20 vid
864 1544 64 18 samt-

134 1571 43 26 liga
192 1571 185 27 försäljningarna.

76 1635 24 16 17
118 1631 38 20 RD
172 1630 115 26 medgiver,
304 1632 31 19 att
351 1632 30 19 ett
396 1631 7 20 i
420 1631 232 26 statsrådsprotokollet
667 1632 131 25 omförmält,
809 1631 33 20 till
854 1631 74 20 krono-

133 1660 132 26 egendomen
282 1659 27 28 !/,
326 1661 82 20 mantal
432 1661 95 25 Råberga
550 1668 25 13 nr
597 1661 12 20 5
626 1661 164 27 Hospitalsgård
806 1662 58 19 inom
881 1661 46 20 Lin-

133 1690 91 26 köpings
246 1690 47 20 stad
315 1690 102 26 hörande,
436 1691 7 19 i
462 1690 148 26 Malmskogen
626 1691 82 26 beläget
723 1691 90 20 utskifte
830 1692 35 19 må
880 1691 48 20 från

132 1720 132 26 egendomen
280 1720 99 27 försäljas
395 1720 49 20 med
460 1720 150 21 hembudsrätt
625 1721 33 19 för
673 1721 25 20 G.
716 1722 24 19 A.
758 1721 125 20 Pettersson.

76 1790 23 16 18
117 1785 38 20 RD
166 1785 115 26 medgiver,
291 1787 31 18 att
333 1785 41 20 de
362 1781 19 36 i
384 1785 93 21 kronans
488 1787 39 24 ägo
538 1786 145 20 kvarvarande
695 1786 86 20 delarna
792 1793 26 13 av
828 1786 100 27 utjorden

133 1815 91 23 Sättran,
229 1815 109 26 nämligen
344 1815 143 20 huvudlotten
493 1816 68 26 jämte
567 1817 83 19 tomten
656 1823 25 13 nr
685 1816 59 24 XIX,
751 1817 6 19 i
764 1816 80 20 Motala
851 1816 77 20 socken

132 1845 36 20 må
174 1845 99 26 försäljas
281 1845 101 26 antingen
394 1845 33 20 till
438 1845 154 21 huvudlottens
603 1846 129 24 arrendator,
742 1846 25 20 D.
778 1846 108 24 Karlsson,
896 1846 33 20 för

132 1881 27 14 en
175 1874 143 27 köpeskilling
325 1881 27 14 av
364 1874 26 20 10
400 1874 42 20 815
453 1875 30 20 kr.
493 1877 31 18 att
532 1875 94 26 erläggas
637 1875 50 21 med
698 1882 26 14 en
736 1875 98 27 sjättedel
843 1875 37 21 vid
888 1876 39 20 till-

133 1904 69 21 trädet
225 1904 42 21 den
288 1905 27 19 14
334 1911 57 13 mars
409 1904 56 20 1929
482 1905 39 20 och
538 1912 26 13 en
580 1905 100 27 sjättedel
695 1905 42 21 den
754 1905 28 21 14
797 1912 57 14 mars
870 1906 58 26 varje

133 1941 26 13 av
175 1934 145 27 nästföljande
336 1935 44 19 fem
397 1935 23 20 år
436 1937 56 18 samt
507 1935 69 20 under
590 1936 57 20 vissa
662 1936 92 26 angivna
769 1936 84 24 villkor,
870 1935 57 25 eller,

133 1964 71 21 därest
227 1964 103 20 Karlsson
354 1964 47 21 icke
420 1964 106 27 begagnar
541 1965 32 26 sig
588 1972 26 14 av
629 1965 143 21 omförmälda
787 1965 141 27 medgivande

133 1996 31 18 att
183 1994 98 20 förvärva
299 1994 101 27 utjorden
416 1995 33 20 för
464 1995 92 26 angivna
572 1995 149 27 köpeskilling,
738 1996 13 19 å
766 1995 97 26 offentlig
878 1995 49 21 auk-

133 2024 45 20 tion
194 2024 33 20 till
244 2024 41 20 den
301 2024 173 27 högstbjudande
490 2025 68 20 under
573 2025 44 20 dei
628 2025 74 21 brevet
717 2025 41 20 den
775 2025 27 21 29
814 2026 44 26 maj
872 2025 56 21 1874

133 2054 101 26 stadgade
250 2054 84 20 villkor.

1636 154 40 21 187

1016 221 41 32 ee
1398 228 54 17 Riks-

963 251 17 26 =
1016 251 18 35 2
1035 254 17 26 -
1112 251 7 34 7;
1232 242 94 43 Olskötte:
1376 251 85 34 dagens
1520 259 117 17 Kamrarnas

988 278 34 36 la
1040 281 18 35 2
1074 276 94 17 MOuoRer
1220 276 40 17 van
1261 276 71 33 enden
1393 284 57 30 skri-
1504 284 146 30 förhandlingar

963 312 17 27 2
1017 309 40 32 Zz
1196 305 47 18 eller
1256 306 98 17 memorial
1395 318 63 17 volser

958 343 17 24 3
1016 339 40 23 lår

963 372 17 11 >
1017 363 35 29 Jag
1190 366 58 21 sir
1345 373 17 18 2
1447 374 17 18 zol
1493 372 67 17 Första
1566 364 22 34 |
1593 372 66 18 Andra

963 387 12 9 Å
1016 381 36 41 23
1077 384 88 16 FEAR
1191 375 11 52 Ez
1232 389 17 30 å
1285 384 17 26 2
1349 389 13 33 Er
1399 384 17 27 7
1447 394 17 24 &|
1490 396 70 18 kamm.
1562 389 26 33 |
1590 397 71 17 kamm.

942 504 55 20 1927]
1022 504 27 20 22
1182 504 25 21 10
1302 505 12 20 3
1402 505 27 21 30
1496 505 38 21 7T:8
1596 505 53 21 6:10

966 637 8 11 >»
1016 629 41 21 1166
1183 630 25 20 10
1287 630 27 20 281
1361 630 68 21 4143)
1454 635 10 16 71
1496 630 67 21 19:46]
1596 631 54 21 20:3

1019 665 34 23 p.5

973 840 7 33 vy
1006 840 7 33 IL
1024 845 27 19 I4
1182 844 26 21 10
1288 844 27 20 30
1388 845 41 20 155
1489 844 32 21 19:
1532 844 41 21 46d]
1596 845 34 20 20:
1633 840 10 35 3

967 1007 8 11 >
1016 1000 41 20 1215
1184 1000 25 20 10
1287 999 27 20 46
1319 995 9 36 |
1362 1000 67 20 4327]
1455 1000 103 20 2127:13
1562 995 27 36 |
1597 1000 69 21 28:16

1020 1034 33 23 p.5

967 1281 8 11 >
1016 1274 41 20 [215
1184 1274 25 20 10
1287 1273 28 20 46
1319 1269 14 36 |
1362 1274 67 21 5327)
1455 1280 9 15 8å
1496 1274 69 21 27:18
1566 1269 14 36 |
1597 1274 69 21 28:16

1020 1309 33 22 p.6

967 1640 8 10 >»
1015 1633 42 20 1215
1184 1632 25 20 10
1287 1632 28 20 461
1362 1632 67 21 5327)
1454 1638 10 15 31
1496 1632 69 21 27:13
1567 1628 18 35 |
1597 1632 69 21 28:16

1020 1667 33 22 p.7

967 1787 90 20 xbhel5
1184 1786 24 21 10
1286 1786 28 21 461
1361 1787 67 20 6327)
1454 1792 10 15 31
1495 1787 69 21 27:18
1567 1782 19 36 |
1596 1787 69 21 28:16

1020 1822 33 22 p-9
