1849 2355
811 148 136 35 SAKREGISTER
1638 150 41 21 135

1020 238 12 10 e
1042 215 18 45 ER
1269 244 12 16 k
1401 226 53 17 Riks-

967 249 16 27 2
1041 252 8 32 RA
1078 274 46 17 Moti
1245 244 27 47 at
1392 256 72 21 dagens
1518 256 118 16 Kamrarnas

1032 275 29 23 Sa
1113 275 12 23 ot
1164 279 8 11 r
1440 285 4 4 s
1516 287 8 3 -
1598 285 4 3 :

967 281 17 41 z
1020 295 41 24 zz
1099 279 64 12 SMOne
1214 279 20 42 le
1308 279 47 42 EA
1396 282 56 30 skri-
1506 281 146 31 förhandlingar

967 327 12 10 a
999 312 18 34 |
1021 316 41 20 32
1398 315 63 18 velser

962 342 17 11 09
988 324 23 35 i]
1020 337 40 13 AE
1659 351 14 2 55

967 357 12 9 >
1021 351 35 16 lev
1193 363 17 12 gl
1495 369 55 17 Första
1567 357 22 41 |
1598 368 41 18 And

1021 367 35 12 188
1193 376 12 11 5
1348 371 17 18 2
1450 371 16 19 2
1523 374 40 12 rsta
1614 374 48 12 ndra

1021 380 12 21 are
1040 381 16 34 2
1082 381 34 17 a
1124 357 2 70 |
1134 381 34 17 SK
1193 386 59 27 Blå
1289 381 17 27 ä
1349 391 16 25 ;
1405 377 9 42 Zz
1450 391 17 24 &]
1492 393 70 17 kamm.
1563 386 26 33 |
1593 393 70 16 kamm,

1 458 1 6 |
93 431 280 36 Avlöningsförhöjningar.
1124 436 2 31 |

1 467 2 13 |
123 466 42 20 Till
189 466 134 20 bestridande
342 473 26 13 av
387 466 114 21 kostnader
517 466 32 20 för
565 466 259 26 avlöningsförhöjningar
839 466 21 20 åt
876 466 56 20 vissa
946 465 58 22 1930]
1019 465 18 21 1:
1049 466 10 20 7
1125 470 1 26 |
1198 465 52 21 BEE
1348 471 24 15 lasa
1392 466 40 20 TA
1443 466 108 20 Frjcesce
1598 465 68 20 2015

137 496 160 20 icke-ordinarie
308 496 210 26 befattningshavare
528 497 59 19 inom
599 496 41 20 den
652 496 62 20 civila
722 496 210 26 statsförvaltningen

138 526 84 20 anvisas
245 526 33 20 för
301 526 125 26 budgetåret
449 525 125 28 1930/1931
599 528 31 18 ett
652 528 60 18 extra
728 526 163 26 förslagsanslag
906 533 26 13 av
1125 528 1 10 |
1327 541 1 3 |
1435 532 2 21 I

138 556 28 20 40
177 556 42 20 000
236 556 31 20 kr.
1178 562 1 3 I

1016 506 18 17 vå

1039 500 10 17 -

1051 500 11 18 -

93 613 310 27 Avlöningsreglementen.

123 645 38 20 RD
177 646 102 24 anhåller,
296 647 31 19 att
342 646 61 19 KM:t
419 646 66 19 måtte
500 645 44 20 låta
559 645 86 21 utfärda
660 645 132 20 föreskrifter
807 646 7 19 i
830 645 55 26 syfte
901 647 31 18 att
946 644 57 23 1926
1071 639 2 16 |
1198 645 12 20 6
1240 640 22 36 £
1289 645 26 20 60
1314 640 23 36 |
1347 645 120 21 24f107/14]
1499 645 67 21 18:81]
1600 645 67 20 18:72

139 674 28 21 40
184 675 13 26 8
213 682 27 14 av
255 675 36 21 det
306 675 33 20 för
354 675 278 20 kommunikationsverken
648 675 98 26 gällande
757 675 174 26 avlöningsregle-
1261 679 2 21 I

138 707 82 18 mentet
235 706 39 19 och
291 705 24 20 31
335 705 13 26 $
365 712 26 13 av
407 705 36 20 det
453 705 33 20 för
496 705 110 20 allmänna
616 705 208 26 civilförvaltningen
834 705 98 26 gällande
1262 704 1 11 |
1327 719 1 9 I

137 735 251 26 avlöningsreglementet
399 735 88 20 komma
495 737 31 18 att
535 735 110 26 tillämpas
653 735 54 20 efter
715 735 110 20 ensartade
833 735 97 25 grunder.
1327 733 1 21 I

149 769 24 18 Se
185 770 35 17 ock
233 770 108 23 Bisysslor
352 770 66 22 (1926).
1328 763 1 14 |

91 822 158 27 Avrustning.

95 859 7 15 1
121 854 39 20 FK
176 854 69 21 avslår
262 855 82 19 motion
360 861 47 19 ang.
424 854 94 23 svenskt,
536 854 117 20 eventuellt
663 854 169 25 skandinaviskt,
844 854 89 20 baltiskt
948 853 56 23 1922
1092 854 27 21 89
1186 853 67 20 121
1304 854 14 20 4
1436 859 2 4 I
1492 854 32 20 12:
1536 853 40 21 59d

137 884 51 20 eller
212 884 91 20 allmänt
325 884 131 26 småstatligt
478 884 93 20 initiativ
590 883 131 21 beträffande
741 884 191 20 militärväsendets

136 914 126 26 avrustning
278 914 36 20 vid
330 914 173 20 internationella
513 913 161 27 förhandlingar
684 921 46 19 ang.
743 914 188 20 militärväsendet.

73 935 1 30 |

73 968 1 33 |
94 984 10 16 2
123 979 37 20 FK
179 980 70 20 avslår
268 980 83 20 motion
368 986 46 19 ang.
432 986 26 14 en
473 979 116 21 fristående
606 980 84 24 svensk,
707 979 115 21 eventuellt
839 979 93 25 nordisk,|
965 975 7 34 >»
1093 979 27 20 90
1187 978 66 21 1211
1306 980 12 20 5
1493 979 32 20 12:
1537 979 41 21 66d

73 1006 2 31 |
138 1009 79 20 baltisk
233 1009 52 21 eller
300 1009 97 21 samfällt
413 1009 119 26 småstatlig
547 1010 131 26 avrustning.

73 1040 2 24 I

123 1069 82 20 Motion
221 1076 35 13 om
273 1069 171 26 krigsväsendets
461 1070 124 25 avrustning
601 1069 75 21 avslås.
948 1068 54 23 1926
1080 1069 41 20 105
1201 1068 12 20 6|
1243 1068 76 21 11128
1492 1069 33 20 36:
1536 1069 42 21 69d|
1594 1068 32 21 39:
1638 1069 40 20 63d

124 1124 54 25 Ang.
203 1123 95 26 Sveriges
314 1123 106 26 regerings
436 1123 144 20 hänvändelse
597 1123 33 20 till
647 1123 120 20 Danmarks
783 1123 95 26 regering
893 1125 39 18 rör.

138 1152 37 21 det
190 1153 82 20 danska
288 1153 245 26 avrustningsförslaget;
545 1159 22 14 se
578 1152 189 27 Interpellationer
779 1152 72 27 (1930:
863 1158 18 19 2,
893 1152 40 28 12).

151 1188 23 17 Se
187 1188 36 17 ock
236 1188 176 19 Försvarsväsen
425 1188 60 21 (1927:
494 1193 14 15 3;
523 1187 51 18 1928:
584 1193 14 14 1;
612 1188 51 17 1929:
679 1194 32 14 4-6;
721 1187 52 18 1930:
782 1194 15 14 s,
806 1188 128 22 Interpella-

162 1212 74 18 tioner
247 1212 59 21 (1928:
316 1212 20 21 1),
350 1212 146 18 Nationernas
509 1212 96 18 förbund
617 1211 59 22 (1924:
685 1218 15 15 2;
715 1212 51 17 1926:
775 1217 15 15 2;
804 1211 52 18 1930:
865 1212 21 21 5).

94 1264 107 25 Avsked;
218 1273 22 14 se
257 1266 208 27 Statsdepartement
480 1266 36 21 och
532 1266 99 21 centrala
646 1266 132 21 ämbetsverk
793 1266 72 26 (1929:
877 1266 26 26 2).

94 1323 261 28 Avskedsersättning;
371 1333 21 13 se
409 1325 81 22 Armén
506 1326 72 26 (1926:
592 1331 32 19 14;
642 1325 63 21 1927:
718 1331 32 19 18;
763 1325 63 21 1928:
837 1330 18 19 2;
869 1325 63 20 1929:

141 1361 33 19 61;
191 1356 63 20 1930:
267 1355 39 28 13),
324 1355 106 21 Marinen
445 1356 73 26 (1926:
532 1361 30 19 10;
581 1355 63 21 1927:
658 1361 31 18 12;
704 1356 62 20 1928:
781 1360 33 18 37;
827 1355 62 21 1929:
900 1360 34 21 31,

141 1391 33 19 32,
193 1385 40 27 35).

94 1443 226 26 Avskedspremier;
351 1452 22 13 se
389 1444 81 22 Armén
487 1445 72 26 (1929:
571 1446 25 23 3),
613 1444 106 21 Marinen
735 1444 72 27 (1926:
819 1445 24 25 5).

93 1503 196 26 Avskrivningar
305 1503 46 21 och
367 1503 148 26 eftergifter.

123 1535 145 26 Avskrivning
287 1542 25 13 av
332 1535 76 20 osäkra
426 1535 119 25 fordringar
563 1534 37 21 vid
619 1535 140 20 riksbankens
781 1534 153 21 huvudkontor
948 1533 55 23 1921
1200 1534 13 20 8
1291 1535 27 19 47
1499 1533 33 21 36:
1543 1539 25 15 55
1569 1528 23 36 |
1599 1534 34 20 43:
1644 1539 25 16 80

138 1567 57 18 samt
218 1565 202 25 avdelningskontor
438 1565 8 20 i
463 1565 80 20 Malmö
567 1565 40 19 och
630 1564 69 27 Visby
722 1564 108 26 medgives
853 1564 34 20 till
903 1566 31 19 ett

138 1594 145 26 sammanlagt
300 1594 76 27 belopp
393 1602 26 13 av
436 1594 80 21 51564
532 1595 30 20 kr.
580 1594 27 20 49
624 1596 41 18 öre.

98 1653 6 15 1
123 1648 107 20 Motioner
245 1655 35 13 om
292 1648 179 21 efterskänkande
482 1655 26 13 av
520 1650 80 18 statens
611 1648 86 20 fordran
708 1655 26 13 av
746 1650 187 24 entreprenörerna
948 1647 56 22 [1922
1093 1648 26 20 311
1146 1648 67 20 45110
1292 1648 26 20 27
1499 1647 32 20 25:
1544 1647 25 20 1d
1569 1643 14 35 |
1600 1647 33 20 27:
1644 1653 23 15 61

138 1678 34 20 för
187 1678 134 26 uppförande
337 1685 26 14 av
373 1678 245 27 jägmästarbostäderna
628 1678 8 20 i
647 1678 91 20 Dorotea
749 1678 39 20 och
800 1678 133 20 Vilhelmina

138 1708 76 20 avslås.

95 1767 9 14 2
123 1762 81 20 Motion
220 1768 36 14 om
273 1761 98 21 befrielse
387 1762 33 19 för
435 1762 15 19 f.
462 1761 20 20 d.
495 1762 45 20 vice
551 1761 93 21 konsuln
659 1762 24 19 E.
696 1761 102 21 Albrecht
808 1761 47 20 från
867 1761 65 20 betal-
934 1757 14 34 |
962 1757 13 34 >»
1108 1761 12 20 9
1201 1760 52 20 GIT
1291 1762 27 19 A
1492 1760 32 20 28:
1536 1760 40 20 13d|
1600 1761 32 20 31:
1644 1766 9 14 6

137 1792 140 25 ningsansvar
293 1792 28 25 på
336 1791 69 26 grund
421 1798 26 13 av
464 1791 78 26 borgen
558 1791 32 20 för
606 1793 30 18 ett
650 1791 35 20 lån
696 1791 48 20 från
756 1791 176 20 torvlånefonden

137 1821 76 20 avslås.

96 1880 9 14 3
123 1875 38 19 RD
180 1874 108 26 medgiver
307 1876 32 19 att
357 1875 131 26 postiljonen
510 1874 53 20 Karl
582 1874 89 20 Mauritz
689 1875 91 20 Jonsson
801 1875 35 19 må
855 1874 78 20 befrias
933 1870 10 36 |
971 1882 9 10 >

138 1905 47 19 från
201 1905 80 20 honom
298 1904 111 26 åliggande
426 1904 123 27 skyldighet
564 1906 32 18 att
611 1904 34 20 till
660 1904 122 26 postverket
798 1904 108 25 återgälda
922 1905 12 19 å
1222 1918 2 14 |

138 1934 92 21 Jonsson
248 1934 118 26 belöpande
382 1934 63 21 andel
462 1941 26 13 av
504 1934 26 20 de
546 1934 147 20 skadestånds-
713 1934 39 20 och
772 1934 161 25 ersättningsbe-

138 1964 50 26 lopp
204 1971 35 13 om
256 1964 92 26 tillhopa
365 1964 64 20 1612
446 1964 30 20 kr.
495 1964 26 20 87
538 1966 42 22 öre,
597 1971 46 13 som
659 1964 91 21 Jonsson
762 1964 38 20 och
812 1964 123 26 postverket
1128 1976 1 17 |

137 2001 76 19 genom
234 1994 136 20 Stockholms
391 1994 133 20 rådhusrätts
542 1994 70 26 utslag
630 1994 41 20 den
691 1994 12 20 2
720 2000 48 14 nov.
786 1993 57 21 1920
863 1993 71 21 dömts
1128 1995 1 16 |
1223 2012 1 3 I

73 2038 1 14 I
137 2026 32 18 att
184 2026 134 24 gemensamt
334 2024 79 26 utgiva,
430 2026 56 18 samt
502 2026 31 18 att
549 2024 36 20 det
601 2024 84 27 belopp,
702 2024 47 20 från
765 2030 47 14 vars
828 2023 106 27 gäldande
1128 2029 1 10 |
1437 2031 1 9 I

73 2069 1 9 I
137 2054 92 20 Jonsson
240 2054 90 20 sålunda
342 2054 84 24 befrias,
438 2055 36 19 må
485 2061 25 13 ur
521 2054 132 26 postverkets
664 2054 143 26 räkenskaper
818 2054 115 20 avskrivas.
1128 2073 1 4 I
1181 2062 2 16 I

1028 1875 11 19 a

1043 1874 12 20 a

1201 1874 12 20 ee”

1243 1874 10 19 -—

1291 1874 27 20 48
1393 1874 40 20 143
1498 1874 69 19 28:16
1580 1896 1 6 |
1600 1873 53 21 31:6
