1843 2355
1629 75 37 20 181

83 254 219 27 Byggnadsstyrelsen.

82 290 100 26 tjänster,
197 290 107 26 nämligen
322 290 6 19 1
346 289 154 27 byråingenjör
514 289 5 20 i
534 290 27 19 Ce
571 290 26 19 27
611 289 39 20 och
665 289 12 20 5
691 289 192 20 kontorsbiträden
898 289 6 20 i
919 290 28 20 Ca
957 290 19 23 8,

81 320 128 26 godkänner
224 320 160 25 avlöningsstat
399 321 58 18 samt
472 319 88 20 anvisar
576 319 32 20 till
624 319 127 26 avlöningar
768 319 58 20 1581
838 319 41 20 000
895 319 31 20 kr.
944 320 32 25 (f).

110 351 19 19 2.
147 350 42 20 RD
203 349 87 20 anvisar
305 349 30 20 till
349 349 155 20 omkostnader
520 349 37 19 149
569 349 39 20 100
621 349 31 19 kr.
667 348 32 26 (f).

110 380 26 20 Se
161 379 40 20 ock
226 379 167 26 Avskrivningar
417 378 70 25 (1950:
500 378 26 26 8),
554 378 174 26 Fastighetsfond,
755 378 81 20 Statens
862 378 115 24 allmänna,

81 409 236 26 Planeringskostnader
330 408 69 25 (1949:
412 409 26 24 8).

84 462 291 21 BYGGNADSTEKNISKA
388 457 378 29 BRANDSKYDDSÅTGÄRDER;

110 499 22 13 se
144 492 78 20 Armén
235 492 69 25 (1949:
318 493 25 24 7).

84 539 107 37 BYGGNA
199 539 198 37 DSTILLSTÅND;
407 552 21 13 se
439 545 245 27 Byggnadsverksamhet,
696 545 70 21 Enkla
774 545 70 26 frågor
853 546 70 25 (1948:
936 546 39 26 15),

113 576 180 26 Interpellationer
302 576 70 25 (1948:
384 578 31 20 55,
428 578 30 20 70,
471 576 59 19 1950:
543 578 30 20 23,
586 576 40 24 57),
640 575 159 26 Vägbyggnader
809 575 70 26 (1948:
892 577 30 21 14,
935 576 40 25 22).

83 630 110 19 BYGGNA
198 624 242 35 DSUTREDNINGEN,
455 629 101 24 CIVILA;
570 635 22 13 se
609 628 179 26 Interpellationer
802 628 70 25 (1944:
886 629 38 25 19).

83 677 348 20 BYGGNADSVERKSAMHET.

110 713 43 19 RD
167 714 91 24 antager
272 712 79 26 förslag
365 712 33 20 till
413 712 33 26 lag
461 718 35 13 om
511 712 78 19 förbud
605 713 46 18 mot
665 711 128 26 bebyggelse
808 711 32 20 till
855 711 75 21 hinder
944 712 33 20 för

82 742 113 20 försvaret.

111 784 42 19 RD
165 785 90 24 antager
266 783 79 26 förslag
357 783 32 20 till
401 783 34 25 lag
446 788 48 20 ang.
506 783 91 19 fortsatt
607 782 100 26 giltighet
717 789 28 13 av
757 782 61 26 lagen
830 783 41 19 den
882 783 26 19 24
920 789 57 14 mars

84 813 53 20 1942
149 814 34 25 (nr
196 813 48 25 128)
257 819 35 13 om
304 813 79 19 förbud
396 814 46 18 mot
455 812 128 26 bebyggelse
595 812 32 20 till
640 812 76 20 hinder
727 812 33 20 för
771 812 114 20 försvaret.

111 855 42 19 RD
165 856 90 24 antager
266 854 80 26 förslag
358 854 31 19 till
400 854 35 25 lag
445 859 49 20 ang.
506 854 90 19 fortsatt
607 853 100 26 giltighet
717 860 28 13 av
757 853 61 26 lagen
830 854 41 19 den
882 854 27 19 24
920 860 57 13 mars

85 884 52 20 1942
149 884 34 23 (nr
197 884 47 25 128)
257 889 36 15 om
305 884 78 20 förbud
396 885 47 18 mot
455 883 128 26 bebyggelse
595 883 32 20 till
640 883 76 20 hinder
727 883 33 20 för
771 883 114 20 försvaret.

111 926 42 20 RD
165 927 91 24 antager
266 925 80 26 förslag
357 925 32 20 till
400 925 35 26 lag
445 930 49 21 ang.
506 925 91 20 fortsatt
607 925 100 26 giltighet
717 931 28 14 av
756 925 62 26 lagen
830 925 41 20 den
882 925 27 20 24
920 931 57 14 mars

84 956 53 20 1942
149 955 34 26 (nr
197 955 47 25 128)
256 961 35 14 om
303 955 79 20 förbud
394 957 47 18 mot
453 955 128 26 bebyggelse
593 954 32 20 till
637 955 76 19 hinder
724 955 33 19 för
768 955 114 20 försvaret.

112 998 18 19 1.
147 997 42 20 RD
204 999 91 24 antager
308 997 80 26 förslag
401 997 33 19 till
448 996 34 26 lag
496 1002 49 20 ang.
560 996 90 20 fortsatt
663 996 100 26 giltighet
777 1002 28 14 av
819 996 62 26 lagen
895 997 41 19 den
951 997 26 20 24

83 1033 58 14 mars
156 1027 53 20 1942
223 1027 35 26 (nr
273 1027 47 25 128)
335 1032 35 14 om
384 1026 79 20 förbud
477 1028 47 18 mot
538 1026 128 26 bebyggelse
680 1026 32 20 till
727 1026 76 20 hinder
816 1026 33 20 för
862 1026 114 21 försvaret.

111 1057 19 20 2.
148 1057 42 20 RD
205 1058 90 24 antager
309 1056 79 26 förslag
401 1056 33 20 till
449 1056 34 26 lag
497 1061 48 21 ang.
560 1056 91 20 fortsatt
664 1056 100 26 giltighet
777 1062 28 14 av
819 1056 61 26 lagen
895 1056 41 20 den
951 1056 26 21 30

82 1086 46 26 juni
143 1086 53 20 1943
208 1086 35 26 (nr
255 1086 49 25 444)
317 1092 35 14 om
364 1086 180 26 tillståndstvång
556 1086 33 19 för
601 1085 195 27 byggnadsarbete.

111 1128 43 20 RD
166 1129 91 25 antager
269 1128 78 25 förslag
360 1128 32 19 till
404 1128 34 25 lag
450 1133 49 20 ang.
512 1127 90 20 fortsatt
613 1127 100 26 giltighet
724 1133 28 14 av
764 1127 62 26 lagen
839 1127 40 20 den
892 1128 26 20 30
929 1128 47 25 juni

85 1158 52 19 1943
151 1157 34 27 (nr
198 1158 49 25 444)
261 1163 35 14 om
310 1157 180 26 tillståndstvång
502 1157 34 20 för
549 1157 195 26 byggnadsarbete.

112 1199 41 20 RD
165 1201 91 24 antager
267 1199 34 26 lag
312 1204 49 21 ang.
373 1198 92 26 ändring
476 1198 6 20 i
494 1198 61 26 lagen
568 1198 41 20 den
620 1198 27 20 30
658 1198 46 26 juni
718 1198 52 20 1943
782 1198 34 26 (nr
827 1198 49 26 444)
888 1205 35 13 om
936 1199 41 20 till-

83 1229 146 26 ståndstvång
245 1229 33 19 för
294 1228 189 27 byggnadsarbete
499 1230 58 18 samt
571 1228 91 20 fortsatt
676 1228 101 26 giltighet
792 1234 28 14 av
836 1234 83 14 samma
935 1228 40 27 lag.

111 1270 42 20 RD
167 1272 91 24 antager
270 1270 34 26 lag
317 1275 49 21 ang.
380 1270 83 19 ändrad
477 1269 80 26 lydelse
570 1275 28 14 av
611 1270 12 19 2
636 1269 40 20 och
691 1269 24 20 15
728 1270 20 24 $$
762 1269 61 26 lagen
837 1270 41 19 den
891 1270 26 20 30
929 1270 47 26 juni

85 1300 52 20 1943
151 1300 34 26 (nr
197 1300 50 25 444)
261 1306 35 13 om
309 1299 180 26 tillståndstvång
502 1299 33 20 för
548 1299 194 26 byggnadsarbete.

112 1341 42 20 RD
168 1343 91 24 antager
272 1341 35 26 lag
320 1346 49 21 ang.
384 1341 90 20 fortsatt
487 1340 100 27 giltighet
601 1346 28 14 av
643 1340 61 26 lagen
719 1340 41 20 den
774 1340 27 21 30
813 1340 48 27 juni
876 1341 53 20 1943
943 1341 34 26 (nr

82 1371 50 25 444)
145 1377 35 14 om
193 1371 180 26 tillståndstvång
385 1371 33 19 för
430 1370 194 26 byggnadsarbete.

112 1413 42 20 RD
168 1414 91 24 antager
273 1412 34 26 lag
321 1417 48 21 ang.
384 1412 91 20 fortsatt
488 1412 100 26 giltighet
601 1418 28 14 av
643 1412 61 26 lagen
719 1412 41 20 den
774 1412 27 20 30
814 1412 47 25 juni
876 1412 53 20 1943
943 1413 34 25 (nr

83 1442 49 25 444)
145 1448 35 14 om
193 1442 180 26 tillståndstvång
384 1442 34 20 för
431 1442 194 26 byggnadsarbete.

112 1472 26 20 Se
161 1472 40 20 ock
225 1472 203 20 Arbetsmarknaden
449 1471 79 26 (1945),
550 1471 222 26 Bostadsproduktion,
795 1471 181 26 Byggnadsväsen,

84 1501 166 27 Expropriation
263 1501 79 26 (1945),
359 1501 178 26 Interpellationer
549 1501 69 26 (1946:
631 1503 31 21 61,
677 1501 58 20 1948:
748 1503 31 21 54,
794 1503 30 21 55,
840 1503 30 22 66,
886 1503 30 21 70,
932 1504 44 21 101,

87 1534 43 21 111,
146 1531 59 20 1949:
218 1533 31 21 67,
268 1533 43 21 106,
329 1531 53 25 129).

84 1584 395 21 BYGGNADSVERKSAMHETENS
499 1584 167 25 REGLERING,
686 1584 91 20 LAGEN
797 1584 50 25 OM;
867 1591 22 13 se
912 1585 65 20 Inter-

111 1614 121 27 pellationer
246 1614 70 26 (1947:
329 1615 39 24 72).

84 1659 109 42 BYGGNA
198 1659 129 42 DSVÄSEN.

114 1704 17 19 1.
147 1703 40 20 Till
197 1703 193 26 ändringsarbeten
400 1703 5 20 i
415 1703 131 26 fastigheten
557 1709 24 14 nr
590 1703 10 20 4
611 1703 6 19 i
626 1703 112 20 kvarteret
747 1703 80 26 Kungl.
837 1703 139 26 Trädgården

84 1733 5 20 i
103 1733 126 20 Stockholm
242 1733 87 20 anvisas
344 1733 37 20 135
391 1733 40 20 000
444 1733 31 19 kr.
489 1733 34 25 (r).

112 1793 19 19 2.
147 1792 41 20 Till
200 1792 145 26 restaurering
356 1798 28 14 av
397 1792 78 20 Gustaf
489 1792 52 19 III:s
553 1792 111 26 paviljong
673 1792 12 20 å
695 1792 62 26 Haga
767 1792 87 20 anvisas
862 1792 12 20 å
884 1792 94 26 tilläggs-

84 1824 45 18 stat
144 1822 20 20 II
178 1822 26 20 85
214 1822 41 19 000
267 1822 32 19 kr.
314 1822 54 25 (rB).

111 1852 20 19 3.
147 1851 41 20 Till
199 1851 246 26 restaureringsarbeten
457 1852 12 19 å
481 1851 137 20 Stockholms
629 1851 52 20 slott
692 1851 86 20 anvisas
789 1851 11 20 å
812 1851 132 26 tilläggsstat
957 1852 19 19 II

83 1881 27 20 50
119 1881 41 20 000
174 1881 31 20 kr.
220 1881 54 25 (rB).

112 1911 18 19 4.
148 1911 40 19 Till
205 1910 112 20 underhåll
332 1917 27 13 av
375 1910 56 20 vissa
448 1910 114 20 historiska
578 1911 125 25 byggnader
717 1917 28 13 m.
756 1917 28 13 m.
800 1910 87 20 anvisas
901 1911 27 20 60
936 1911 41 20 000

84 1941 31 19 kr:
132 1941 34 25 (9).

113 1982 41 20 RD
166 1982 118 26 medgiver,
296 1983 35 19 att
342 1982 25 19 de
379 1982 31 19 till
422 1988 45 13 om-
478 1982 39 20 och
529 1982 135 26 tillbyggnad
676 1988 27 14 av
715 1982 114 26 posthuset
840 1982 6 20 i
858 1982 67 20 Umeå
937 1982 40 20 och

84 2012 32 19 till
134 2012 133 26 nybyggnad
285 2012 33 19 för
333 2011 153 27 länsstyrelsen
503 2011 5 20 i
524 2008 165 30 Östergötlands
705 2012 35 20 län
756 2012 103 20 anvisade
875 2012 102 26 anslagen

84 2042 42 22 må,
145 2043 54 18 utan
216 2041 76 20 hinder
308 2048 28 13 av
352 2043 35 18 att
403 2041 57 26 läget
476 2042 12 19 å
504 2042 209 19 arbetsmarknaden
730 2042 33 19 för
779 2042 136 20 närvarande
931 2041 46 20 icke

84 2071 119 20 motiverar
222 2071 115 20 arbetenas
357 2071 123 23 utförande,
500 2072 62 25 tagas
582 2071 6 20 i
607 2071 94 26 anspråk
721 2071 33 20 för
773 2072 89 19 därmed
881 2072 96 20 avsedda

84 2101 109 20 ändamål.

1132 161 90 29 Motioner
1280 165 79 16 Utskott
1403 177 52 17 Skriv.
1522 165 100 16 Protokoll.

996 185 25 20 År
1018 181 20 32 |
1045 189 54 20 Prop.
1245 202 35 1 2
1422 182 30 35 FR
1469 201 35 2 FR

1126 219 32 16 FK
1165 215 19 29 |
1189 219 35 16 AK
1245 219 86 16 |SmllAvd]
1354 219 27 16 Nr
1500 219 32 16 FK
1599 219 35 16 AK

997 349 28 20 501
1055 349 39 20 1:8]
1138 361 27 3 —I
1203 361 27 3 —I
1265 351 61 18 6)—1]
1377 350 13 19 6
1442 350 106 19 6113:86
1552 345 22 34 |
1583 349 66 20 13:52

1046 383 21 19 pt
1077 381 25 18 60
1345 387 14 11 s.
1367 381 24 17 46

997 711 27 20 421
1066 712 27 20 361
1138 724 26 2 —I
1202 724 28 2 —I
1265 712 12 19 91
1312 713 13 19 2
1377 712 12 20 91
1428 712 84 20 74112:
1526 714 36 17 163|
1581 712 31 20 13:
1625 714 23 18 97

998 782 26 20 431
1053 783 40 20 266
1101 778 27 35 |
1138 795 26 2 —|
1202 795 28 2 —IJI
1265 783 12 20 91
1312 784 13 19 21
1363 783 91 20 421309]
1479 784 33 19 23:
1526 785 36 17 1221
1580 783 33 20 23:
1627 785 37 18 123

997 853 28 20 441
1054 854 36 20 121]
1138 866 26 2 —|
1203 866 27 2 —I|I
1265 854 12 19 91
1313 855 12 19 21
1363 854 92 20 211460]
1480 854 32 20 11:
1526 856 36 17 114]
1582 854 31 20 12:
1624 856 25 17 20

998 925 26 20 451
1054 925 39 20 186
1102 921 26 34 |
1138 925 91 20 —15071
1265 925 12 20 91
1313 926 12 19 2/1
1363 926 27 19 421
1414 925 40 20 2761
1479 926 69 19 21:53
1552 921 23 34 |
1580 925 69 20 21:59

998 996 26 20 461
1055 997 38 20 150
1102 992 26 34 I
1138 1009 27 2 —I
1202 1009 27 2 —I
1265 997 12 19 91
1313 998 12 18 2/1
1366 997 23 20 191
1417 997 37 19 1241
1482 997 66 19 14:63
1548 992 27 34 |
1582 997 31 20 14:
1624 999 24 17 87

1008 1062 7 13 »
1027 1052 22 34 1
1052 1056 41 20 2601
1137 1068 28 2 —I
1203 1068 27 2 —IJ
1265 1056 12 20 91
1313 1057 12 19 21
1368 1057 21 19 341
1414 1056 40 20 3831
1479 1056 33 20 24:
1523 1059 23 16 21
1552 1052 22 34 |
1580 1056 33 20 25:
1624 1058 25 18 34

997 1127 27 20 471
1067 1128 26 20 63]
1138 1140 27 2 —I|I
1202 1139 28 3 —J]
1265 1128 12 19 91
1313 1129 12 18 21
1366 1128 24 19 101
1428 1128 26 19 671
1471 1123 41 34 11:
1524 1123 50 34 49d]
1582 1123 31 34 11:
1625 1129 24 18 74

997 1198 27 20 481
1066 1199 24 19 91
1124 1199 105 20 127814331
1264 1199 13 19 91
1312 1199 13 20 21
1366 1199 88 20 181127]
1481 1199 65 20 15:41
1573 1199 89 20 |15:104d

997 1270 27 19 481
1052 1270 40 20 309
1104 1266 26 33 |
1137 1282 28 2 —I
1202 1282 27 2 —I
1264 1270 12 19 91
1312 1271 13 18 21
1363 1270 171 20 571462136:9
1579 1270 69 20 136:15

1000 1299 20 20 H

997 1340 27 20 491
1066 1341 27 20 621
1124 1341 40 20 247
1168 1336 18 35 |
1189 1341 40 20 313]
1264 1341 61 20 91-21
1365 1341 24 20 151
1416 1341 36 20 171
1472 1341 89 20 113:105d]
1581 1341 67 20 14:53

998 1412 26 20 501
1066 1413 26 19 66
1098 1408 22 34 |
1124 1412 37 20 371
1166 1408 18 34 1
1189 1412 40 20 450]
1264 1412 13 20 91
1312 1413 12 19 3/1
1365 1412 24 20 171
1414 1412 40 20 267
1472 1412 190 21 118:134d/18:160d

1123 1442 41 20 372
1178 1442 58 20 454;

997 1703 24 20 411
1068 1704 8 19 1
1137 1715 28 3 —I
1202 1715 28 3 —I
1264 1704 61 19 61—]
1365 1704 24 20 121
1430 1704 24 20 151
1493 1704 41 20 7:6
1594 1704 54 20 TAR

1048 1733 28 20 K:
1087 1735 11 17 3

1046 1766 21 19 pt
1077 1764 24 18 36

1008 1798 9 13 Kn
1138 1804 26 2 —|
1202 1804 28 2 —]|
1265 1793 60 19 61—]
1363 1792 26 20 241
1428 1792 105 21 59111:5
1547 1788 27 35 |
1581 1793 67 19 11:24

1044 1829 15 12 s.
1071 1824 36 17 108]
1351 1830 15 11 (SR
1443 1824 8 17 RI

1008 1858 8 13 »
1066 1852 13 19 2
1137 1863 27 2 —|
1202 1864 28 2 —]
1264 1852 61 19 61)—]1
1363 1851 26 20 241
1427 1852 105 19 59111:5
1547 1847 26 34 |
1580 1852 67 19 11:24

1043 1888 15 12 s.
1070 1883 37 18 109]
1350 1884 36 17 sil
1415 1888 15 12 ].8.
1443 1884 8 17 1

1008 1917 8 13 »
1033 1907 14 34 |
1054 1911 39 20 1:61]
1138 1923 21 2 —I|
1202 1923 27 2 —1I
1264 1911 60 20 61—
1377 1912 12 19 6
1441 1911 106 20 6117::54
1553 1907 23 34 |
1581 1911 65 20 17:,91

1045 1944 22 20 pt
1076 1943 24 17 36
1344 1943 112 17 s.321s.10

998 1982 24 20 411
1052 1983 41 19 332
1102 1978 26 34 |
1138 1994 27 2 —|
1203 1995 27 2 —I
1265 1983 60 19 61-|
1349 1982 40 21 2371
1413 1982 40 21 497
1478 1982 33 21 149:
1524 1985 23 17 12
1555 1978 17 34 |
1579 1983 33 20 50:
1623 1985 10 17 7

1000 2012 21 20 H
