1839 2361
768 151 223 17 SAKREGISTER

1642 150 42 21 843

94 441 286 26 Kommunalförfattningar.

135 472 83 19 ändrad
232 471 81 26 lydelse
325 477 28 14 av
366 471 12 20 6
392 472 9 24 $
414 472 61 26 lagen
489 472 41 19 den
544 472 26 20 20
582 472 48 26 juni
643 472 53 20 1924
709 472 35 26 (nr
755 472 50 26 349)
818 479 35 13 om
866 473 71 20 lands-

135 501 53 26 ting;
206 501 39 20 och
263 501 98 20 anhåller
377 501 43 20 RD
437 507 35 14 om
489 502 119 26 skyndsam
625 502 117 26 utredning
757 508 29 14 av
802 502 39 20 och
858 502 80 27 förslag

136 531 5 19 i
157 531 76 26 frågan
250 537 34 14 om
302 531 114 20 införande
432 531 6 20 i
454 531 164 27 kommunallag
633 538 28 14 av
676 532 110 20 allmänna
802 532 136 20 valbarhets-

136 561 164 19 bestämmelser
315 562 40 18 rör.
372 561 141 20 kommunala
529 561 199 26 uppdragshavare.

96 621 10 17 6
122 619 42 20 RD
184 620 72 19 avslår
274 620 109 20 motioner
401 626 35 14 om
456 620 117 27 utredning
591 622 41 18 rör.
652 620 41 21 den
712 621 140 20 kommunala
872 621 65 26 själv-

136 650 105 25 styrelsen
256 649 7 20 i
278 650 47 19 hela
341 650 48 20 dess
404 650 60 20 vidd.

97 711 9 17 7
122 709 43 20 RD
179 710 91 25 antager
284 709 80 26 förslag
378 709 33 20 till
425 709 35 26 lag
474 715 34 14 om
523 709 128 21 kommunal
665 710 159 26 fondbildning,
839 710 35 26 lag
887 716 48 21 ang.

136 739 142 26 användning
297 738 6 20 i
323 739 57 20 vissa
400 739 37 20 fall
457 745 28 14 av
504 739 105 20 kommun
629 740 51 19 eller
699 746 72 14 annan
791 740 146 27 samfällighet

135 768 96 26 tillhörig
247 769 113 25 egendom,
377 768 35 27 lag
427 774 49 21 ang.
493 769 93 27 ändring
601 769 7 20 i
623 769 58 20 vissa
698 770 59 20 delar
772 776 28 13 av
816 770 62 26 lagen
895 770 41 20 den

136 798 12 19 6
163 796 47 27 juni
228 798 53 20 1930
296 798 35 26 (nr
346 798 49 26 251)
411 804 35 14 om
462 799 220 26 kommunalstyrelse
697 799 27 26 på
740 799 81 24 landet,
838 800 34 26 lag
887 805 49 21 ang.

136 827 92 26 ändring
240 828 6 19 i
259 828 57 19 vissa
329 828 60 20 delar
400 834 29 14 av
441 828 62 26 lagen
516 829 41 19 den
569 828 13 20 6
593 828 48 26 juni
655 829 53 20 1930
720 829 35 25 (nr
767 829 49 25 252)
829 835 34 14 om
876 829 61 20 kom-

136 857 167 26 munalstyrelse
321 857 6 20 i
345 858 57 22 stad,
421 858 35 26 lag
474 863 48 21 ang.
541 858 93 26 ändring
652 858 6 20 i
676 858 57 20 vissa
752 859 60 20 delar
829 865 28 14 av
875 859 61 26 lagen

137 887 40 19 den
194 887 12 19 6
221 887 47 26 juni
285 887 53 20 1930
354 887 35 26 (nr
403 887 49 26 259)
468 893 35 14 om
519 888 235 26 församlingsstyrelse,
770 888 35 27 lag
819 894 49 21 ang.
884 889 53 20 änd-

136 916 47 26 ring
197 916 6 20 i
217 917 58 19 vissa
290 917 59 20 delar
362 923 28 14 av
404 917 61 26 lagen
480 917 41 20 den
536 918 26 19 20
575 917 48 27 juni
638 918 52 20 1924
705 918 35 26 (nr
753 918 49 26 349)
816 925 35 13 om
866 918 71 21 lands-

136 946 54 26 ting,
207 946 35 26 lag
257 952 49 21 ang.
322 947 92 26 ändring
430 947 5 19 i
452 947 56 20 vissa
525 947 60 20 delar
600 954 28 13 av
643 948 62 26 lagen
722 948 41 20 den
780 948 25 20 15
820 948 48 26 juni
884 948 53 20 1935

136 976 35 25 (nr
185 976 50 25 337)
250 982 35 14 om
301 976 220 27 kommunalstyrelse
536 977 6 19 i
557 977 126 20 Stockholm
699 979 58 18 samt
771 978 35 26 lag
820 983 49 21 ang.
884 978 54 20 änd-

136 1005 47 27 ring
196 1006 6 19 i
216 1006 57 20 vissa
288 1006 60 20 delar
360 1012 29 14 av
402 1006 62 26 lagen
478 1007 41 19 den
533 1007 12 19 6
559 1007 47 25 juni
622 1007 52 20 1930
688 1007 35 26 (nr
736 1007 49 26 260)
799 1014 35 14 om
848 1008 90 20 försam-

136 1035 146 27 lingsstyrelse
298 1036 6 19 i
319 1036 134 20 Stockholm.

98 1127 7 17 1
122 1124 43 20 RD
180 1126 92 25 antager
286 1125 33 19 för
333 1125 33 20 sin
381 1126 34 19 del
430 1125 34 26 lag
479 1131 48 21 ang.
543 1126 84 20 ändrad
642 1126 81 26 lydelse
737 1132 28 14 av
780 1127 26 19 79
821 1127 40 19 och
876 1127 26 20 88
917 1128 20 24 $$

136 1154 62 26 lagen
212 1155 42 19 den
268 1155 12 19 6
293 1155 48 25 juni
356 1155 52 20 1930
422 1155 35 26 (nr
469 1155 50 26 251)
532 1161 35 14 om
581 1156 220 26 kommunalstyrelse
814 1157 28 25 på
855 1156 81 24 landet,

136 1184 35 26 lag
185 1190 48 20 ang.
249 1184 84 20 ändrad
348 1184 81 26 lydelse
443 1191 28 13 av
486 1185 25 20 74
526 1186 9 24 $
550 1185 62 27 lagen
627 1185 41 21 den
682 1186 13 19 6
708 1186 49 26 juni
772 1186 53 20 1930
839 1186 35 26 (nr
888 1186 49 26 252)

136 1220 35 13 om
189 1214 220 26 kommunalstyrelse
426 1215 6 19 i
449 1215 56 23 stad,
523 1215 35 26 lag
575 1221 48 21 ang.
641 1216 84 20 ändrad
742 1216 81 26 lydelse
840 1222 28 14 av
884 1216 27 20 66
927 1217 10 24 $

136 1244 62 26 lagen
213 1244 41 19 den
269 1244 13 19 6
295 1244 48 25 juni
359 1244 53 20 1930
426 1244 35 26 (nr
475 1244 49 26 259)
539 1251 35 14 om
588 1245 236 26 församlingsstyrelse,
839 1246 35 25 lag
887 1251 49 21 ang.

135 1273 84 20 ändrad
232 1273 80 26 lydelse
324 1280 28 14 av
364 1274 27 20 54
402 1275 9 24 $
423 1274 62 26 lagen
497 1274 41 20 den
550 1274 27 20 20
587 1274 48 27 juni
648 1275 53 20 1924
712 1275 35 26 (nr
757 1275 50 26 349)
819 1281 35 14 om
866 1276 72 20 lands-

137 1303 52 26 ting,
207 1303 35 26 lag
258 1308 49 21 ang.
325 1304 85 20 ändrad
427 1304 81 26 lydelse
525 1310 28 14 av
569 1304 27 20 63
612 1305 10 24 $
639 1304 61 27 lagen
718 1305 41 19 den
778 1305 25 20 15
819 1305 47 26 juni
884 1305 53 21 1935

135 1333 35 25 (nr
181 1333 50 25 337)
243 1339 35 13 om
290 1333 220 26 kommunalstyrelse
522 1333 6 20 i
540 1334 126 20 Stockholm
678 1336 58 18 samt
747 1334 35 27 lag
793 1340 48 21 ang.
853 1335 84 20 ändrad

135 1362 82 26 lydelse
231 1368 28 14 av
274 1362 26 21 69
315 1363 9 25 $
339 1363 62 26 lagen
416 1363 41 20 den
472 1363 13 20 6
499 1363 47 26 juni
562 1363 53 20 1930
629 1363 35 27 (nr
678 1364 49 26 260)
742 1370 35 14 om
792 1364 146 27 församlings-

135 1392 91 26 styrelse
242 1392 5 20 i
264 1392 126 20 Stockholm
407 1393 154 26 (ändringarna
577 1399 52 15 avse
643 1394 170 20 kommunernas
828 1394 40 20 fria
884 1401 54 20 upp-

136 1422 147 26 låningsrätt).

96 1483 10 17 2
122 1481 43 20 RD
180 1482 92 25 antager
287 1481 32 20 för
334 1481 32 20 sin
382 1482 34 20 del
430 1482 35 26 lag
479 1488 49 20 ang.
544 1483 83 20 ändrad
642 1483 81 26 lydelse
737 1489 29 14 av
782 1483 24 20 17
822 1483 40 20 och
876 1483 26 20 37
917 1484 21 25 $$

136 1511 62 26 lagen
214 1511 40 20 den
270 1511 12 20 6
295 1511 48 26 juni
360 1511 52 21 1930
426 1512 35 25 (nr
475 1512 49 25 251)
538 1518 35 14 om
588 1512 219 27 kommunalstyrelse
821 1513 27 26 på
863 1513 75 21 landet

136 1542 59 19 samt
209 1541 35 26 lag
258 1546 49 21 ang.
322 1541 84 20 ändrad
421 1541 81 26 lydelse
516 1548 28 14 av
561 1542 24 20 14
600 1542 40 20 och
654 1542 28 20 34
696 1543 20 25 $$
730 1543 62 26 lagen
808 1543 41 20 den
864 1543 12 19 6
889 1543 48 26 juni

138 1570 53 20 1930
206 1570 35 26 (nr
255 1571 50 25 259)
320 1577 35 13 om
371 1571 228 27 församlingsstyrelse
614 1572 69 26 (tiden
699 1572 33 20 för
746 1572 70 27 tredje
831 1573 107 20 ordinarie

136 1600 138 20 kommunal-
289 1601 39 19 och
343 1601 182 26 kyrkostämma).

97 1662 10 17 3
123 1660 42 20 RD
182 1660 124 20 hemställer
320 1666 35 14 om
371 1660 161 21 verkställande
547 1667 27 14 av
589 1661 117 26 utredning
721 1662 39 19 och
775 1662 163 26 framläggande

137 1689 33 20 för
187 1689 42 20 RD
246 1696 29 13 av
292 1690 26 20 de
334 1690 87 26 förslag,
438 1691 74 19 vartill
528 1691 144 26 utredningen
689 1691 35 20 må
741 1692 119 23 föranleda,
877 1692 60 20 såväl

137 1724 49 21 ang.
206 1720 67 19 sådan
293 1720 170 26 komplettering
481 1726 29 14 av
528 1720 229 27 kommunallagarnas
775 1721 163 21 bestämmelser

137 1755 35 14 om
190 1749 92 20 revision
300 1751 35 18 att
351 1750 112 26 pågående
479 1750 141 20 kommunala
637 1751 133 20 strävanden
787 1751 33 20 till
836 1757 26 14 en
878 1757 60 15 mera

137 1778 92 20 effektiv
248 1779 128 20 kommunal
393 1779 93 20 revision
504 1780 143 23 underlättas,
665 1786 46 14 som
729 1781 39 19 ock
786 1786 48 21 ang.
853 1787 26 14 en
896 1781 43 20 för-

137 1808 90 20 bättrad
252 1809 148 25 organisation
422 1815 28 14 av
473 1809 40 20 den
536 1809 46 20 inre
603 1810 141 20 kommunala
767 1810 172 21 medelsförvalt-

137 1838 86 26 ningen.

98 1929 9 17 1
123 1927 43 20 RD
180 1927 97 20 anhåller
290 1933 35 14 om
340 1928 116 26 utredning
470 1928 39 20 och
523 1928 80 27 förslag
616 1928 33 20 till
662 1929 164 20 bestämmelser
838 1935 28 14 av
879 1929 60 21 inne-

137 1956 51 24 håll,
204 1958 35 19 att
255 1957 5 19 i
276 1957 57 23 stad,
350 1963 46 14 som
412 1959 64 25 utgör
491 1963 52 21 egen
559 1958 274 25 förstakammarvalkrets,
850 1959 37 20 vid
902 1959 36 20 val

137 1992 28 14 av
178 1987 199 26 stadsfullmäktige
390 1987 69 21 tillika
473 1987 59 21 skola
546 1989 59 19 utses
617 1988 141 27 suppleanter
769 1989 34 20 för
814 1989 62 20 dessa
888 1989 50 20 med

138 2016 87 27 uppgift
238 2018 35 19 att
286 2016 37 21 vid
337 2017 72 20 förfall
423 2017 33 20 för
470 2018 186 27 stadsfullmäktig
670 2018 85 27 deltaga
770 2018 6 20 i
790 2018 36 21 val
839 2025 28 14 av
881 2019 58 20 leda-

138 2047 70 19 möter
223 2046 32 20 till
272 2047 67 19 första
355 2047 135 20 kammaren.

964 307 26 21 År

1016 254 55 18 Kungl.

1019 284 53 18 Maj:ts

1018 317 51 15 propir

1026 344 36 14 eller

1018 373 54 15 skriv:r|

1083 276 92 16 Motioner

1230 228 97 17 Utskotts-

1218 258 118 19 utlåtanden,

1202 288 94 16 memorial
1310 287 44 17 eller

1213 318 132 17 betänkanden

1400 228 54 16 Riks-

1392 258 70 21 dagens

1404 288 45 16 skri-

1396 317 59 17 velser

1523 246 116 17 Kamrarnas

1511 276 141 21 förhandlingar

1537 305 87 21 (prot.nr)

1086 383 34 17 FK

1136 384 36 16 AK

1275 383 91 17 Nummer

1193 365 17 57 Saml.

1235 377 16 44 Avd.

1382 384 91 16 Nummer

1495 371 66 18 Första

1494 395 70 17 kamm.

1598 372 64 17 Andra

1595 396 70 17 kamm.

952 472 56 21 1936

955 621 53 20 1936

955 711 53 20 1936

956 1127 53 20 1937

955 1484 54 20 1937!

956 1662 53 20 1937

956 1929 53 21 1938

1027 1128 39 20 169

1031 1484 27 20 89

1088 621 39 20 174

1086 711 41 20 342

1086 741 40 20 343

1087 1485 41 19 212

1087 1514 41 20 213

1101 1930 27 19 62

1140 621 40 21 505

1140 711 40 20 699/

1140 741 41 20 718]

1141 1484 41 20 426

1141 1514 40 21 427

1141 1544 41 21 428

1143 1663 38 20 196

1141 1693 41 20 380]

1143 1930 36 20 121

1211 1485 12 19 An

1253 1485 12 20 No

1319 1485 25 20 SE

1409 711 37 20 321

1409 1128 40 20 233

1410 1485 40 20 265

1411 1664 39 19 266

1423 1931 28 20 83

1484 622 34 21 28:
1530 624 8 17 1

1484 711 34 21 39:
1526 707 37 34 1d

1485 1129 33 20 28:
1529 1130 25 18 32
1564 1128 13 20 d

1486 1485 33 20 29:
1530 1487 11 17 4

1486 1664 33 20 29:
1530 1666 23 17 31

1488 1931 67 20 16:14
1565 1931 13 20 d

1584 711 34 20 40:
1629 714 24 17 87

1586 1128 33 20 27:
1630 1130 24 17 66

1586 1485 33 20 29:
1631 1488 24 16 36

1586 1664 34 20 29:
1631 1666 24 17 62
1666 1664 13 20 d

1589 1931 31 20 16:
1632 1933 22 17 11
1666 1931 13 20 dj
