1863 2363
168 155 42 21 434
859 156 223 18 SAKREGISTER

188 449 195 27 Fiskerinäringen.

177 481 23 18 13
214 479 41 20 Till
269 480 133 20 underhålls-
415 480 40 20 och
469 480 171 20 driftkostnader
653 480 33 20 för
699 480 181 26 undersöknings-
892 480 41 20 och
946 479 80 21 bevak-

229 509 137 27 ningsfartyg
382 510 34 20 för
433 510 132 20 havsfiskets
583 510 71 20 behov
672 510 87 20 anvisas
776 511 33 19 ett
827 511 62 19 extra
906 509 75 27 anslag
998 515 28 14 av

228 538 27 22 87
263 539 42 21 000
318 540 33 20 kr.
367 539 35 27 (r).

176 601 24 17 14
214 599 82 27 Avslag
309 600 13 20 å
335 599 85 21 motion
434 605 35 15 om
483 600 75 26 anslag
570 600 34 20 till
618 599 137 21 Stockholms
768 600 47 20 läns
829 599 199 27 hushållningssäll-

228 629 54 27 skap
296 629 34 21 för
343 629 136 27 uppförande
492 636 29 14 av
534 631 81 19 tvenne
627 630 156 26 fiskarestugor
796 629 7 20 i
815 631 60 25 yttre
888 629 138 27 skärgården.

175 690 24 18 15
213 688 83 28 Avslag
306 689 13 20 å
330 689 84 21 motion
425 695 36 15 om
472 689 79 21 förbud
561 691 48 19 mot
619 690 157 20 användandet
786 689 34 21 för
830 689 55 21 fiské
895 695 29 15 av
934 689 93 27 redskap

228 725 29 15 av
271 719 178 21 metalltrådsnät
463 720 41 20 och
518 721 35 19 att
566 720 55 20 fiske
636 720 27 26 på
678 720 45 20 isen
738 719 50 21 med
802 719 47 21 s.k.
865 719 107 27 angeldon
987 719 40 21 och

228 749 121 21 fiskesaxar
362 750 51 20 eller
427 750 121 20 ståndkrok
562 750 118 26 förbjudes.

176 810 23 19 16
214 809 82 27 Avslag
307 810 13 20 å
332 810 84 20 motion
428 815 49 21 ang.
490 810 132 26 förbättring
633 816 28 14 av
673 810 96 26 skyddet
780 810 34 20 för
824 809 49 27 jakt
885 809 41 21 och
937 809 62 21 fiske.

176 871 23 18 17
214 869 43 21 RD
268 869 89 21 anvisar
366 870 34 20 för
410 870 123 20 beredande
544 876 28 14 av
583 870 119 20 understöd
712 870 24 20 åt
747 870 79 20 fiskare
836 871 34 19 ett
880 871 62 18 extra
953 869 75 27 anslag

228 905 28 15 av
265 899 41 21 750
314 899 41 21 000
364 900 32 20 kr.
406 900 34 26 (r);
450 900 40 20 och
499 900 87 20 anvisar
595 900 42 20 RD
646 900 34 20 för
688 900 101 26 åtgärder
797 900 33 20 till
838 899 189 27 fiskerinäringens

228 929 123 27 främjande
368 931 58 19 samt
442 930 123 20 beredande
581 936 28 14 av
626 930 122 26 ersättning
764 930 24 20 åt
804 930 80 20 fiskare
900 929 34 20 för
949 929 79 20 förlust

228 965 28 15 av
270 959 50 21 eller
333 960 69 20 skada
415 961 13 19 å
441 960 136 26 fiskredskap
591 961 32 19 ett
637 961 62 19 extra
712 960 75 26 anslag
800 965 28 15 av
841 959 41 21 250
891 958 41 21 000
945 959 32 20 kr.
992 959 34 26 (r).

175 1021 24 17 18
214 1018 43 21 RD
266 1019 89 21 anvisar
363 1019 33 21 för
405 1020 101 26 åtgärder
514 1019 33 21 till
556 1019 176 27 organiserandet
741 1025 28 14 av
778 1019 249 26 strömmingsfiskarena

228 1050 34 19 ett
276 1050 63 19 extra
355 1050 75 26 anslag
445 1055 28 14 av
488 1049 27 20 25
524 1049 40 20 000
579 1049 32 20 kr.
628 1049 35 26 (r);
680 1049 40 20 och
735 1051 91 24 antager
841 1049 43 19 RD
900 1048 80 27 förslag
994 1049 34 19 till

228 1078 127 27 förordning
370 1085 35 14 om
420 1079 45 20 viss
479 1079 105 26 reglering
598 1084 29 15 av
642 1079 94 20 handeln
751 1079 51 20 med
816 1078 60 20 färsk
891 1078 136 27 strömming.

176 1140 23 17 19
213 1138 56 27 Ang.
280 1144 27 14 en
317 1138 86 27 statligt
413 1138 84 21 ordnad
507 1138 226 27 redskapsförsäkring
743 1138 33 20 för
786 1138 241 26 fiskarebefolkningen;

228 1173 22 15 se
269 1168 181 27 Interpellationer
466 1168 70 27 (1934:
550 1168 39 27 14).

175 1229 24 18 20
213 1227 56 27 Ang.
283 1228 75 26 anslag
371 1228 34 21 för
417 1228 123 27 främjande
553 1234 28 14 av
594 1228 245 26 organisationsarbetet
852 1228 28 26 på
893 1227 77 21 fiskets
983 1233 45 15 om-

227 1257 59 25 råde;
301 1264 23 14 se
338 1258 107 20 Jordbruk
459 1258 70 26 (1934:
542 1258 40 26 13).

189 1349 10 17 1
215 1346 42 21 RD
274 1347 118 27 medgiver,
409 1349 35 19 att
460 1348 66 20 fisket
541 1348 38 20 vid
596 1347 26 21 de
638 1347 33 20 till
687 1347 120 20 lotsverket
823 1347 104 26 anslagna
943 1347 85 20 holmar

228 1377 41 20 och
288 1377 51 21 skär
357 1378 59 20 inom
435 1378 69 20 andra
522 1378 89 20 kustlän
630 1379 28 18 än
678 1377 120 26 Göteborgs
817 1377 41 20 och
876 1376 76 21 Bohus
970 1378 58 19 samt

228 1406 108 21 Hallands
348 1407 36 20 län
397 1408 101 26 upplåtes
509 1407 34 20 till
555 1407 92 20 allmänt
659 1407 142 27 begagnande
812 1407 8 20 i
832 1407 42 20 den
887 1406 139 27 omfattning,

228 1442 47 15 som
292 1437 9 19 1
319 1437 9 25 $
344 1437 62 27 lagen
422 1437 41 20 den
479 1437 26 20 27
520 1437 47 26 juni
584 1437 53 20 1896
652 1443 36 14 om
703 1438 46 19 rätt
763 1437 33 20 till
811 1436 55 20 fiske
882 1436 145 24 omförmäler;

229 1466 40 21 och
281 1466 144 27 bemyndigar
437 1467 43 20 RD
493 1467 64 20 KM:t
569 1468 35 19 att
616 1467 6 20 i
634 1467 108 20 avseende
754 1467 12 20 å
780 1463 42 29 Öja
834 1472 26 14 nr
871 1466 20 24 2,
904 1467 34 19 ett
950 1467 78 19 ström-

228 1496 133 27 mingsfiske,
376 1497 7 20 i
396 1497 56 20 Torö
467 1497 79 20 socken
560 1503 28 14 av
603 1496 137 21 Stockholms
754 1496 42 24 län,
810 1496 69 20 träffa
893 1496 26 20 de
933 1496 95 20 bestäm-

227 1526 78 21 melser
317 1526 7 20 i
336 1527 62 26 fråga
411 1533 36 14 om
460 1527 96 20 nämnda
568 1527 66 20 fiskes
647 1526 148 27 begagnande,
809 1532 47 14 som
868 1525 75 21 kunna
956 1526 72 20 finnas

228 1556 109 27 lämpliga.

188 1617 10 17 2
214 1615 43 21 RD
271 1616 72 20 avslår
356 1616 108 21 motioner
477 1622 36 15 om
526 1616 58 21 vissa
597 1616 102 27 åtgärder
711 1616 34 20 till
758 1616 156 21 förhindrande
927 1621 29 15 av
968 1616 60 26 tjuv-

227 1645 62 21 fiske.

188 1706 11 19 3
214 1704 43 22 RD
271 1706 72 20 avslår
355 1706 85 21 motion
453 1712 36 15 om
502 1706 79 21 förbud
594 1708 47 18 mot
654 1706 82 26 import
749 1712 28 14 av
790 1706 101 20 hummer
903 1705 69 21 under
984 1705 45 20 viss

227 1735 34 21 tid
274 1741 28 15 av
315 1736 54 20 året.

189 1796 11 17 4
214 1794 43 21 RD
274 1796 88 20 anvisar
378 1796 34 20 till
428 1796 151 26 befrämjande
595 1796 7 20 i
618 1796 121 20 allmänhet
755 1801 28 15 av
800 1795 179 26 fiskerinäringen
996 1796 33 19 ett

228 1825 75 27 anslag
314 1831 28 15 av
354 1826 26 20 67
389 1825 41 21 000
441 1826 32 20 kr.
486 1826 27 26 (r)
525 1827 58 19 samt
593 1826 34 19 till
637 1825 123 27 främjande
771 1831 28 14 av
810 1825 119 26 beredning
939 1824 41 21 och
991 1830 38 15 av-

228 1855 99 26 sättning
339 1861 29 14 av
381 1856 42 19 fisk
436 1862 29 13 m.
475 1862 29 14 m.
518 1857 34 19 ett
564 1856 75 25 anslag
652 1861 28 15 av
694 1855 40 20 500
743 1855 41 20 000
796 1855 32 20 kr.
843 1855 35 26 (r).

189 1915 10 18 5
214 1913 43 21 RD
278 1915 127 26 godkänner
425 1915 160 26 avlöningsstat
605 1915 33 20 för
658 1914 213 21 fiskeriintendenter
880 1909 40 36 m.
925 1909 41 36 m.;
988 1913 40 21 och

229 1944 88 21 anvisar
332 1944 43 21 RD
391 1945 34 20 till
440 1945 213 20 fiskeriintendenter
669 1951 29 13 m.
708 1950 36 14 m.:
761 1944 128 26 avlöningar
904 1945 34 19 ett
953 1943 76 27 anslag

229 1979 28 15 av
269 1974 27 20 80
305 1974 41 20 900
357 1974 33 20 kr.
404 1974 33 27 (f).

189 2034 11 18 6
214 2033 42 20 Till
270 2033 214 22 fiskeriintendenter
498 2040 29 14 m.
536 2040 37 15 m.:
590 2034 156 20 omkostnader
760 2034 87 20 anvisas
862 2034 34 20 ett
910 2033 75 26 anslag
999 2038 29 15 av

229 2063 26 20 35
264 2063 42 21 400
317 2063 33 21 kr.
363 2064 34 26 (f).

1310 231 108 31 Utskotts-
1490 235 54 17 Riks-

1106 257 56 37 Kungl;
1215 283 4 4 Å
1309 261 118 33 utlåtanden,
1469 261 83 33 dagens
1611 253 117 35 SERA

1109 291 53 18 Maj:ts]
1173 283 93 17 Motioner]
1292 296 96 17 memorial
1400 295 44 17 eller
1493 279 40 37 Skol
1601 283 141 22 förhandlingar

1053 314 27 21 År
1108 323 51 16 Ipropir
1303 325 133 17 betänkanden
1441 318 26 34 |
1486 325 60 17 velser
1627 313 87 22 (prot:nr)

1106 347 46 27 eller
1296 373 4 4 -

1116 381 22 14 kriv
1287 375 7 30 ET
1586 380 66 16 Första
1658 376 24 30 |
1689 380 64 16 Andra

1108 385 54 10 SENT
1176 391 34 16 EK
1227 391 36 17 JAK
1284 386 16 44 å
1325 385 17 44 z
1365 391 91 17 Nummer|
1472 391 92 17 Nummer
1591 385 57 35 EE
1687 387 43 37 kära

1044 480 53 20 1934]
1116 480 38 20 176
1158 476 22 35 |
1183 493 28 2 —|
1236 481 118 20 —1]101—]
1375 482 26 20 58
1500 481 129 21 187:-:1125:
1616 477 38 35 3-7
1657 477 51 35 1267
1719 484 25 17 72

1044 599 54 21 1934]
1121 611 29 3 —
1149 595 31 35 |
1183 600 84 21 —|471]
1288 600 24 20 101
1326 612 29 4 —)|
1375 601 27 19 69
1510 612 28 3 —
1576 601 33 20 128:
1620 603 24 17 62
1655 600 54 21 d30:
1720 602 24 18 87
1755 600 13 21 d

1045 689 53 20 1934]
1121 700 29 4 —
1152 685 27 35 |
1183 689 88 21 —|4821
1288 690 25 20 10]
1326 701 29 4 —
1375 690 27 21 82
1510 702 28 2 —
1576 690 33 20 134:
1620 691 25 19 64
1676 689 33 21 136:
1720 691 24 19 66

1044 809 55 20 1934]
1121 820 29 3 —
1152 805 27 34 |
1183 821 28 3 —
1210 805 17 34 |
1230 809 39 21 4811
1288 809 25 20 10]
1327 822 28 2 —|
1375 810 27 20 83
1510 821 28 3 —
1576 809 33 21 134:
1620 811 25 18 65
1677 808 32 22 136:
1721 810 24 19 66

1044 868 55 21 1934]
1115 868 41 20 262
1155 864 19 35 |
1178 869 38 20 174]
1230 869 41 20 3241
1288 868 25 21 10|
1327 881 28 2 —|
1376 869 26 20 90
1500 869 41 21 342
1576 869 33 20 138:
1622 871 36 17 135
1676 869 33 20 |41:
1721 871 24 17 23
1756 869 13 20 d

1176 899 41 20 362
1230 899 41 20 472

1231 928 40 21 639

1045 1018 54 21 1934]
1115 1017 37 20 261
1157 1013 23 34 |
1183 1030 29 3 —
1211 1013 13 34 I
1238 1030 28 3 —1
1288 1018 25 20 101
1328 1030 27 2 —]
1376 1018 24 20 91
1500 1018 41 20 343
1576 1017 82 21 138:185
1660 1013 22 35 |
1690 1017 34 21 41:
1735 1019 22 18 31

1045 1346 54 20 1935]
1122 1345 27 20 36
1160 1341 22 34 |
1183 1357 29 4 —|
1238 1358 28 2 —1
1288 1345 25 20 10
1327 1358 28 2 —]
1377 1345 25 20 18
1513 1345 27 20 47
1577 1344 67 20 N0:20
1678 1344 67 20 13:35

1045 1615 54 21 1935]
1122 1626 29 2 —
1154 1610 23 35 I
1192 1614 80 21 601133]
1288 1614 26 20 10|
1328 1626 28 3 —|
1377 1614 26 20 20
1522 1626 17 2 —
1578 1613 68 20 [10:20
1679 1613 67 20 (13:35
1757 1614 13 20 d

1046 1704 53 21 1935]
1122 1715 29 3 —
1153 1700 27 35 |
1185 1716 27 2 —
1232 1704 40 20 1390]
1301 1704 12 20 71
1328 1715 28 3 —]
1379 1704 22 19 14
1511 1715 28 2 —
1579 1702 31 20 14:
1621 1704 24 18 25
1656 1702 54 21 d/17:
1721 1705 24 17 45
1757 1703 13 20 dj

1046 1794 53 20 19351
1117 1792 18 20 1:
1147 1794 10 18 9
1160 1788 18 35 |
1179 1793 39 20 113]
1232 1793 40 20 243]
1289 1793 25 20 10]
1328 1805 28 2 —I
1376 1793 27 19 40
1484 1792 26 20 93
1579 1792 65 19 14:57
1678 1792 67 20 18:87
1757 1791 12 21 d

1107 1823 57 21 pt133]

1046 1912 53 21 1935]
1117 1912 40 20 1:9]
1184 1924 28 2 —]|
1238 1911 116 20 —110]—'
1393 1912 6 19 1
1418 1914 45 17 s.10
1529 1911 12 19 9
1579 1910 68 20 14:64
1680 1910 31 20 117:
1723 1913 23 17 78

1112 1943 22 20 pt
1147 1942 10 16 9

1673 1978 1 34 |

1045 2031 54 21 1935]
1117 2031 39 21 1:
1143 2026 41 35 9]
1185 2043 27 2 —|
1238 2030 118 20 —]10]—1'
1393 2031 8 19 1
1417 2033 45 17 s.11
1529 2030 13 20 9
1579 2029 67 21 14:64
1679 2029 31 21 117:
1722 2031 24 18 78

1106 2062 22 20 pt
1143 2062 21 16 10|
