1842 2356
807 164 135 16 SAKREGISTER

1632 160 42 21 213

87 440 167 28 Avsöndringar
270 448 26 14 m.
314 448 26 14 m.

101 471 62 20 Inom
180 470 106 28 Blekinge
301 471 46 21 län:

73 506 24 15 32
116 501 81 20 Motion
209 508 46 19 ang.
267 501 127 27 försäljning
405 501 33 21 till
449 501 375 27 metodist-episkopalförsamlingen
835 503 7 19 i
853 503 70 20 Karls-

130 531 67 20 krona
213 538 26 14 av
255 531 43 21 viss
314 531 81 21 kronan
412 532 95 25 tillhörig
522 532 61 20 mark
599 532 75 20 avslås.

73 595 24 15 33
115 591 38 20 RD
169 590 108 26 medgiver
292 591 127 27 försäljning
435 598 25 13 av
476 593 31 19 ett
522 591 7 20 i
545 591 233 27 statsrådsprotokollet
788 593 91 25 angivet,
891 592 33 20 till

130 620 141 21 Rosenholms
295 621 130 26 övningsfält
448 621 94 20 hörande
565 621 94 24 område,
678 622 7 19 i
701 622 56 20 areal
773 622 151 20 innehållande

130 650 100 26 omkring
246 650 77 22 0.7058
341 651 81 20 hektar.

101 710 62 20 Inom
182 709 106 22 Gotlands
303 710 44 20 län:

74 744 24 16 34
116 740 37 20 RD
177 740 109 26 medgiver
304 740 127 27 försäljning
447 747 26 13 av
489 742 78 18 tvenne
583 740 63 21 lotter
661 741 47 20 från
724 741 200 26 kronoegendomen

131 768 27 29 5/g
175 770 82 20 mantal
273 770 122 26 Tjängvede
411 777 25 13 nr
453 770 11 20 1
481 771 7 19 i
505 770 116 26 Kräklinge
637 771 84 20 socken.

100 829 62 20 Inom
179 828 168 21 Kristianstads
363 829 44 20 län:

72 863 24 16 35
114 859 38 20 RD
176 859 115 26 medgiver,
316 861 32 18 att
370 859 127 26 lägenheten
520 860 151 26 Spångkrogen
695 866 25 14 nr
738 859 17 25 1,
773 860 65 20 sådan
855 860 70 20 denna

130 888 68 21 finnes
209 891 108 24 upptagen
329 890 12 19 å
350 895 26 14 en
384 889 7 20 i
400 889 232 27 statsrådsprotokollet
640 889 136 25 omförmäld,
786 897 26 13 av
821 890 103 21 distrikts-

129 918 143 21 lantmätaren
288 919 19 20 J.
325 919 118 20 Grenholm
459 919 23 20 år
499 919 56 20 1922
572 919 115 27 upprättad
703 920 61 20 karta
779 919 50 21 med
845 920 36 20 vid
895 921 29 19 rå-

130 948 193 27 gångsutstakning
346 949 23 20 år
394 948 56 21 1928
474 949 108 26 företagen
606 949 113 27 jämkning
742 956 26 14 av
787 949 138 26 lägenhetens

130 978 94 25 område,
247 980 57 19 samt
327 978 41 21 den
392 985 16 14 s.
425 979 20 19 k.
471 979 157 26 Spångmaden,
648 981 97 18 närmare
764 980 90 25 angiven
870 980 13 20 å
898 986 26 14 en

130 1008 81 26 jämväl
228 1008 6 20 i
251 1008 233 26 statsrådsprotokollet
499 1009 82 25 berörd,
598 1016 26 13 av
640 1009 28 20 H.
686 1009 22 20 C.
720 1009 79 21 Klerck
810 1009 115 26 upprättad

130 1038 68 24 karta,
223 1039 35 19 må
280 1038 98 27 försäljas
394 1038 32 21 till
443 1038 176 21 källarmästaren
635 1039 22 21 P.
674 1040 24 19 A.
715 1039 93 20 Jönsson
824 1040 7 19 i
847 1040 77 26 Ljung-

131 1068 71 26 byhed
217 1069 33 19 för
266 1075 25 13 en
309 1068 143 26 köpeskilling
468 1075 26 13 av
510 1068 12 20 9
532 1068 42 21 000
591 1069 31 20 kr.

66 1126 32 22 36
116 1128 37 19 RD
177 1128 110 26 medgiver
301 1128 128 27 försäljning
445 1135 26 13 av
487 1128 199 26 kronoegendomen
703 1127 28 28 1/,
747 1129 81 20 mantal
845 1129 80 26 Röinge

131 1164 25 13 nr
172 1157 12 20 6
201 1157 7 20 i
225 1158 67 26 Stoby
308 1158 85 20 socken.

73 1215 24 16 37
116 1211 37 20 RD
178 1211 115 26 medgiver,
310 1213 32 19 att
357 1211 47 20 från
421 1211 200 26 kronoegendomen
638 1211 36 28 7/,;
691 1212 82 20 mantal
790 1212 94 20 Gladsax
900 1219 26 13 nr

132 1241 27 20 28
175 1241 7 20 i
199 1241 94 20 Gladsax
309 1241 78 20 socken
404 1242 36 19 må
455 1241 33 20 till
505 1242 22 21 P.
544 1241 88 21 Persson
648 1242 99 26 försäljas
763 1242 26 20 de
805 1242 49 20 med
870 1249 26 13 nr
912 1243 13 19 4

131 1271 39 20 och
187 1271 12 20 5
216 1271 131 20 betecknade
362 1271 138 26 ägolotterna,
516 1271 133 21 omfattande
666 1272 12 20 å
693 1278 26 14 en
733 1272 7 20 i
754 1272 171 26 statsrådsproto-

131 1300 68 20 kollet
221 1301 76 20 berörd
320 1301 61 20 karta
404 1301 121 26 ägofiguren
544 1308 25 13 nr
586 1301 33 24 38,
637 1304 46 17 mot
698 1308 26 13 en
740 1301 144 27 köpeskilling
899 1308 27 14 av

132 1330 42 20 500
191 1330 31 20 kr.

101 1384 62 19 Inom
180 1382 125 22 Malmöhus
321 1383 45 21 län:

73 1418 25 16 38
116 1413 38 20 RD
170 1413 116 26 medgiver,
303 1415 31 18 att
349 1413 42 21 den
407 1414 225 26 kronoegendomarna
647 1415 93 25 Revinge
756 1421 25 13 nr
798 1415 27 19 22
841 1415 40 20 och
898 1415 27 20 23

131 1443 8 20 i
154 1443 94 26 Revinge
271 1443 78 20 socken
368 1443 129 21 tillhörande
513 1444 126 26 lägenheten
656 1444 39 20 litt.
714 1445 18 19 V
748 1445 12 19 å
776 1444 149 25 Kalvmossen,

131 1473 7 20 i
160 1473 56 20 areal
240 1473 152 20 innehållande
412 1473 61 21 2.274
493 1474 81 24 hektar,
591 1475 36 19 må
642 1474 26 20 fr.
685 1481 18 13 o.
721 1481 28 13 m.
767 1474 41 20 den
825 1474 28 20 14
869 1481 57 14 mars

132 1503 56 20 1929
206 1503 123 27 överflyttas
344 1503 48 20 från
409 1503 195 27 domänstyrelsens
621 1504 32 20 till
670 1504 159 21 lantförsvarets
840 1505 85 20 förvalt-

131 1533 52 26 ning
198 1533 40 20 och
254 1535 80 18 statens
350 1533 114 21 domäners
480 1533 52 21 fond
548 1533 76 21 därvid
640 1534 124 20 nedskrivas
779 1534 49 20 med
839 1534 43 20 450
894 1535 30 20 kr.

73 1591 25 16 39
116 1587 37 19 RD
177 1586 114 27 medgiver,
316 1589 32 18 att
369 1589 31 19 ett
421 1588 7 19 i
447 1587 234 26 statsrådsprotokollet
696 1588 130 24 omförmält,
844 1588 81 20 kronan

131 1616 104 26 tillhörigt
258 1617 87 20 område
368 1624 35 13 om
427 1617 92 27 tillhopa
538 1617 92 21 0.25917
649 1617 76 20 hektar
740 1617 50 21 med
806 1618 51 20 därå
872 1625 52 19 upp-

130 1646 61 20 förda
215 1647 122 26 byggnader
356 1648 36 19 må
410 1647 98 26 försäljas
523 1647 34 20 till
573 1648 25 19 A.
615 1647 107 25 Månsson,
740 1647 95 26 Sälshög,
852 1648 73 20 Tome-

131 1676 52 25 lilla,
207 1677 33 19 för
263 1683 26 13 en
313 1676 145 27 köpeskilling
476 1684 26 13 av
519 1677 27 19 35
557 1677 41 20 600
615 1677 31 20 kr.
663 1677 40 20 och
720 1678 27 25 på
763 1677 56 20 vissa
834 1678 92 25 angivna

131 1706 84 20 villkor.

73 1764 26 15 40
115 1760 38 19 RD
177 1759 115 25 medgiver,
317 1761 32 18 att
372 1761 30 19 ett
425 1760 7 19 i
456 1759 232 27 statsrådsprotokollet
704 1760 124 21 omförmält
844 1761 81 20 kronan

131 1789 106 26 tillhörigt
259 1789 88 20 område
371 1789 36 20 vid
431 1789 65 20 Arlöv
520 1788 35 21 må
573 1790 99 26 försäljas
688 1790 34 20 till
738 1790 91 20 svenska
845 1790 80 20 socker-

130 1819 226 26 fabriksaktiebolaget
371 1819 33 20 för
420 1826 26 13 en
462 1819 143 27 köpeskilling
621 1826 26 14 av
664 1819 11 20 6
686 1819 42 21 000
744 1820 31 20 kr.

73 1883 23 16 41
116 1878 87 26 Förslag
226 1885 35 13 om
285 1879 128 26 försäljning
435 1879 48 19 från
509 1878 199 26 kronoegendomen
732 1879 118 27 Hjortshög
869 1886 25 13 nr
912 1880 13 19 4

131 1908 39 20 och
188 1908 11 20 7
216 1915 35 13 om
269 1907 49 29 1!/,
335 1908 82 21 mantal
433 1909 7 19 i
456 1908 85 27 Kropps
557 1909 77 20 socken
651 1915 26 14 av
688 1910 30 19 ett
733 1909 7 20 i
756 1909 169 26 statsrådsproto-

131 1938 67 20 kollet
214 1938 85 26 angivet
316 1938 88 21 utskifte
420 1945 36 13 om
473 1938 70 20 21444
562 1938 75 21 hektar
653 1938 75 21 avslås.

74 2002 25 16 42
117 1998 38 20 RD
178 1998 116 26 medgiver,
317 2000 31 19 att
371 2005 26 13 av
421 1997 200 27 kronoegendomen
641 1999 12 19 4
652 1996 39 29 3/,
711 1999 82 20 mantal
809 1998 116 21 Lövestads

131 2027 123 27 kungsgård
269 2035 26 13 nr
310 2028 28 20 46
354 2029 7 19 i
378 2028 115 20 Lövestads
508 2028 78 20 socken
602 2029 36 19 må
653 2028 98 27 försäljas
768 2029 56 20 vissa
834 2029 92 26 angivna

131 2057 129 26 lägenheter.

956 257 22 145 IRSTEPsSAIA

1072 281 95 18 Motioner

1230 252 94 17 Utskotts-

1218 282 112 17 utlåtanden

1194 311 47 18 eller
1253 311 99 18 memorial

1397 234 52 17 Riks-

1386 264 73 22 dagens

1402 294 45 17 skri-

1393 323 63 18 velser

1515 264 119 17 Kamrarnas

1501 294 145 22 förhandlingar

1014 304 17 105 T98[9ALYS
1014 245 18 47 199

1033 375 17 53 "doid
1034 303 21 64 s):fem
1034 227 21 71 Tun

1343 379 17 45 BpIs

1396 390 17 26 IN

1444 379 17 45 BvpIg

1480 374 77 29 Första
1571 368 2 31 |
1591 378 65 17 Andra

1487 402 70 17 kamm.
1571 408 2 27 |
1587 402 71 17 kamm.

940 503 55 21 1929

963 1221 8 10 »

1012 593 40 20 TT

1285 1588 26 21 18

1284 1761 26 20 27

1284 1880 27 20 36

1285 1958 40 62 oa!

1383 593 40 21 193

1383 861 41 21 220

1343 1129 81 21 12/283

1344 1213 81 21 13|283

1397 1415 28 20 43

1374 1748 51 33 1205

1374 1784 1 21 I

1430 1834 1 3 SR

1430 1848 1 23 |

1345 1880 87 21 10154/

1430 1920 2 21 I

1430 1946 2 19 |

1345 2005 24 15 14
1379 1993 47 27 20

1375 2068 6 19 I
1431 2062 1 24 I

1483 504 31 20 11:
1527 504 39 21 11d|
1592 504 68 21 13:48

1482 593 33 21 21:
1527 599 38 15 108|
1583 593 34 21 28:
1629 599 39 15 110

1482 743 32 20 21:
1527 748 38 15 104]
1583 743 33 20 28:
1628 748 39 15 128

1483 862 32 20 21:
1528 867 37 16 104;
1583 861 33 21 28:
1628 867 38 15 124

1490 1130 54 21 29:5
1571 1130 93 22 136:111

1491 1210 32 34 29:
1535 1220 9 15 5
1572 1197 45 37 136:
1629 1218 37 16 111

1505 1416 55 21 8:47
1562 1412 22 34 |
1591 1416 54 21 9:42

1492 1589 32 21 13:
1535 1594 24 17 55
1564 1585 18 34 |
1586 1589 32 21 16:
1630 1594 38 16 108

1484 1762 33 20 21:
1530 1767 38 15 103]
1585 1762 33 20 28:
1632 1767 37 15 110

1484 1881 33 20 21:
1530 1886 37 16 104/
1586 1881 33 20 28:
1631 1886 38 15 123

1492 2001 54 20 29:5
1586 2000 81 21 |36:111
