1852 2359
1633 82 42 21 653

94 260 161 26 Kroppsskada,
273 260 88 26 ådragen
380 259 65 21 under
460 260 225 27 militärtjänstgöring.

122 296 20 20 3.
159 296 42 19 RD
215 296 116 25 medgiver,
345 297 35 19 att
392 296 33 20 till
439 296 25 20 E.
478 296 24 20 L.
517 296 67 20 Ceder
596 296 35 20 må
644 296 48 20 från
705 296 99 26 anslaget
816 296 34 20 till
863 296 76 26 bidrag
951 296 33 19 till

94 325 121 26 ersättning
226 325 7 20 i
242 326 42 19 anl.
294 332 28 13 av
330 326 158 26 kroppsskada,
499 326 94 26 ådragen
602 326 69 20 under
679 326 234 26 militärtjänstgöring,
923 326 62 19 utbe-

94 355 56 20 talas
165 355 121 27 ersättning
300 355 67 26 enligt
381 355 123 27 grunderna
515 355 7 20 i
533 356 27 19 de
570 361 29 14 av
609 355 288 26 riksförsäkringsanstalten
910 355 6 20 i
929 355 57 20 utlå-

94 385 67 20 tande
175 385 41 19 den
230 385 12 20 5
255 391 50 14 nov.
321 385 52 20 1946
387 385 95 26 angivna
494 385 193 26 författningarna.

121 414 21 20 4.
159 414 42 20 RD
213 414 117 26 medgiver,
342 416 35 18 att
387 415 33 20 till
431 415 28 20 K.
472 415 28 20 H.
512 415 124 20 Andersson
647 415 35 20 må
694 415 27 26 på
732 415 70 26 grund
813 421 27 14 av
851 415 7 20 i
869 415 116 20 statsråds-

94 444 133 26 protokollet
239 446 52 18 över
302 444 191 21 försvarsärenden
505 444 34 20 för
551 445 41 20 den
604 445 24 20 21
642 445 54 20 febr.
710 445 53 20 1947
775 445 95 26 angivna
882 445 102 26 sjukdom

94 474 48 20 från
158 474 98 26 anslaget
271 474 33 20 till
319 474 77 27 bidrag
410 474 33 20 till
458 474 122 26 ersättning
594 474 7 20 i
616 474 42 20 anl.
674 480 29 14 av
717 474 157 27 kroppsskada,
890 475 94 26 ådragen

94 504 70 20 under
173 504 235 27 militärtjänstgöring,
420 504 109 20 utbetalas
539 504 122 26 ersättning
670 504 67 27 enligt
746 505 123 26 grunderna
879 504 6 20 i
894 504 91 21 militär-

95 534 294 26 ersättningsförordningen.

124 575 18 20 1.
160 575 41 20 RD
216 575 72 20 avslår
300 575 85 20 motion
399 581 35 14 om
447 575 44 20 viss
505 575 121 26 ersättning
639 575 33 20 till
685 575 146 27 värnpliktige
845 575 25 21 G.
886 576 16 20 I.
916 576 69 26 Lager

94 604 34 21 för
139 605 75 23 skada,
227 605 95 26 ådragen
334 605 69 20 under
414 605 235 26 militärtjänstgöring.

122 635 20 19 2.
159 634 42 20 RD
216 634 72 21 avslår
301 635 84 20 motion
400 641 35 14 om
448 635 121 26 ersättning
582 635 34 20 till
629 635 180 20 textilarbetaren
823 635 25 20 E.
864 635 20 20 S.
898 635 86 20 Nilsson

94 664 34 20 för
139 664 76 24 skada,
228 664 95 26 ådragen
335 665 69 19 under
415 664 234 27 militärtjänstgöring.

123 694 19 20 3.
159 694 42 20 RD
215 695 91 25 antager
317 694 127 27 förordning
455 694 50 20 med
517 694 106 20 särskilda
635 694 164 21 bestämmelser
810 696 41 19 rör.
864 694 121 26 ersättning

94 723 7 20 i
113 723 58 21 vissa
183 724 37 19 fall
233 724 67 26 enligt
311 724 154 26 förordningen
477 724 41 20 den
531 724 25 20 18
567 724 48 26 juni
628 724 52 20 1927
692 724 35 26 (nr
737 724 50 26 234)
800 730 35 14 om
846 724 122 26 ersättning
978 724 7 20 i

94 753 44 20 anl.
154 759 28 14 av
196 754 158 25 kroppsskada,
370 754 94 26 ådragen
479 754 69 20 under
562 754 235 26 militärtjänstgöring,
812 760 29 14 m.
851 760 36 17 m.,
902 754 83 20 förord-

95 783 52 26 ning
157 788 49 21 ang.
218 783 91 26 höjning
319 783 6 20 i
336 783 57 20 vissa
404 783 37 20 fall
452 789 28 14 av
491 783 206 27 begravningshjälp
707 784 88 25 jämlikt
805 783 180 27 förordningarna

95 812 42 20 den
152 813 24 20 18
189 813 48 25 juni
251 813 53 20 1909
317 813 35 26 (nr
364 813 36 26 89)
413 813 40 20 och
467 813 41 20 den
522 813 25 20 18
559 813 48 26 juni
621 813 53 20 1927
687 813 35 26 (nr
734 813 49 26 234)
797 819 35 14 om
845 813 121 26 ersättning
978 813 7 20 i

94 842 43 20 anl.
151 848 29 14 av
191 843 158 25 kroppsskada,
362 843 95 26 ådragen
470 843 69 19 under
550 843 235 26 militärtjänstgöring,
798 843 126 26 förordning
936 848 48 21 ang.

95 872 148 26 upphävande
253 878 28 14 av
290 872 27 20 20
327 873 9 25 $
346 872 153 26 förordningen
510 872 41 20 den
562 872 25 21 18
596 872 47 26 juni
654 873 52 20 1927
717 873 34 25 (nr
760 872 49 27 234)
820 879 35 14 om
864 873 122 25 ersättning

94 901 7 20 i
116 901 43 20 anl.
176 908 28 13 av
218 902 159 26 kroppsskada,
393 902 95 26 ådragen
504 902 68 20 under
587 902 235 26 militärtjänstgöring,
835 903 58 19 samt
903 902 83 20 förord-

95 931 52 26 ning
161 937 35 14 om
211 931 84 20 ändrad
308 931 82 27 lydelse
403 938 29 14 av
447 932 9 20 1
472 932 9 25 $
495 931 153 27 förordningen
663 932 42 20 den
720 932 23 20 11
758 932 47 26 juni
821 932 53 20 1918
888 932 35 26 (nr
936 932 49 26 375)

95 966 49 21 ang.
155 967 26 14 en
191 961 92 20 särskild
293 961 33 20 för
335 961 55 20 fiske
400 962 81 20 avsedd
492 961 121 27 försäkring
623 963 47 18 mot
680 962 68 20 skada
757 962 33 20 till
800 962 55 26 följd
864 968 28 14 av
903 962 83 26 olycks-

95 991 44 20 fall.

122 1020 20 20 4.
160 1021 41 19 RD
213 1020 88 20 anvisar
310 1021 33 19 till
354 1021 76 26 bidrag
440 1021 32 20 till
483 1021 121 26 ersättning
614 1021 7 20 i
631 1021 42 20 anl.
685 1027 28 14 av
722 1021 158 26 kroppsskada,
891 1021 93 26 ådragen

95 1050 69 20 under
175 1050 230 27 militärtjänstgöring
418 1051 25 20 12
452 1051 41 20 000
502 1051 41 20 000
555 1051 32 20 kr.
600 1051 33 26 (f).

123 1080 19 20 5.
159 1081 42 19 RD
216 1080 117 26 medgiver,
347 1082 36 18 att
396 1081 43 20 viss
453 1081 122 26 ersättning
589 1081 67 26 enligt
669 1081 123 26 grunderna
805 1081 7 20 i
825 1081 160 20 militärersätt-

95 1110 217 26 ningsförordningen
322 1111 36 20 må
369 1111 52 26 utgå
431 1110 33 20 till
473 1111 25 20 T.
508 1111 26 20 A.
545 1111 26 20 B.
582 1111 131 23 Johansson,
724 1111 21 20 J.
756 1111 88 20 Nordell
855 1111 40 20 och
905 1111 80 26 Nanny

95 1140 58 20 Sofia
166 1140 69 20 Maria
248 1140 110 26 Rydberg.

124 1182 18 19 1.
159 1182 42 19 RD
216 1182 118 26 medgiver,
350 1183 35 19 att
399 1182 147 26 värnpliktige
562 1182 24 20 G.
603 1182 28 20 H.
646 1182 26 20 A.
687 1182 93 20 Larsson
795 1182 36 20 må
846 1182 81 20 erhålla
941 1182 44 20 viss|/7

95 1211 121 26 ersättning
229 1211 7 20 i
250 1211 43 20 anl.
307 1218 29 13 av
349 1212 158 26 kroppsskada,
522 1212 95 26 ådragen
631 1212 69 20 under
712 1212 235 26 militärtjänstgöring.

122 1241 20 20 2.
159 1241 42 20 RD
219 1241 145 26 bemyndigar
381 1242 64 19 KM:t
462 1243 35 19 att
513 1253 29 3 —
558 1242 69 19 under
644 1248 28 13 av
690 1242 185 19 bankoutskottet
892 1242 92 26 angiven

95 1266 160 35 förutsättning
313 1271 67 26 enligt
395 1271 6 20 i
417 1277 61 20 prop.
495 1271 94 26 angivna
605 1271 94 27 grunder
714 1271 85 20 besluta
815 1277 35 14 om
866 1271 119 26 utgivande

95 1306 28 14 av
132 1300 122 26 ersättning
263 1301 50 19 eller
322 1301 91 20 fortsatt
422 1301 122 26 ersättning
550 1301 7 19 i
564 1301 42 20 anl.
615 1307 28 14 av
649 1301 158 26 kroppsskada,
816 1301 94 26 ådragen
918 1301 68 20 under

95 1330 236 26 militärtjänstgöring,
348 1332 55 18 utan
420 1330 76 21 hinder
512 1337 29 14 av
557 1332 35 19 att
608 1331 134 20 föreskriven
758 1331 34 20 tid
808 1331 33 20 för
857 1331 128 26 anspråkets

95 1360 165 20 framställande
272 1360 117 20 försuttits.

123 1389 20 20 3.
160 1389 42 20 RD
217 1389 117 27 medgiver,
349 1391 35 19 att
397 1390 28 26 på
439 1390 71 26 grund
523 1396 29 14 av
566 1390 178 26 olyckshändelse
758 1390 36 20 må
808 1390 25 20 fr.
844 1396 19 14 o.
873 1396 29 14 m.
917 1390 41 20 den
974 1390 9 19 1

94 1419 40 25 juli
152 1419 53 20 1949
221 1419 48 20 från
285 1419 98 26 anslaget
398 1419 35 20 till
449 1420 84 19 diverse
548 1419 115 27 pensioner
678 1420 40 20 och
734 1420 119 20 understöd
869 1426 67 14 m.m.
953 1420 33 20 till

95 1449 177 26 civilingenjören
294 1449 24 20 P.
339 1449 26 20 A.
387 1449 137 20 Backteman
545 1450 53 26 utgå
618 1449 104 27 livsvarig
742 1449 54 27 årlig
816 1449 95 21 livränta
932 1449 55 21 efter

94 1478 13 20 3
116 1478 41 21 000
169 1479 32 19 kr.
214 1479 34 20 för
259 1479 30 20 år.

122 1508 20 20 4.
159 1508 43 20 RD
214 1508 118 26 medgiver,
346 1510 34 19 att
392 1509 33 20 till
437 1509 147 26 värnpliktige
596 1515 25 14 nr
633 1509 115 20 385-24-27
761 1509 25 20 G.
801 1509 15 20 I.
829 1509 70 26 Lager
910 1509 36 20 må
958 1509 28 26 på

95 1538 71 26 grund
185 1544 29 14 av
232 1538 90 26 angivet
341 1538 114 26 olycksfall
473 1539 49 20 från
541 1539 99 26 anslaget
658 1539 33 19 till
711 1539 83 20 diverse
813 1539 115 26 pensioner
946 1539 40 19 och

95 1568 120 20 understöd
230 1574 29 14 m.
269 1574 29 14 m.
314 1568 111 20 utbetalas
440 1568 122 26 ersättning
577 1568 6 20 i
598 1568 96 26 enlighet
708 1569 50 19 med
773 1568 122 26 grunderna
910 1568 7 20 i
934 1568 52 20 1927

95 1598 34 19 års
141 1597 343 27 militärersättningsförordning
495 1598 34 20 för
539 1598 62 20 tiden
612 1598 56 20 efter
679 1598 41 20 den
732 1598 24 20 31
769 1598 40 26 juli
823 1598 59 20 1945.

123 1627 19 20 5.
160 1628 42 19 RD
213 1627 88 20 anvisar
310 1628 33 20 till
353 1628 77 26 bidrag
440 1628 33 20 till
483 1628 138 26 ersättning
604 1623 23 35 i
632 1628 42 20 anl.
685 1634 28 14 av
723 1628 157 26 kroppsskada,
892 1628 94 26 ådragen

96 1657 69 20 under
176 1657 237 27 militärtjänstgöring,
427 1657 26 21 10
461 1657 42 21 000
511 1657 41 21 000
564 1658 32 19 kr.
610 1657 32 27 (f).

123 1687 19 20 6.
160 1687 42 20 RD
214 1687 72 20 avslår
297 1687 84 20 motion
393 1693 35 14 om
440 1687 122 26 ersättning
572 1687 33 20 till
617 1688 179 26 skogsarbetaren
809 1687 24 21 O.
846 1688 25 19 E.
881 1687 63 20 Flink
953 1687 34 20 för

95 1716 75 24 skada,
183 1717 95 26 ådragen
292 1717 69 20 under
373 1717 236 26 militärtjänstgöring.

124 1752 18 20 1.
160 1752 42 20 RD
213 1752 118 26 medgiver,
342 1754 35 19 att
387 1752 48 20 från
446 1752 99 27 anslaget
554 1752 33 20 till
599 1752 83 21 diverse
692 1752 114 26 pensioner
816 1753 40 19 och
867 1752 119 20 understöd

95 1787 28 15 m.
134 1787 29 14 m.
174 1782 36 20 må
220 1782 26 20 fr.
258 1788 18 13 o.
286 1788 29 14 m.
327 1782 42 20 den
381 1782 8 20 1
401 1782 40 26 juli
453 1782 53 20 1950
517 1782 53 26 utgå
580 1782 107 20 livräntor
696 1782 34 20 till
741 1783 63 19 Ebba
814 1782 112 20 Emmertz
936 1782 50 20 med

96 1811 39 20 125
146 1811 33 20 kr.
191 1811 34 20 för
235 1812 88 23 månad,
336 1812 23 20 så
370 1811 62 27 länge
443 1812 44 20 hon
498 1812 59 20 lever
568 1812 61 26 ogift,
641 1813 58 19 samt
710 1812 33 20 till
755 1812 48 20 Eva
814 1812 111 20 Emmertz
936 1811 50 20 med

95 1841 27 20 50
134 1841 32 20 kr.
179 1841 7 20 i
198 1841 109 20 månaden
319 1841 33 20 till
365 1841 48 20 dess
425 1841 43 20 hon
480 1841 64 26 fyller
556 1841 11 20 7
580 1842 24 20 år
616 1842 40 20 och
668 1842 50 19 med
731 1841 26 21 75
768 1842 33 19 kr.
814 1841 7 20 i
832 1841 109 20 månaden
953 1841 34 20 för

95 1870 61 21 tiden
168 1871 95 20 därefter
272 1871 72 26 längst
354 1871 33 20 till
399 1871 47 20 dess
456 1871 44 20 hon
510 1871 64 26 fyller
585 1871 25 21 18
621 1871 30 20 år.

123 1901 20 19 2.
160 1900 42 20 RD
213 1900 118 26 medgiver,
342 1902 35 18 att
387 1901 48 20 från
446 1900 99 27 anslaget
554 1900 34 21 till
598 1901 84 20 diverse
693 1901 114 26 pensioner
817 1901 39 20 och
868 1900 119 21 understöd

95 1936 29 14 m.
134 1936 29 14 m.
176 1930 37 20 må
225 1930 34 20 till
271 1931 24 19 T.
309 1931 24 20 L.
347 1931 94 20 Jansson
454 1931 26 19 fr.
491 1936 18 14 o.
519 1936 29 15 m,
562 1930 42 20 den
618 1931 9 19 1
641 1930 40 26 juli
696 1931 52 20 1950
761 1931 53 26 utgå
827 1930 53 27 årlig
892 1930 94 21 livränta

95 1960 50 20 med
156 1960 9 20 1
176 1960 41 20 009
226 1960 32 20 kr.
268 1960 27 20 25
304 1962 42 22 öre,
357 1960 49 20 med
416 1960 83 26 avdrag
507 1960 34 20 för
549 1960 44 20 vad
602 1961 44 19 han
655 1961 28 26 på
692 1960 70 26 grund
771 1966 29 15 av
809 1960 178 26 olyckshändelse

95 1990 33 20 för
140 1990 157 20 motsvarande
309 1990 33 20 tid
354 1990 44 20 kan
410 1990 89 20 komma
512 1991 35 19 att
559 1990 99 27 uppbära
671 1990 7 20 i
690 1990 95 20 livränta
798 1990 48 20 från
858 1990 129 20 riksförsäk-

95 2019 177 26 ringsanstalten.

123 2049 20 20 3.
160 2049 42 20 RD
214 2049 117 27 medgiver,
343 2051 35 18 att
388 2050 48 20 från
447 2049 98 26 anslaget
555 2049 33 21 till
600 2049 83 21 diverse
693 2049 115 27 pensioner
818 2050 40 20 och
868 2049 119 20 understöd

95 2085 29 14 m.
134 2085 29 14 m.
173 2080 36 19 må
218 2080 53 25 utgå
279 2079 33 20 till
322 2079 91 20 änkefru
423 2079 71 21 Gerda
503 2079 122 27 Eufrosyne
634 2075 85 35 Persson
718 2075 38 35 fr.
763 2086 19 14 o.
788 2086 29 13 m.
824 2079 41 20 den
873 2080 8 20 1
888 2079 40 26 juli
935 2079 53 21 1950

96 2109 53 26 årlig
159 2109 96 20 livränta
266 2109 55 20 efter
330 2109 41 20 700
380 2109 33 20 kr.
424 2109 33 20 för
467 2109 30 24 år,
507 2109 50 20 med
568 2109 83 27 avdrag
660 2109 33 20 för
703 2109 41 20 den
754 2109 95 20 livränta
860 2109 127 27 ömsesidiga

1052 195 13 16 le
1138 171 91 16 Motioner
1286 167 80 29 Utskott
1410 184 57 16 Skriv.
1518 168 104 28 Protokoll

1021 200 8 10 r
1030 190 17 31 |
1067 199 39 16 Prop.
1140 225 7 4 5
1293 211 2 20 |
1428 212 22 11 är

1133 225 33 16 FK
1169 219 24 32 |
1196 225 35 16 AK
1253 225 85 33 SPIAVa
1361 225 27 16 Nr
1506 226 33 15 FK
1604 226 36 16 AK

1004 296 28 19 471
1061 296 38 20 109
1108 292 26 34 |
1144 308 27 2 —I|
1209 308 27 2 —1I
1271 296 62 20 61—1]1
1370 296 91 20 8911921
1485 297 69 20 21:13
1558 292 23 34 |
1586 297 33 20 21:
1630 299 25 17 35

1059 330 21 19 pt
1091 328 8 17 1
1358 333 15 12 s.
1385 328 10 17 4

1015 421 8 13 »
1038 411 18 34 I
1062 415 38 19 109]
1144 427 28 2 —I
1209 427 28 2 —]
1271 415 61 19 61—1
1370 415 91 20 8911921
1486 416 68 19 21:13
1557 411 26 34 |
1586 416 33 20 21:
1630 418 25 17 35

1059 448 21 20 pt
1091 447 9 17 2
1358 447 37 17 8.6

1005 575 27 20 48|
1073 587 28 3 —I
1145 587 27 2 —
1198 575 38 20 1133]
1272 575 61 20 61—1]|
1370 575 24 20 811
1434 576 120 20 —I116:47
1558 571 23 35 |
1588 576 31 20 16:
1631 577 39 19 84d

1015 641 8 13 »
1032 630 23 35 |
1073 647 28 2 —]
1144 635 92 20 —J|184]
1272 634 61 20 6)—]|
1370 635 26 20 821
1434 635 81 20 —I116:
1533 638 24 17 47
1562 630 23 35 |
1594 635 75 21 16:85d

1015 700 9 13 »
1060 694 40 20 1236]
1144 706 28 2 —I
1209 706 28 2 —J
1272 694 12 20 91
1319 695 13 19 21
1370 694 91 21 431340]
1486 695 32 20 24:
1532 697 38 17 129)
1586 695 33 20 24:
1633 698 37 17 126]

1016 1026 8 14 »
1035 1016 22 34 I
1062 1021 39 19 1:6]
1144 1032 28 3 —I
1209 1033 28 2 —I|
1272 1020 60 21 61—
1384 1021 13 19 4
1448 1021 64 20 41:25:
1533 1024 36 17 137)
1586 1022 84 20 25:7122

1049 1054 21 20 pt
1078 1048 37 31 176]
1352 1052 45 18 s.57

1016 1087 8 13 »
1044 1076 10 35 |
1062 1081 36 19 151]
1145 1092 28 2 —I
1209 1093 28 2 —I
1272 1080 61 20 61—]1
1358 1080 38 21 1891
1421 1081 98 20 396126:
1530 1083 10 17 7
1586 1081 33 20 126:
1631 1083 23 18 61

1007 1182 25 19 491
1074 1182 24 20 21
1145 1194 28 2 —|
1210 1194 28 2 —|
1272 1181 61 21 8/—
1385 1182 11 20 71
1435 1182 83 20 72110:
1532 1184 37 18 1061
1587 1183 32 20 10:
1632 1185 38 17 148

1060 1215 21 20 pt
1091 1214 11 17 4
1358 1219 15 11 s.
1386 1214 10 17 2

1016 1247 8 14 »
1062 1241 36 20 11611
1145 1253 28 2 —!I
1210 1253 28 3 —1I
1272 1241 61 20 81|—]1
1370 1241 91 21 281179
1488 1241 30 21 114:
1530 1244 24 17 75
1556 1237 23 35 |
1588 1242 31 20 14:
1633 1244 37 18 120

1060 1275 21 19 pt
1092 1273 8 17 1
1358 1273 36 17 ni

1016 1396 9 13 »
1042 1385 14 35 |
1063 1390 36 19 1611]
1145 1401 28 3 —I
1210 1401 28 3 —J]
1272 1389 61 20 8|—]|
1371 1390 148 20 281179114:
1531 1392 24 18 75
1558 1385 23 35 |
1588 1390 32 21 14:
1633 1393 38 17 120

1060 1423 21 20 pt
1092 1422 9 17 2
1358 1421 37 18 8.2

1016 1514 8 14 »
1033 1504 28 35 |
1074 1520 28 3 —]
1145 1520 28 3 —J|
1211 1508 26 21 651
1272 1508 61 20 6|—]
1358 1508 39 21 1121
1422 1509 40 20 200
1460 1504 18 35 1
1488 1509 31 20 15:
1530 1509 40 20 41dl
1588 1509 32 21 15:
1634 1511 37 18 119

1016 1633 9 14 »
1038 1623 18 35 |
1063 1627 38 21 135]
1145 1639 29 3 —|
1210 1639 28 3 —]
1273 1627 61 20 61—]|
1359 1627 38 21 1551
1422 1627 119 21 278119:6
1589 1628 66 20 119:11

1054 1661 21 20 pt
1086 1660 24 17 12
1353 1659 47 18 s.44

1016 1693 8 14 »
1033 1683 23 35 |
1074 1699 28 3 —I
1146 1699 27 2 —|
1211 1687 27 20 201
1273 1687 125 20 61]—1164]
1435 1688 120 19 —I119:16
1567 1683 14 35 |
1589 1687 31 21 19:
1632 1690 24 18 20

1007 1752 26 20 50)
1076 1752 26 20 751
1146 1764 28 3 —)I
1210 1764 28 3 —I
1273 1752 61 20 61—]
1371 1752 27 20 661
1424 1752 96 21 117113:
1534 1755 37 18 1351
1589 1753 32 20 13:
1634 1755 38 18 172

1060 1786 21 19 pt
1093 1784 9 18 1
1359 1789 15 12 s.
1386 1784 10 18 6

1017 1906 8 14 »
1034 1896 23 35 |
1076 1900 26 21 751
1146 1912 28 3 —I
1211 1912 28 3 —|
1273 1900 61 20 61—]
1372 1900 26 20 661
1424 1901 96 20 117113:
1534 1903 38 18 1351
1590 1901 31 21 13:
1635 1904 37 17 172

1061 1934 21 20 pt
1092 1932 10 17 2
1359 1937 15 12 s.
1386 1932 11 18 6

1018 2056 8 13 »
1033 2045 27 35 |
1077 2049 26 21 751
1147 2061 28 3 —I
1211 2061 29 3 —I
1274 2049 61 20 61—1]1
1372 2049 26 20 661
1424 2050 97 20 117113:
1534 2052 38 18 1351
1590 2050 31 21 13:
1635 2052 37 18 172

1061 2083 22 20 pt
1093 2081 10 18 3
1360 2087 15 11 s.
1387 2081 10 18 7
