1855 2359
157 149 43 21 512
895 156 136 16 SAKREGISTER

1487 226 53 18 Riks-

1477 256 72 22 dagens
1607 256 116 18 Kamrarnas

1481 282 56 31 skri-
1592 286 144 23 förhandlingar

1482 316 63 18 velser

1320 244 95 18 Utskotts-

1150 269 108 32 Motioner
1308 273 112 18 utlåtanden

1284 303 47 18 eller
1344 304 99 17 memorial

1046 249 23 146 1883LpsAIA

1104 296 18 105 198[9ALIYS
1105 237 17 47 I0]9

1123 367 17 54 ”doad
1124 295 22 65 s):fen
1124 218 22 72 gun

1680 370 66 18 Andra

1677 394 71 18 kamm.

1579 370 68 18 Första

1165 381 88 18 EEE
1575 390 72 31 kamm.

1372 381 17 17 KA

1373 400 11 9 H

1277 364 18 57 "Tugg

1533 370 17 12 2

1485 381 17 17 2
1505 367 45 49 lå

1485 400 60 14 SET

1319 369 17 49 'PAV

1432 370 17 45 vpIS

178 429 161 37 Folkbibliotek.
1517 436 2 30 |
1660 437 2 41 |

179 469 10 15 ö&
207 464 42 20 Till
265 464 121 27 ytterligare
403 465 74 26 bidrag
492 465 33 20 för
540 465 115 26 utgivande
671 472 26 14 av
713 472 26 14 en
755 465 156 27 grundkatalog
924 467 49 19 över
983 466 33 20 för
1030 464 55 24 1921
1360 466 39 20 8B!
1431 471 24 16 3318
1476 466 186 25 Bl30o126:118|
1681 467 33 21 33:
1726 472 9 16 7

221 494 53 20 folk-
294 495 40 20 och
353 495 151 21 skolbibliotek
520 495 90 27 lämplig
623 495 106 21 litteratur
744 496 84 20 anvisas
845 496 27 26 på
888 495 128 27 tilläggsstat
1660 493 2 3 |

222 526 30 19 ett
267 525 216 26 reservationsanslag
498 532 26 14 av
541 525 27 21 10
578 525 42 20 000
636 525 31 21 kr.
1660 497 2 83 |

1100 467 18 57 =

1117 497 34 14 Nr
1131 466 13 21 &

1282 466 11 20 ee

1324 466 10 20 =

179 601 9 15 6
206 596 38 20 RD
263 597 114 26 medgiver,
402 599 31 19 att
456 604 26 14 av
505 598 37 20 det
564 598 68 20 under
655 598 33 20 8:e
707 598 40 20 HT
763 599 12 19 å
790 598 45 20 ord.
851 599 43 19 stat
908 597 108 28 uppförda
1016 592 10 37 |
1053 606 9 11 »
1103 598 40 21 |176
1282 598 116 21 61-11-92
1474 598 12 21 8
1495 594 59 36 Ali77
1579 579 69 53 31:87
1661 583 1 45 |
1667 579 39 53 38:
1718 603 38 16 103

221 626 186 27 förslagsanslaget
428 627 34 21 till
483 627 116 21 understöd
614 629 22 20 åt
651 628 151 21 folkbibliotek
818 629 36 19 må
869 628 25 20 fr.
911 635 18 13 o.
947 634 28 14 m.
992 628 23 20 år
1661 631 1 29 |

223 656 56 21 1922
296 657 45 21 tills
356 657 73 21 vidare
445 658 50 26 utgå
511 658 45 20 dels
572 658 116 21 understöd
704 658 34 21 till
751 658 134 20 skoldistrikt
894 658 50 20 med
955 659 59 19 stats-

221 687 121 21 understött
357 687 152 21 skolbibliotek
524 688 51 20 med
590 690 30 19 ett
631 688 77 27 belopp
720 695 26 14 av
756 688 55 26 lägst
823 688 26 21 15
860 688 31 20 kr.
904 688 39 20 och
954 688 62 26 högst
1516 690 2 28 |

222 716 42 21 150
288 717 39 25 kr.,
350 718 34 20 för
407 718 23 20 år
453 718 83 25 räknat,
554 718 34 21 för
603 718 143 27 upprättande
762 718 40 21 och
818 718 113 21 underhåll
947 725 26 14 av
989 724 26 14 en

222 747 135 26 boksamling
375 748 33 20 för
426 748 224 26 fortsättningsskolan
666 749 70 20 såsom
752 748 92 21 särskild
859 748 115 26 avdelning
989 754 26 15 av

221 777 180 26 skolbiblioteket,
426 778 45 20 dels
495 778 40 21 ock
550 778 117 21 understöd
682 778 34 21 till
735 778 88 27 styrelse
838 778 33 20 för
886 778 128 20 statsunder-

221 807 63 21 stödd
306 807 156 27 lärlingsskola,
481 808 132 27 yrkesskola,
633 808 178 25 verkstadsskola,
827 808 76 26 ettårig
918 808 96 20 handels-

221 837 60 20 skola
304 837 51 21 eller
377 838 149 21 hushållskola
549 838 50 21 med
622 840 31 19 ett
674 839 78 26 belopp
771 845 27 15 av
813 838 55 26 lägst
884 838 26 21 15
927 838 31 20 kr.
975 838 40 20 och

221 867 62 26 högst
300 867 41 21 150
358 868 36 23 kr.,
411 868 33 20 för
460 869 23 19 år
498 868 82 25 räknat,
596 868 33 20 för
645 868 143 27 upprättande
804 869 39 20 och
859 868 114 20 underhåll
989 874 26 15 av

221 898 30 19 ett
266 897 161 25 skolbibliotek;
445 897 54 21 dock
518 900 38 23 att,
573 898 38 21 där
626 898 132 21 beträffande
774 898 43 21 viss
833 898 106 20 kommun
954 899 60 19 stats-
1516 901 2 19 I

220 926 117 22 understöd
353 934 61 14 anses
432 928 50 20 böra
497 928 122 20 tillkomma
635 928 132 21 kommunen
784 928 108 26 tillhöriga
907 927 71 22 skolor
989 934 26 14 av

221 963 45 14 mer
284 959 28 18 än
332 964 26 14 en
374 964 26 14 av
416 964 51 20 nyss
483 958 92 26 angivna
590 958 132 25 skolformer,
739 958 139 21 understödet
894 957 55 21 skall
964 958 51 25 utgå

220 987 34 20 till
276 994 26 13 en
324 988 33 20 för
380 988 100 26 samtliga
503 988 61 20 dessa
582 988 71 21 skolor
672 994 123 20 gemensam
812 987 202 27 biblioteksstyrelse

220 1017 50 20 med
286 1017 56 26 lägst
358 1017 26 21 15
401 1018 31 20 kr.
449 1018 40 20 och
506 1018 62 26 högst
584 1018 42 20 150
642 1018 31 21 kr.
690 1018 34 21 för
739 1019 59 25 varje
814 1018 109 21 skolform.

1660 662 2 29 |

1660 694 2 36 |

1660 734 1 39 |

1659 777 2 19 |

1659 857 2 49 |

1659 923 2 31 |

1659 959 2 22 I

179 1087 7 15 1
205 1082 42 20 För
261 1082 59 21 tiden
338 1083 11 20 1
366 1083 104 26 jan.—30
485 1084 49 26 juni
550 1083 56 21 1923
616 1084 102 26 uppföres
729 1083 36 21 det
775 1083 43 21 ord.
829 1083 185 26 förslagsanslaget
1029 1080 56 23 [19221
1102 1082 18 21 1:
1130 1083 13 20 8
1281 1081 12 20 6|
1323 1081 76 22 118A
1409 1066 45 36 10118
1473 1081 75 22 Al79|)
1579 1081 69 21 17:68
1646 1062 20 51 |
1680 1082 68 21 20:14

220 1112 34 20 till
269 1112 117 21 understöd
402 1114 22 20 åt
439 1113 152 21 folkbibliotek
606 1113 50 21 med
672 1115 31 19 ett
718 1113 78 27 belopp
812 1120 26 14 av
855 1113 42 20 200
907 1112 42 21 000
960 1112 31 21 kr.
1094 1123 16 17 p.
1116 1118 35 17 225

178 1183 9 15 2
205 1178 38 20 RD
259 1178 116 26 medgiver,
395 1178 46 21 dels
457 1181 32 19 att
504 1179 33 21 för
552 1179 128 27 åtnjutande
696 1186 26 14 av
738 1179 26 21 de
779 1179 48 21 från
843 1179 36 21 det
894 1178 69 21 under
981 1178 33 21 8:e|
1052 1185 9 11 >»
1102 1178 41 21 11:8
1281 1177 12 20 6!
1323 1177 11 20 1
1359 1178 40 21 5A
1416 1182 38 16 10118
1475 1176 73 22 Al791
1580 1177 68 21 17:68
1648 1172 14 34 |
1679 1177 69 21 20:14

221 1208 40 20 HT
276 1209 13 19 å
304 1208 45 21 ord.
366 1210 42 19 stat
423 1209 107 26 uppförda
545 1209 186 26 förslagsanslaget
746 1209 34 21 till
796 1209 117 21 understöd
928 1209 23 20 åt
960 1208 53 21 folk-
1094 1213 57 23 p.226

221 1238 105 21 bibliotek
349 1239 105 25 utgående
478 1239 156 26 statsbidragen
657 1239 34 20 till
709 1239 60 25 folk-,
789 1239 54 20 skol-
859 1239 39 20 och
915 1238 99 27 sjukhus-
1302 1238 2 28 |

221 1268 105 21 bibliotek
349 1270 56 19 samt
428 1269 34 20 till
485 1269 138 20 riksförbund
641 1269 56 20 skall
715 1269 26 20 fr.
758 1276 18 13 o.
793 1276 29 13 m.
839 1269 24 20 år
880 1268 56 21 1923
952 1268 62 26 gälla,
1302 1268 2 36 |
1409 1276 2 35 |

221 1300 32 18 att
271 1298 128 27 statsbidrag
417 1298 55 21 skall
488 1299 51 26 utgå
554 1299 8 20 i
577 1299 55 20 form
649 1306 26 14 av
691 1299 89 20 bundna
795 1299 83 24 böcker,
895 1298 119 21 levererade
1302 1306 2 18 I

221 1328 33 20 till
273 1328 131 21 biblioteken
422 1329 41 20 och
481 1329 184 25 studiecirklarna,
682 1329 45 20 dels
743 1330 32 19 att
789 1329 48 20 från
852 1328 160 26 ifrågavarande
1410 1319 1 32 |

220 1357 75 27 anslag
316 1358 118 21 understöd
457 1359 36 20 må
511 1359 26 20 fr.
554 1366 18 13 o.
589 1366 28 13 m.
635 1359 23 20 år
678 1358 56 20 1923
751 1359 51 25 utgå
818 1358 34 21 till
867 1358 146 26 förmedlings-

221 1387 102 21 anstalter
339 1388 33 20 för
387 1388 221 26 vandringsbibliotek
624 1389 40 20 och
679 1388 34 20 till
730 1387 285 27 bokförmedlingsanstalter

220 1417 50 21 med
289 1419 30 19 ett
338 1418 143 25 sammanlagt
500 1418 78 27 belopp
598 1425 26 14 av
643 1419 62 25 högst
721 1418 27 20 27
758 1418 42 21 000
817 1418 39 25 kr.,
873 1418 65 20 därav
953 1418 62 25 högst

221 1447 27 20 16
258 1447 42 21 000
317 1448 30 20 kr.
364 1447 34 21 till
415 1448 286 26 bokförmedlingsanstalter
716 1448 39 20 och
772 1448 61 26 högst
848 1447 25 21 11
885 1447 42 21 000
938 1447 32 21 kr.
982 1447 33 21 till

156 1478 1 25 |
220 1477 243 27 förmedlingsanstalter
485 1478 34 20 för
541 1478 228 26 vandringsbibliotek,
793 1478 45 20 dels
862 1478 39 20 ock
920 1479 32 19 att
967 1477 47 20 från

156 1504 1 14 I
220 1513 83 14 samma
319 1507 74 26 anslag
409 1508 36 20 må
460 1508 25 20 fr.
502 1514 19 14 o.
538 1515 29 13 m.
584 1508 23 20 år
624 1508 63 24 1923,
704 1508 33 20 för
753 1508 23 20 så
786 1508 41 20 vitt
837 1508 33 20 för
881 1507 36 21 det
927 1508 29 23 år,
968 1513 46 15 som

221 1537 8 20 i
244 1538 59 26 varje
318 1537 39 20 fall
373 1539 23 19 är
411 1538 7 20 i
432 1538 66 26 fråga,
509 1538 55 20 intet
575 1537 170 21 statsunderstöd
755 1537 83 21 lämnas
849 1539 22 19 åt
881 1537 133 21 bokförmed-

220 1567 142 26 lingsanstalt,
381 1568 52 25 utgå
448 1569 31 19 ett
494 1568 78 27 belopp
588 1575 26 13 av
630 1568 62 26 högst
708 1568 12 20 3
730 1567 43 21 018
788 1568 39 24 kr.,
844 1568 33 20 för
893 1568 22 19 år
931 1567 83 24 räknat,

220 1596 34 21 till
272 1597 78 21 arvode
365 1598 22 19 åt
403 1599 31 19 ett
449 1598 108 26 kvinnligt
572 1597 83 21 biträde
670 1598 39 20 hos
725 1597 288 21 bibliotekskonsulenterna.

205 1662 50 21 Ord.
267 1663 187 26 förslagsanslaget
469 1663 34 21 till
518 1663 118 21 understöd
651 1664 22 20 åt
689 1663 151 21 folkbibliotek
851 1663 101 26 uppföres
965 1662 50 21 med
1029 1660 92 23 192311:
1131 1661 13 21 8
1281 1660 13 20 6
1324 1660 10 20 1|
1386 1660 13 21 81
1431 1660 56 21 9418
1496 1661 53 20 Ale21
1579 1661 69 21 20:37]
1680 1660 69 22 20:27

220 1694 31 19 ett
266 1693 78 27 belopp
361 1700 26 14 av
401 1693 43 21 400
454 1693 42 20 000
507 1693 39 25 kr.;
558 1694 40 20 och
609 1693 115 26 medgives,
736 1695 32 18 att
778 1693 47 20 från
837 1693 94 20 nämnda
942 1692 73 26 anslag
1095 1702 17 17 p.
1115 1696 37 23 243

220 1723 36 19 må
272 1723 24 20 fr.
313 1730 18 13 o.
348 1730 29 13 m.
394 1723 42 20 den
454 1723 10 20 1
481 1723 41 27 juli
539 1723 56 20 1923
612 1723 45 21 tills
673 1723 73 21 vidare
761 1723 80 26 årligen
853 1723 56 26 utgå,
921 1723 94 20 förutom
1303 1731 2 21 |

220 1752 89 27 tidigare
328 1753 115 26 medgivna
462 1753 162 26 anslagsposter,
641 1755 31 19 ett
688 1753 77 27 belopp
782 1760 26 13 av
824 1753 62 26 högst
903 1752 64 20 1200
983 1752 31 20 kr.

220 1782 34 20 till
270 1783 118 26 ersättning
403 1784 23 19 åt
441 1783 92 21 vikarier
548 1783 33 20 för
597 1783 26 20 de
639 1783 111 26 kvinnliga
766 1782 110 21 biträdena
890 1783 39 20 hos
940 1782 74 21 biblio-

220 1812 221 21 tekskonsulenterna.

206 1877 50 21 Ord.
273 1878 187 26 förslagsanslaget
475 1878 34 20 till
524 1878 117 20 understöd
655 1878 22 20 åt
689 1877 152 21 folkbibliotek
853 1877 101 27 uppföres
966 1876 49 21 med
1030 1874 57 23 [1924]
1103 1876 18 20 1:
1131 1875 13 20 8]
1175 1876 27 20 58
1282 1875 12 20 6|
1324 1874 10 21 1!
1387 1875 100 21 816818
1496 1876 59 19 Ali]
1579 1874 69 21 27:87
1651 1870 14 36 |
1681 1874 70 21 27:64

220 1909 31 19 ett
261 1907 78 27 belopp
350 1915 27 14 av
386 1908 43 20 320
438 1907 43 21 000
492 1908 39 24 kr.;
540 1908 40 20 och
589 1907 109 26 medgiver
705 1908 45 24 RD,
760 1909 31 19 att
799 1907 47 20 från
854 1906 162 27 ifrågavarande
1095 1917 16 16 p-
1117 1910 35 18 188

220 1937 165 27 förslagsanslag
400 1939 36 19 må
451 1937 45 21 tills
512 1937 72 21 vidare
596 1937 106 21 utbetalas
715 1937 45 21 dels
773 1938 24 19 så
808 1939 52 19 stort
872 1937 83 26 belopp,
969 1943 45 14 som
1208 1936 2 19 I

220 1967 105 20 erfordras
341 1968 33 20 för
389 1969 32 19 att
437 1968 126 26 möjliggöra
582 1967 148 27 uppflyttning
745 1968 7 19 i
768 1967 108 20 löneklass
892 1973 27 14 av
934 1967 26 20 de
976 1967 39 20 hos
1208 1964 1 33 |

221 1997 213 27 skolöverstyrelsens
457 1997 254 21 bibliotekskonsulenter
734 1997 106 20 anställda
859 1996 111 27 kvinnliga
986 1997 28 19 bi-

220 2027 96 26 trädena,
332 2027 46 21 dels
394 2027 39 20 ock
450 2029 30 19 ett
495 2027 122 27 ytterligare
633 2027 78 26 belopp
728 2033 26 14 av
765 2027 62 26 högst
838 2026 42 21 200
891 2027 32 20 kr.
935 2026 79 26 årligen

220 2057 34 20 till
270 2058 118 26 ersättning
403 2058 22 20 åt
441 2057 91 21 vikarier
547 2057 34 20 för
596 2057 95 20 nämnda
706 2057 111 25 kvinnliga
833 2056 103 21 biträden.
1023 2067 2 16 I
1261 2072 2 9 I
