1850 2365
166 157 42 21 374

898 164 136 16 SAKREGISTER

165 454 1 3 |
185 441 178 28 Dyrtidstillägg.

186 988 9 15 6

189 1891 9 15 9
217 1886 36 20 RD
269 1886 124 26 godkänner
409 1886 109 20 allmänna
533 1885 93 27 grunder
641 1886 33 20 för
692 1885 121 28 beviljande
829 1892 26 14 av
868 1885 158 27 dyrtidstillägg

215 773 40 20 För
271 772 119 21 beredande
406 772 69 21 under
490 772 59 21 tiden
567 772 10 20 1
594 772 41 27 juli
648 772 110 21 1924—30
769 773 48 26 juni
829 772 56 21 1925
897 780 26 14 av
934 773 89 27 dyrtids-

214 983 41 20 För
271 982 135 21 bestridande
423 989 25 14 av
465 982 145 27 dyrtidstilläg
624 983 23 20 åt
660 983 91 20 svenska
762 983 177 26 sjömanspräster
950 984 7 20 i
968 984 56 20 vissa

213 1109 41 19 För
270 1108 120 20 beredande
406 1115 26 13 av
448 1107 158 27 dyrtidstillägg
622 1108 21 20 åt
658 1108 210 25 befattningshavare
879 1108 36 21 vid
926 1109 98 20 tekniska

213 1257 37 21 RD
267 1257 100 25 besluter,
384 1259 31 18 att
431 1257 26 20 de
472 1257 34 20 för
522 1256 124 26 budgetåret
664 1256 126 28 1923/1924
806 1257 98 26 gällande
915 1257 110 21 allmänna

208 1307 2 2 .
228 1287 92 26 grunder
335 1288 34 19 för
384 1286 158 27 dyrtidstillägg
557 1287 22 20 åt
595 1286 66 21 lärare
678 1286 36 21 vid
725 1287 52 20 folk-
789 1287 39 20 och
840 1287 119 21 småskolor
969 1290 56 18 samt

229 473 75 25 nering
319 479 26 14 av
360 472 161 21 folkskollärare
538 479 27 13 m.
584 472 20 21 fl.
621 484 28 3 —
666 472 61 21 skola
737 472 56 27 gälla
803 473 81 27 jämväl
895 473 32 20 för
938 473 86 27 budget-

229 503 45 20 året
299 500 136 30 1924/1925;
460 502 39 20 och
523 502 109 27 medgives
655 504 32 19 att
710 502 33 21 till
763 503 209 26 befattningshavare
988 504 36 20 vid

229 532 128 27 postverket,
380 532 168 26 telegrafverket,
568 534 80 19 statens
664 533 118 26 järnvägar,
799 534 80 19 statens
894 533 130 21 vattenfalls-

229 563 57 24 verk,
311 562 159 27 dyrtidstillägg
492 563 33 20 för
549 562 125 27 budgetåret
694 561 125 29 1924/1925
840 564 35 19 må
891 564 51 26 utgå
957 570 26 14 av
998 564 26 20 de

229 592 76 25 medel,
323 599 26 14 av
365 592 59 21 vilka
439 592 83 21 verkets
539 592 51 21 eller
605 593 161 20 institutionens
777 593 151 21 omkostnader
938 594 8 20 i
957 594 68 25 övrigt

229 622 111 25 bestridas,
357 624 56 19 samt
429 624 37 23 att,
483 622 38 21 där
537 623 159 20 arbetslönerna
712 623 36 20 vid
764 624 84 19 arméns
864 624 40 20 och
917 624 107 20 marinens

229 652 124 21 verkstäder
363 653 40 20 och
414 652 94 21 fabriker
518 659 28 14 m.
559 653 20 20 fl.
591 653 152 26 anläggningar
753 655 36 18 äro
800 653 121 27 uppdelade
932 654 7 19 i
948 654 76 26 grund-

229 683 60 20 löner
311 683 40 20 och
375 682 165 27 dyrtidstillägg,
556 682 144 21 kostnaderna
715 683 33 20 för
764 683 185 26 dyrtidstilläggen
965 684 59 20 skola

229 712 104 21 bestridas
348 713 48 20 från
412 712 158 21 vederbörande
586 712 133 21 underhålls-
735 713 52 20 eller
797 713 226 27 anskaffningsanslag.

229 803 74 26 tillägg
318 803 23 20 åt
356 802 101 21 nordiska
473 804 94 19 museets
581 802 104 27 personal,
697 802 50 21 med
758 803 110 26 undantag
878 810 26 13 av
915 803 57 21 vakt-
984 804 39 20 och

229 832 210 27 arbetarpersonalen
456 832 36 21 vid
507 832 223 27 friluftsavdelningen
748 833 12 20 å
776 833 103 23 Skansen,
891 835 101 19 ävensom
1003 834 21 20 åt

229 863 126 26 personalen
371 862 37 21 vid
424 862 209 25 livrustkammaren,
650 863 7 20 i
668 862 41 21 den
721 863 51 20 mån
783 863 152 26 avlöningarna
946 864 21 20 åt
978 864 45 20 sist-

231 892 93 21 nämnda
340 892 98 27 personal
454 893 20 26 ej
491 893 51 25 utgå
557 892 71 21 direkt
643 899 26 14 av
684 892 131 25 statsmedel,
832 893 84 20 anvisas
929 893 33 21 för
972 893 51 21 bud-

228 923 81 26 getåret
326 921 126 29 1924/1925
469 924 30 19 ett
515 924 60 19 extra
590 922 74 27 anslag
680 930 25 13 av
722 922 27 21 50
759 922 42 21 000
818 923 30 20 kr.

228 1013 117 20 utländska
360 1013 138 20 hamnstäder
512 1013 84 20 anvisas
607 1013 33 20 för
651 1013 125 26 budgetåret
787 1012 126 28 1924/1925
924 1015 31 19 ett
965 1016 60 18 extra

229 1043 164 25 förslagsanslag
409 1050 25 13 av
452 1043 26 20 15
488 1042 43 21 000
547 1043 31 19 kr.

229 1138 75 20 skolan
323 1138 7 20 i
349 1138 132 24 Stockholm,
507 1138 161 26 bergsskolorna
683 1138 8 19 i
706 1137 106 27 Filipstad
828 1138 39 20 och
884 1138 68 21 Falun
968 1141 56 18 samt

229 1168 116 20 vävskolan
364 1168 7 20 i
390 1168 65 20 Borås
478 1168 85 20 anvisas
585 1168 34 20 för
634 1167 126 26 budgetåret
776 1167 126 27 1924/1925
919 1170 30 18 ett
964 1171 70 20 extra
1019 1163 18 35 |

228 1197 165 27 förslagsanslag
409 1204 26 14 av
451 1197 27 20 35
488 1197 42 21 000
547 1197 31 20 kr.
1033 1192 2 23 |

228 1318 57 19 vissa
308 1316 224 28 sjukvårdsanstalter,
556 1317 64 25 högre
639 1316 124 25 folkskolor,
780 1317 142 20 kommunala
938 1317 86 20 mellan-

228 1347 72 20 skolor
310 1347 40 20 och
361 1347 56 20 vissa
429 1346 237 24 småskoleseminarier,
678 1348 101 19 ävensom
790 1347 23 20 åt
823 1347 67 20 lärare
902 1347 35 21 vid
948 1348 76 25 privat-

229 1377 96 20 läroverk
341 1376 60 21 skola
416 1376 56 26 gälla
486 1376 80 25 jämväl
582 1376 33 20 för
632 1376 125 26 budgetåret
769 1376 136 25 1924/1925;
917 1377 40 20 och
968 1377 56 21 med-

228 1408 65 25 gives,
317 1408 32 19 att
371 1407 33 20 för
425 1406 60 21 tiden
500 1407 26 21 fr.
544 1413 17 13 o.
579 1413 29 13 m.
625 1406 41 20 den
684 1406 10 20 1
712 1407 41 26 juli
770 1406 57 20 1924
843 1407 45 20 tills
903 1407 73 20 vidare
991 1407 34 21 till

229 1437 48 20 dess
293 1436 134 21 annorlunda
442 1436 111 21 förordnas
573 1436 158 26 dyrtidstillägg
747 1437 36 19 må
798 1437 51 26 utgå
865 1437 21 20 åt
902 1437 56 20 vissa
973 1437 52 20 lära-

229 1467 72 20 rinnor
325 1466 35 21 vid
384 1466 125 21 fackskolan
532 1466 33 20 för
581 1466 72 26 huslig
668 1466 100 21 ekonomi
784 1467 5 19 i
807 1467 95 26 Uppsala
918 1469 56 18 samt
989 1467 36 20 vid

229 1499 31 18 tre
275 1498 7 19 i
299 1496 231 27 statsrådsprotokollet
549 1498 50 18 över
617 1496 228 21 ecklesiastikärenden
864 1496 41 21 den
926 1496 27 21 14
969 1504 56 14 mars

230 1526 57 22 1914
310 1526 132 21 omnämnda
465 1526 200 21 statsunderstödda
688 1526 147 21 läroanstalter
850 1527 33 20 för
899 1527 126 20 utbildande

228 1563 26 14 av
278 1557 118 20 lärarinnor
414 1557 7 20 i
440 1556 130 21 handarbete
589 1556 7 20 i
612 1556 145 26 huvudsaklig
772 1556 94 27 enlighet
881 1557 50 20 med
947 1556 26 21 de
989 1557 36 20 all-

230 1589 79 18 männa
324 1586 98 27 grunder,
439 1593 46 14 som
502 1593 30 14 nu
547 1586 119 26 föreslagits
682 1586 132 21 beträffande
830 1586 159 27 dyrtidstillägg
1004 1587 21 20 åt

230 1616 158 26 övningslärare
404 1616 37 21 vid
456 1616 174 27 privatläroverk,
648 1616 54 20 dock
718 1618 32 19 att
765 1617 33 19 för
812 1616 108 21 lärarinna
935 1617 37 20 vid
983 1623 41 14 om-

228 1646 106 21 förmälda
349 1646 111 21 fackskola
476 1646 158 27 dyrtidstillägg
650 1647 36 19 må
701 1647 51 25 utgå
768 1646 90 21 allenast
873 1647 13 19 å
901 1646 83 21 hälften
1000 1653 26 14 av

230 1676 42 20 den
287 1676 33 20 för
336 1677 58 26 varje
410 1676 38 20 fall
464 1676 112 20 bestämda
592 1676 224 26 minimiavlöningen;
833 1676 40 20 och
886 1676 140 27 bemyndigas

229 1706 61 20 KM:t
310 1708 30 19 att
360 1706 85 21 utfärda
464 1706 26 20 de
510 1707 97 19 närmare
623 1706 138 25 föreskrifter,
778 1712 46 14 som
840 1706 33 20 för
888 1706 138 27 tillämpning

230 1743 26 14 av
272 1736 89 20 berörda
377 1736 110 20 allmänna
502 1736 93 26 grunder
610 1736 36 20 må
662 1736 96 20 befinnas
774 1736 146 25 erforderliga;
937 1736 39 21 och
991 1743 34 13 an-

229 1767 56 20 visas
301 1766 33 20 till
351 1766 136 20 bestridande
503 1773 26 13 av
545 1765 143 21 kostnaderna
704 1766 33 20 för
752 1766 158 26 dyrtidstillägg
925 1767 22 19 åt
963 1773 62 14 ovan-

229 1796 95 20 nämnda
340 1796 147 27 lärargrupper
500 1796 32 20 för
543 1796 124 25 budgetåret
680 1795 126 27 1924/1925
818 1797 30 19 ett
858 1797 60 19 extra
928 1796 97 26 förslags-

230 1826 74 26 anslag
320 1833 26 13 av
363 1826 27 20 22
400 1825 42 21 000
452 1825 42 21 000
511 1826 31 20 kr.

230 1916 68 20 under
320 1916 181 20 ecklesiastikåret
523 1913 126 30 1924/1925
669 1916 33 20 till
719 1916 26 20 de
761 1917 116 25 prästmän,
894 1922 46 14 som
957 1916 69 20 finnas

229 1946 144 20 omförmälda
388 1946 7 20 i
411 1946 61 26 lagen
492 1946 40 20 den
553 1945 27 20 30
599 1952 47 20 aug.
665 1945 56 21 1918
737 1945 33 26 (nr
787 1945 50 27 724)
853 1952 47 20 ang.
917 1946 108 26 krigstids-

230 1976 117 21 understöd
366 1976 22 20 åt
407 1977 81 25 präster
503 1976 8 20 i
526 1976 138 26 nyreglerade
680 1977 94 26 pastorat
790 1977 56 19 samt
862 1976 22 20 åt
899 1976 56 20 vissa
971 1982 17 14 e.
1006 1983 18 13 o.

227 2008 81 25 präster
319 2006 39 21 och
369 2006 129 21 innehavare
509 2013 26 13 av
547 2006 123 27 prästerliga
681 2006 143 20 emeritilöner
834 2007 101 19 ävensom
945 2006 8 19 i
964 2006 61 26 lagen

228 2036 41 20 den
286 2036 12 20 9
316 2043 47 13 nov.
383 2035 55 21 1920
455 2036 33 26 (nr
499 2036 51 26 844)
561 2042 47 20 ang.
620 2036 158 27 dyrtidstillägg
789 2036 21 20 åt
821 2035 203 27 kontraktsprostar;

229 2066 39 20 och
294 2066 139 27 bemyndigas
458 2066 59 20 KM:t
542 2067 36 23 att,
604 2066 70 20 därest
694 2066 36 20 det
746 2065 106 27 grundtal,
869 2066 6 19 i
891 2065 134 21 förhållande

1054 257 23 146 1988epsArA

1112 304 18 105 J9S[9ALIS
1111 245 17 47 TOl9

1131 375 17 54 "doad
1131 303 22 65 s):len
1131 227 21 71 [Bun

1169 282 95 17 Motioner

1326 251 95 19 Utskotts-

1315 281 112 18 utlåtanden

1269 324 2 2 |
1291 311 46 18 eller
1350 311 98 18 memorial

1493 234 53 17 Riks-

1483 263 73 23 dagens

1497 294 47 17 skri-

1489 324 63 18 velser

1613 264 117 18 Kämrarnas

1598 294 145 22 förhandlingar

1379 389 17 25 Zz

1492 390 17 27 IN

1539 380 17 45 BpIg

1585 378 68 18 Första:
1661 374 16 32 |
1687 379 65 17 Andra

1582 402 71 18 kamm.
1654 398 24 32 |
1684 403 86 18 kamm.
1754 398 20 32 |

1039 474 56 21 1924

1118 774 26 21 61

1118 983 27 21 62

1118 1109 27 20 63

1113 1258 38 20 131

1113 1885 41 20 182

1163 771 2 37 |

1218 1253 47 37 415

1225 1885 40 20 417

1381 774 26 21 99

1271 982 42 23 16,
1333 973 76 45 1100

1271 1100 73 36 sa
1355 1110 49 25 ao

1272 1260 1 29 1
1292 1247 130 42 6/-1/102]

1273 1896 1 7 |
1290 1877 121 48 6/1/103

1473 1874 57 30 238]

1587 775 33 20 41:
1633 780 22 16 75
1669 782 1 8 |
1688 775 34 20 41:

1588 984 70 21 41:75
1662 980 18 34 |
1689 985 70 20 41:49

1589 1110 33 20 41:
1634 1114 24 16 75
1661 1106 22 34 |
1690 1110 83 20 41:49
1757 1106 18 34 |

1589 1258 34 21 41:
1635 1263 23 16 783
1661 1254 18 34 |
1690 1259 69 19 41:49

1590 1885 70 20 41:75
1662 1881 22 34 |
1692 1885 69 21 41:49
