1851 2360
168 160 42 22 126
900 165 135 17 SAKREGISTER

186 446 127 28 Arvidson,
330 447 22 23 L.
368 447 33 25 A.,
417 449 14 20 f.
449 448 20 21 d.
487 450 59 19 extra
562 448 104 21 ordinarie
682 448 194 21 verkstadsförman
893 447 36 21 vid
945 449 80 19 statens

231 479 120 26 järnvägar.

217 509 53 26 Ang.
288 509 90 26 pension
394 509 22 20 åt
431 509 54 20 hans
501 509 65 25 änka;
584 515 21 15 se
621 507 125 26 Pensioner,
763 508 107 27 beviljade
886 507 80 27 (1926).

216 570 54 26 Ang.
287 569 124 27 förhöjning
426 576 26 15 av
468 570 89 26 pension
573 570 23 20 åt
611 569 53 21 hans
673 569 65 23 änka;
750 575 22 14 se
783 567 124 26 Pensioner,
918 567 106 28 beviljade

231 599 80 27 (1927).

186 663 92 23 Arvika
293 663 104 28 folkliga
412 663 162 26 musikskola;
590 672 22 15 se
630 664 163 29 Folkhögskolor
808 664 71 28 (1924:
891 671 18 18 5;
931 664 63 21 1925:
1005 669 18 20 5;

232 695 64 21 1928:
308 696 25 26 3).

243 731 24 18 Se
280 731 65 18 vidare
358 731 140 21 Musikskola,
511 731 68 23 folklig
590 731 138 23 (1926—1930).

186 784 103 27 Arvode,
305 786 208 27 riksdagsmännens.

232 817 53 26 Ang.
312 817 125 26 minskning
463 823 26 14 av
512 816 202 27 riksdagsmännens
742 816 85 24 arvode;
852 823 22 13 se
898 814 126 27 Riksdagen

232 846 109 27 (1927:7).

186 904 140 26 Arvsavtal;
342 913 22 15 se
382 906 132 22 Testamente
530 906 80 27 (1930).

185 964 161 29 Arvsfonden,
362 967 115 20 allmänna.

188 1002 9 15 1
215 997 82 20 Motion
321 1004 46 19 ang.
392 997 80 21 ändrad
496 997 80 27 lydelse
595 1004 26 14 av
639 997 37 27 78
692 998 7 20 i
715 997 61 27 lagen
792 1004 34 13 om
844 996 109 21 allmänna
969 1002 53 15 arvs-

230 1027 80 21 fonden
327 1027 75 22 avslås.

188 1091 9 15 2
216 1087 81 20 Motion
319 1093 47 20 ang.
391 1087 81 20 ändrad
495 1087 81 27 lydelse
595 1093 26 16 av
636 1087 12 20 2
664 1087 14 26 8
693 1088 7 19 i
716 1087 61 26 lagen
793 1094 35 13 om
844 1086 109 21 allmänna
969 1092 54 15 arvs-

230 1116 81 21 fonden
327 1117 76 20 avslås.

243 1151 24 18 Se
279 1152 36 17 ock
328 1152 123 22 Arvslagen
464 1152 67 23 (1928),
545 1152 137 19 Testamente
695 1152 65 23 (1930).

185 1204 134 23 Arvsskatt
334 1205 46 22 och
396 1205 69 22 skatt
479 1205 39 22 för
534 1204 72 28 gåva.

188 1241 9 15 1
217 1237 82 20 Motion
322 1243 35 14 om
374 1237 66 20 sådan
456 1237 90 26 ändring
561 1237 7 20 i
583 1237 151 26 förordningen
750 1243 35 14 om
801 1237 96 21 arvskatt
911 1237 40 20 och
967 1236 57 21 skatt

230 1267 33 20 för
278 1267 60 26 gåva,
355 1268 32 19 att
402 1266 42 21 den
458 1267 193 26 omständigheten,
668 1269 31 18 att
715 1267 84 20 skatten
814 1267 33 20 för
857 1266 167 21 testamentslott

231 1296 51 21 eller
297 1297 54 26 gåva
366 1297 93 26 erlägges
474 1304 27 13 av
516 1298 99 19 testators
631 1297 27 20 bo
674 1297 51 21 eller
742 1297 85 26 givaren
843 1297 46 20 icke
900 1296 56 21 skall
966 1296 58 20 med-

230 1327 52 24 föra,
295 1328 31 19 att
336 1327 85 20 skatten
432 1327 41 20 blir
484 1327 64 25 högre
559 1329 27 18 än
595 1327 42 20 den
648 1327 70 20 skulle
731 1327 67 25 blivit,
806 1326 70 21 därest
891 1328 133 19 testaments-

231 1356 51 21 eller
297 1358 140 25 gåvotagaren
453 1357 55 26 själv
523 1357 48 20 haft
586 1358 32 19 att
633 1357 51 20 bära
699 1357 91 25 skatten,
807 1357 75 20 avslås.

189 1427 9 15 2
216 1422 37 20 RD
277 1424 86 24 antager
385 1423 79 26 förslag
483 1422 33 21 till
532 1422 124 27 förordning
671 1429 35 14 om
722 1422 81 21 ändrad
819 1422 81 27 lydelse
917 1429 25 14 av
960 1422 26 20 19
1003 1422 20 26 8,

231 1452 27 20 47
280 1452 13 26 &
314 1452 10 20 1
345 1459 65 14 mom.
430 1453 39 20 och
488 1453 29 20 48
537 1453 13 26 8
570 1453 12 20 2
602 1459 65 14 mom.
684 1453 7 20 i
707 1453 150 26 förordningen
873 1452 41 21 den
932 1452 26 20 19
975 1459 47 14 nov.

233 1481 57 21 1914
305 1482 33 27 (nr
354 1482 51 27 381)
420 1489 35 14 om
471 1483 107 21 arvsskatt
593 1483 39 20 och
649 1483 58 21 skatt
722 1483 33 20 för
770 1483 59 26 gåva.

188 1553 9 16 1
216 1548 104 21 Motioner
343 1555 35 14 om
398 1549 114 26 utredning
530 1556 26 14 av
580 1549 36 20 det
639 1551 48 22 sätt,
706 1550 66 25 varpå
790 1548 132 22 arvsskatten
938 1548 39 21 bör
992 1549 30 19 ut-

230 1578 80 27 byggas
325 1579 40 20 och
381 1579 116 20 omformas
512 1579 34 20 för
562 1581 31 18 att
609 1579 142 26 åvägabringa
766 1585 26 14 en
807 1579 141 26 begränsning
959 1585 26 14 av
997 1577 26 21 de

230 1610 57 19 stora
302 1609 200 26 förmögenheterna
517 1610 39 20 och
568 1616 26 14 en
605 1610 97 26 jämnare
716 1609 121 26 fördelning
847 1615 27 15 av
885 1608 137 26 egendomen,

230 1638 76 21 avslås.

187 1709 9 15 2
214 1703 50 21 Med
279 1704 118 26 förklaring
412 1707 32 18 att
457 1705 20 20 k.
490 1711 59 20 prop.
562 1712 24 13 nr
599 1704 41 21 195
649 1705 46 20 icke
704 1705 83 20 kunnat
795 1704 128 21 oförändrad
932 1704 91 25 bifallas,

229 1736 86 24 antager
331 1734 37 20 RD
384 1734 80 26 förslag
479 1735 33 20 till
528 1734 125 26 förordning
671 1741 35 14 om
722 1734 91 26 ändring
827 1735 8 20 i
850 1735 57 20 vissa
926 1734 58 21 delar
997 1740 26 14 av

229 1764 150 26 förordningen
396 1764 41 20 den
455 1764 26 20 19
498 1771 48 14 nov.
564 1764 57 20 1914
637 1764 33 27 (nr
686 1764 51 26 381)
752 1771 35 13 om
787 1760 123 35 arvsskatt
916 1764 39 20 och
967 1764 57 20 skatt

229 1794 33 20 för
277 1794 53 26 gåva
345 1794 50 21 med
411 1795 43 20 viss
469 1794 91 27 ändring
576 1801 26 14 av
616 1794 164 21 bestämmelsen
792 1801 34 14 om
838 1793 184 22 ikraftträdandet.

214 1860 82 20 Motion
318 1867 36 14 om
377 1860 95 27 lindring
492 1861 8 20 i
519 1861 85 20 skatten
623 1861 33 20 för
671 1868 36 14 arv
723 1861 52 20 eller
790 1861 59 26 gåva,
866 1867 45 14 som
928 1860 96 21 tillfaller

229 1890 196 26 sammanslutning
440 1890 33 21 för
488 1890 181 27 religiöst-sedligt
684 1891 101 20 ändamål
801 1890 75 21 avslås.

215 1957 37 20 RD
276 1959 86 24 untager
383 1957 80 27 förslag
485 1957 34 21 till
539 1957 124 27 förordning
679 1964 35 14 om
730 1957 82 21 ändrad
827 1956 81 28 lydelse
924 1963 26 14 av
967 1956 27 20 56
1011 1956 13 26 $

229 1987 151 26 förordningen
400 1987 40 21 den
462 1987 26 21 19
505 1994 48 14 nov.
571 1987 57 21 1914
643 1988 34 26 (nr
693 1987 50 27 381)
754 1994 35 14 om
801 1987 106 21 arvsskatt
917 1987 40 20 och
968 1986 57 21 skatt

229 2017 33 20 för
278 2017 59 26 gåva.

242 2052 23 17 Se
278 2054 49 16 även
336 2052 134 19 Karolinska
477 2053 113 19 institutet
598 2052 59 23 (1923:
667 2053 34 21 11),
710 2053 132 19 Restitution
850 2052 58 22 (1927:
920 2051 23 22 1),
956 2051 68 19 Stäm-

1114 229 41 32 Så
1496 236 54 17 Riks-

1060 259 17 26 3
1114 259 38 36 Fe
1214 284 3 4 i
1322 250 102 42 Utskotts-
1487 266 72 23 dagens
1616 267 118 17 Kamrarnas

1060 290 17 26 z
1114 306 12 10 la
1138 297 17 29 2
1172 280 94 46 Aottener
1318 284 39 18 öra
1360 280 72 44 anden
1501 291 45 33 skri-
1601 296 145 22 förhandlingar

1060 320 18 28 =
1105 311 26 40 5.
1133 326 22 24 2
1294 314 46 18 eller
1352 314 99 18 memorial
1493 326 62 18 velser

1056 352 16 25 3
1114 349 40 23 las

1061 381 17 11 &
1114 373 36 27 leg
1287 375 17 11 El
1442 383 17 18 2
1495 392 8 8 Z
1519 374 20 31 |
1543 383 17 18 AR)
1588 380 68 18 Första
1660 374 25 31 |
1690 380 66 18 Andra

1057 391 15 43 Zz
1114 391 36 40 35
1175 392 88 18 SPIRE
1287 387 17 45 2
1328 398 18 31 å
1383 392 17 28 Z
1442 403 17 24 &
1496 392 16 27 é
1543 403 17 24 &|)
1585 405 71 17 kamm.
1656 398 26 33 |
1687 405 70 17 kamm.

1847 457 3 15 I

1038 993 57 38 1930]
1198 998 10 20 7
1290 998 12 20 01
1588 998 33 21 10:
1632 999 27 20 8d
1658 992 24 37 |
1689 997 69 21 11:42

1061 1096 9 10 >
1197 1088 12 20 6
1290 1080 51 32 SIE
1589 1076 32 45 10:
1633 1093 24 15 10
1658 1076 17 45 |
1690 1087 68 20 11:42

1038 1232 57 36 1923)
1251 1236 92 21 STICK
1381 1237 25 20 21
1588 1237 68 21 25:67
1660 1232 23 35 |
1689 1236 69 20 24:19

1062 1430 8 10 >»
1112 1422 41 21 1143
1291 1422 11 20 7)
1333 1421 10 21 1)
1381 1422 28 20 24
1481 1418 39 35 101
1588 1422 68 21 27:55
1658 1417 19 36 |
1688 1421 69 21 26:49

1038 1546 54 23 1928
1170 1547 132 21 157127012t1
1333 1548 75 20 11232
1588 1548 33 20 24:
1632 1547 27 21 9d
1660 1543 18 34 |
1682 1547 33 20 25:
1727 1547 40 20 21d

1682 1576 34 21 26:
1728 1576 25 21 1d

1062 1712 8 11 >»
1111 1703 41 21 1195
1291 1703 52 21 CESJSE
1381 1704 28 20 08
1482 1704 42 20 204
1588 1703 33 20 29:
1632 1708 24 15 95
1660 1695 19 37 |
1689 1699 33 23 32:
1734 1706 24 17 77

1039 1858 56 23 1929
1224 1858 39 21 Tä
1292 1859 10 20 ET
1333 1858 10 21 I)
1383 1858 26 21 19
1587 1858 33 20 22:
1633 1858 26 21 1d
1659 1854 14 34 |
1689 1858 33 20 29:
1734 1858 26 20 1d

1040 1954 57 23 1930]
1111 1955 42 20 208
1292 1955 52 21 7|.1]
1382 1955 27 20 22
1481 1949 40 37 221
1588 1954 33 20 32:
1633 1959 24 16 34
1658 1949 23 36 |
1689 1954 34 20 33:
1734 1959 25 16 30

254 2076 110 23 pelavgift
377 2076 59 22 (1922:
446 2077 21 22 3).

1808 2109 40 248 RS
