1857 2361
826 153 135 36 SAKREGISTER
1653 157 42 21 285

87 214 40 50 [EE
1034 225 41 32 ae
1416 232 52 17 Riks-

981 255 17 26 3
1034 254 36 36 2e
1134 279 3 4 z
1263 246 80 43 nkolke:
1406 255 72 34 dagens
1534 262 118 17 Kamrarnas

87 266 1 59 |
981 286 65 26 NS
1058 284 17 36 =
1079 275 107 32 Motioner
1227 275 122 42 utlåtanden
1420 292 22 17 Sk
1520 276 145 42 förhandlingar

981 315 17 28 2
1034 312 41 30 ER
1214 309 46 18 eller
1272 309 99 18 memorial
1413 322 62 17 velsör

977 347 16 12 &
1034 342 40 13 133

981 363 17 25 >
1034 356 94 29 leg).
1248 376 16 15 >
1340 364 2 28 |
1362 378 17 12 2
1463 378 17 12 z2l|
1508 376 67 17 Första
1581 368 23 35 |
1608 376 67 17 Andra

1207 383 11 11 5
1362 391 11 5 z
1463 392 16 5 2

981 391 11 9 =
1034 386 33 41 23
1147 387 35 18 RR
1206 396 17 31 2
1248 394 17 24 å
1303 387 16 28 2
1340 396 2 38 |
1362 398 17 25 &
1413 383 18 44 Zz
1462 399 18 24 &|
1505 400 69 17 kamm.
1576 395 24 32 |
1605 401 71 17 kamm.

87 433 2 34 |
110 439 111 21 Biskötsel.
1233 448 2 26 ed

137 470 41 20 Till
195 470 128 21 biskötselns
340 471 148 27 befrämjande
504 472 83 20 anvisas
598 472 33 20 för
642 471 124 26 budgetåret
779 471 124 27 1925/1926
915 474 31 18 ett
960 470 56 24 1925]
1033 472 18 20 1:
1061 472 12 20 9
1197 472 27 21 10
1233 475 2 15 |
1318 474 11 20 51
1377 478 10 15 9
1417 473 27 20 46)
1470 479 9 14 21
1511 473 67 21 11:58
1578 469 14 35 |
1611 473 68 20 12:42

88 496 1 23 |
152 502 60 18 extra
227 501 215 26 reservationsanslag
458 508 26 14 av
501 501 27 20 10
537 501 43 21 000
596 501 31 21 kr.
1019 500 56 35 p.52
1233 499 2 9 I

87 542 1 26 |
137 560 41 20 Till
196 560 127 21 biskötselns
340 561 147 26 befrämjande
504 562 83 20 anvisas
598 561 33 20 för
643 561 124 26 budgetåret
779 560 124 29 1926/1927
916 564 30 17 ett
960 560 113 23 192611:
1055 556 15 37 9
1198 562 26 20 10
1304 563 83 20 15,14:
1418 563 26 19 00]
1470 568 9 15 st]
1511 563 53 20 kåt
1611 562 33 20 hd
1656 567 24 16 TA

87 572 1 56 |
152 591 60 18 extra
227 590 215 27 reservationsanslag
457 598 26 13 av
499 591 13 20 8
523 590 42 21 000
582 591 30 20 kr.
1030 590 46 34 p-46

87 630 1 50 |
137 655 41 20 Till
196 655 128 21 biskötselns
341 656 147 26 befrämjande
504 657 101 26 uppföres
616 657 7 20 i
634 657 114 20 riksstaten
759 659 31 18 ett
800 657 44 20 ord.
856 663 89 14 reserva-
960 656 56 23 19271
1034 657 17 20 1:
1061 657 12 20 9
1199 657 25 20 10
1304 657 24 20 11
1332 653 19 37 |
1363 663 22 15 11]
1417 658 27 20 63)
1469 658 116 21 5113:102]
1612 658 68 20 14:10

88 704 1 20 |
153 685 129 26 tionsanslag
298 692 26 14 av
340 685 63 21 8000
420 686 31 21 kr.
1030 692 45 22 p.51

88 732 1 37 |
137 744 49 20 Ord.
211 745 236 26 reservationsanslaget
463 745 33 21 till
512 746 128 21 biskötselns
657 746 147 27 befrämjande
821 746 59 27 höjes
897 746 49 20 med
960 746 91 22 192811:
1052 740 15 38 9
1138 739 1 7 |
1198 747 26 20 10
1318 747 10 20 11
1362 747 54 21 2419
1426 748 17 19 Al
1469 752 9 16 ej
1509 747 69 21 21:86
1579 743 19 36 |
1610 747 69 21 29:19

88 771 1 32 |
153 774 11 20 2
175 774 42 20 000
234 775 30 20 kr.
282 775 32 20 till
334 775 25 20 10
369 775 43 20 000
428 775 31 21 kr.
1031 782 44 22 p.4l

137 834 49 20 Ord.
203 835 237 26 reservationsanslaget
456 835 33 20 för
505 835 128 21 biskötselns
645 836 147 27 befrämjande
803 836 100 27 uppföres
914 836 33 20 för
960 836 57 22 1929]
1033 836 18 21 1:
1061 836 13 21 9
1198 837 26 20 10
1317 837 12 20 21
1363 842 23 15 191
1417 837 27 21 50)
1469 843 9 14 &1
1510 837 68 21 14:13
1579 833 14 35 |
1611 837 67 20 17:61

152 864 124 26 budgetåret
294 864 125 28 1929/1930
436 865 49 21 med
500 865 124 21 oförändrat
639 865 84 27 belopp,
742 866 26 20 10
778 866 41 20 000
836 866 30 20 kr.
1030 877 14 12 s.
1054 871 22 18 90

138 923 49 20 Ord.
204 925 237 26 reservationsanslaget
456 925 33 20 för
504 925 129 21 biskötselns
644 926 148 26 befrämjande
802 926 101 26 uppföres
913 926 33 20 för
960 926 58 22 [1930]
1033 926 18 20 1:
1062 926 12 20 9
1198 926 26 20 10
1317 927 12 20 21
1362 932 25 16 401
1417 928 26 19 77)
1469 926 109 21 91:16:55]
1611 926 53 21 17:8

153 953 125 26 budgetåret
296 954 125 27 1930/1931
439 955 48 20 med
504 955 123 21 oförändrat
642 956 85 26 belopp,
745 955 27 21 10
781 955 42 21 000
840 956 30 20 kr.
1024 967 14 11 s.
1048 961 34 17 182

165 989 23 16 Se
201 989 35 16 ock
255 989 104 22 Biodling,
373 990 201 19 Centralanstalten
588 990 36 18 för
638 990 196 19 försöksväsendet
847 990 28 23 på
885 990 61 23 jord-

176 1012 172 19 bruksområdet
360 1013 58 21 (1926:
430 1013 20 22 3).

88 1055 2 22 |
108 1059 128 26 Bisysslor,
252 1057 244 35 statstjänstemännens.

138 1091 37 19 RD
192 1091 102 25 anhåller,
311 1093 31 19 att
358 1092 61 20 KM:t
435 1092 66 20 måtte
517 1092 126 21 föranstalta
654 1099 34 14 om
701 1100 25 13 en
738 1093 85 26 allsidig
833 1093 114 26 utredning
961 1093 56 22 |1926
1212 1094 12 20 61
1255 1094 75 21 11145!
1377 1095 67 20 41293)
1470 1099 9 15 41
1509 1094 69 20 39:45
1582 1089 18 35 |
1602 1093 34 20 41:
1647 1093 46 24 23dl

89 1125 1 27 |
153 1127 46 19 ang.
216 1121 40 20 den
269 1121 153 27 utsträckning,
434 1122 7 20 i
453 1122 71 20 vilken
536 1123 183 26 statstjänstemän
730 1123 36 20 vid
777 1123 61 20 sidan
850 1130 26 13 av
887 1125 59 18 stats-
1691 1119 2 27 |

153 1151 93 25 tjänsten
264 1151 104 21 innehava
386 1151 66 21 andra
468 1152 79 26 sysslor
558 1152 51 20 eller
619 1153 153 26 yrkesmässigt
784 1153 87 20 bedriva
882 1155 65 18 annat

153 1181 173 25 förvärvsarbete,
338 1183 101 19 ävensom
450 1188 47 20 ang.
510 1181 25 21 de
547 1182 75 26 frågor,
634 1189 45 14 som
691 1183 89 20 härmed
789 1185 38 24 äga
835 1183 110 20 samband.
955 1208 2 2 |

88 1248 1 6 |
108 1238 148 22 Biträdande
272 1238 82 23 lärare
370 1241 35 20 vid
422 1241 112 21 folkskola.

89 1280 1 24 |
138 1270 53 25 Ang.
209 1272 96 25 tryggare
322 1271 102 26 ställning
439 1272 7 19 i
462 1272 92 26 rättsligt
570 1272 120 21 hänseende
701 1273 33 20 för
745 1272 125 21 biträdande
881 1273 66 20 lärare
1086 1287 2 14 |
1691 1294 2 8 I

153 1300 36 20 vid
205 1300 116 25 folkskola;
339 1307 21 14 se
379 1300 175 22 Folkskoleväsen
569 1302 72 26 (1926:
652 1303 40 25 35).
1692 1305 1 12 |

89 1377 1 6 |
109 1357 111 27 Bjerkén,
237 1358 32 26 A.,
286 1360 14 20 f.
318 1361 20 19 d.
356 1361 71 20 läkare
444 1361 36 20 vid
496 1361 80 21 Malmö
593 1362 52 26 asyl.
1341 1352 2 37 |

88 1398 1 15 I
138 1390 53 25 Ang.
216 1390 116 21 understöd
352 1391 21 20 åt
389 1391 54 20 hans
459 1392 56 19 änka
530 1392 40 20 och
586 1392 61 24 barn;
665 1398 21 14 se
704 1390 121 26 Pensioner,
844 1392 104 27 beviljade

153 1419 81 26 (1923).

88 1509 1 3 |
109 1477 110 27 Bjurfors
235 1478 146 27 skogskola;
398 1487 22 14 se
437 1480 132 27 Skogsväsen
586 1479 19 29 a)
621 1480 73 28 (1921:
706 1482 25 24 8).

89 1536 1 16 |
108 1542 135 27 Bjurholm;
261 1552 21 14 se
301 1545 237 27 Tuberkulossjukvård
552 1546 74 26 (1928:
637 1546 26 27 4).

108 1608 138 27 Bjurholms
269 1609 332 28 provinsialläkaredistrikt;
628 1619 21 13 se
676 1611 78 22 Hälso-
780 1612 37 21 och
845 1612 104 27 sjukvård

153 1640 73 25 (1924:
239 1640 24 25 3).

89 1704 2 31 |
109 1703 59 27 Bjuv
184 1709 30 16 nr
230 1705 24 26 3;
271 1713 22 14 se
311 1705 165 29 Avsöndringar
491 1707 72 26 (1930:
575 1708 40 25 35).

109 1769 177 28 Bjärka-Säby;
303 1778 22 14 se
341 1773 128 26 Järnvägar
484 1773 73 25 (1922:
568 1773 25 26 2).

90 1835 1 10 |
110 1834 95 27 Björck,
221 1835 78 22 Selma
315 1836 107 22 Kristina
438 1836 77 28 (Tina)
531 1836 115 26 Elisabet,
662 1839 14 20 f.
689 1838 20 21 d.
722 1839 106 20 lärarinna
840 1839 34 20 vid
886 1839 63 26 högre

91 1883 1 18 |
155 1867 192 21 elementarskolan
358 1868 8 20 i
377 1868 62 20 Lund
450 1868 33 20 för
493 1868 82 24 flickor;
588 1875 22 14 se
622 1868 123 24 Pensioner,
755 1869 106 26 beviljade
870 1868 78 27 (1927).

90 1929 2 31 |
110 1928 81 28 Björk,
215 1930 33 25 A.,
272 1933 114 20 maskinist
402 1933 36 20 vid
454 1933 248 27 varmbadinrättningen
719 1934 35 20 vid
770 1934 140 24 Karlskrona;
928 1941 21 13 se

91 1979 1 34 |
158 1960 122 27 Pensioner,
297 1962 107 27 beviljade
420 1963 79 26 (1930).

91 2015 1 44 |
110 2023 80 28 Björk,
213 2025 25 21 A.
261 2025 29 25 F.,
315 2028 94 20 arbetare
434 2028 35 20 vid
486 2028 126 27 Karlsborgs
627 2029 214 26 fästningsbyggnad;
858 2036 21 13 se
897 2028 51 21 Pen-

154 2055 79 25 stoner,
250 2057 107 27 beviljade
372 2057 80 26 (1921).
