1841 2357
803 162 136 15 SAKREGISTER

85 439 168 28 Avsöndringar
269 447 26 14 m.
312 447 27 14 m.

72 475 24 16 31
116 471 37 20 RD
164 470 115 26 medgiver,
291 472 32 19 att
333 472 31 19 ett
374 471 8 20 i
392 471 232 26 statsrådsprotokollet
634 471 124 20 omförmält
765 472 13 19 å
788 470 26 21 de
822 471 8 20 i
838 470 87 21 ärendet

130 500 111 21 företedda
263 500 101 21 kartorna
387 500 50 21 med
457 501 41 20 litt.
515 508 12 13 a
543 501 114 21 betecknat
679 501 87 20 område
789 507 36 14 om
845 501 77 20 0.1617

130 530 76 21 hektar
216 531 36 19 må
262 530 48 21 från
320 530 199 27 kronoegendomen
531 529 26 29 !/,
570 531 82 20 mantal
663 530 87 21 Kedum
758 537 26 14 nr
792 531 12 20 3
814 531 112 20 Stommen

130 561 7 19 i
154 560 67 21 Södra
243 560 98 20 Kedums
364 560 78 21 socken
462 560 102 27 avskiljas
580 561 40 20 och
636 560 33 21 till
685 561 8 19 i
709 560 95 21 nämnda
819 560 106 26 protokoll

130 589 142 21 omförmälde
296 589 26 21 K.
338 590 25 20 A.
380 590 121 21 Johansson
524 590 100 27 försäljas
646 590 34 20 för
698 596 26 14 en
739 590 144 26 köpeskilling
899 596 26 14 av

131 619 43 21 650
190 619 31 21 kr.
238 621 57 19 samt
309 619 69 21 under
393 620 57 20 vissa
465 620 93 26 angivna
572 620 84 20 villkor.

72 689 25 15 52
116 685 38 20 RD
170 685 114 26 medgiver,
302 687 32 18 att
348 687 31 19 ett
395 685 7 20 i
414 685 234 26 statsrådsprotokollet
657 685 125 20 omförmält
792 685 86 20 område
889 686 36 19 må

130 714 50 21 med
196 715 7 20 i
219 722 84 13 samma
325 715 106 26 protokoll
454 715 91 26 angiven
561 715 56 20 areal
633 715 47 20 från
696 714 199 27 kronoegendomen
912 715 11 20 1

130 744 82 21 mantal
228 745 83 26 Noleby
327 752 25 13 nr
370 745 10 20 1
398 745 7 20 i
421 745 156 26 Sunnersbergs
594 745 78 20 socken
687 745 99 26 försäljas
801 745 51 20 med
866 745 58 20 hem-

130 774 98 21 budsrätt
243 775 33 20 för
290 775 19 20 J.
327 775 25 20 O.
368 775 109 20 Eriksson.

72 839 24 16 53
115 834 38 20 RD
170 834 84 20 bifaller
269 834 79 26 förslag
364 841 48 19 ang.
431 834 127 27 försäljning
574 841 26 13 av
616 834 43 21 viss
674 834 35 20 del
725 841 26 14 av
767 834 102 26 Västgöta
885 834 40 21 och

130 864 130 26 Skaraborgs
276 865 147 25 regementens
439 864 152 21 förutvarande
607 864 125 26 mötesplats
748 864 89 21 Axvalls
852 864 49 20 hed.

72 928 25 16 54
115 924 37 20 RD
176 924 115 26 medgiver,
314 925 30 19 att
368 923 66 21 sedan
452 924 200 26 kronoegendomen
668 922 28 28 3/,
712 923 82 21 mantal
809 923 116 27 Häggened

130 960 25 13 nr
178 954 14 19 4
209 954 56 20 Sven
288 953 92 27 Ersgård
398 954 8 20 i
421 953 59 21 Råda
499 953 78 21 socken
596 953 63 21 blivit
676 960 76 20 genom
772 954 153 26 ägostyckning

131 983 98 21 fördelad
247 984 7 20 i
270 984 48 26 fyra
341 984 69 24 lotter,
434 983 115 21 bestående
564 990 27 14 en
607 990 26 14 av
649 983 41 21 den
706 983 34 21 till
755 983 121 27 kronopark
892 990 33 14 av-

131 1015 56 18 satta
210 1013 62 21 delen
295 1014 40 20 och
359 1013 26 20 de
404 1015 31 19 tre
451 1014 72 25 övriga
538 1020 26 14 av
580 1014 8 19 i
602 1013 232 27 statsrådsprotokollet
849 1014 76 20 omför-

131 1043 73 20 mälda
227 1043 92 21 lotterna
341 1043 41 20 litt.
406 1044 19 19 A
441 1043 40 21 och
499 1043 17 20 B
533 1045 56 19 samt
607 1043 175 26 torplägenheten
797 1043 128 26 Råssängen,

132 1072 26 21 de
174 1074 31 19 tre
221 1073 135 20 sistnämnda
371 1073 92 20 lotterna
478 1073 35 20 må
529 1080 38 14 var
582 1073 33 20 för
630 1073 32 26 sig
676 1073 106 27 försäljas.

74 1137 25 16 55
117 1132 38 20 RD
174 1132 115 26 medgiver,
306 1134 32 19 att
353 1132 36 21 det
405 1132 33 21 till
454 1132 199 26 kronoegendomen
671 1132 9 20 1
699 1132 82 21 mantal
797 1132 59 21 Slöta
872 1139 24 13 nr
913 1132 12 20 6

132 1162 84 26 Bygård
232 1162 7 20 i
256 1162 59 20 Slöta
330 1162 78 21 socken
424 1162 94 20 hörande
534 1162 126 21 hemskiftet
675 1163 67 26 jämte
758 1162 122 21 mosskiftet
891 1163 35 19 må

132 1192 49 20 med
197 1192 148 21 tillträdesrätt
361 1192 41 20 den
420 1192 26 20 14
463 1198 56 14 mars
531 1192 57 20 1928
599 1192 98 27 försäljas
708 1192 100 26 antingen
819 1204 28 2 —
856 1192 71 20 därest

132 1222 61 20 KM:t
208 1222 70 20 skulle
294 1222 54 20 efter
364 1222 104 27 prövning
483 1228 51 14 anse
549 1223 24 19 så
589 1222 50 20 böra
655 1222 109 26 medgivas
778 1234 28 2 —
817 1222 33 20 till
867 1229 60 19 egen-

132 1251 90 21 domens
238 1252 124 20 nuvarande
378 1251 124 21 arrendator
517 1252 23 20 L.
557 1251 122 21 Andersson
690 1254 46 18 mot
746 1259 27 13 en
784 1252 143 26 köpeskilling

132 1288 26 14 av
168 1281 27 21 30
205 1281 42 21 800
254 1283 31 19 kr.
297 1284 57 18 samt
364 1281 68 21 under
442 1282 56 20 vissa
509 1282 91 25 angivna
611 1281 83 25 villkor,
703 1281 51 21 eller
762 1282 39 20 ock
810 1282 12 20 å
830 1282 97 26 offentlig

134 1312 90 20 auktion
248 1312 33 20 till
303 1312 41 20 den
360 1311 173 27 högstbjudande
548 1311 69 21 under
632 1311 26 21 de
673 1312 8 19 i
697 1312 73 20 brevet
785 1311 41 21 den
843 1312 27 20 29
882 1312 44 26 maj

134 1341 56 20 1874
206 1341 101 26 stadgade
323 1341 84 25 villkor,
424 1344 57 18 samt
496 1343 32 19 att
543 1341 36 21 det
594 1341 34 21 till
644 1342 132 25 egendomen
791 1341 94 21 hörande
896 1344 31 18 ut-

132 1371 75 21 skiftet
230 1372 36 20 må
284 1371 99 27 försäljas
402 1371 67 26 enligt
485 1371 98 26 gällande
599 1371 92 27 grunder
706 1372 33 20 för
754 1371 131 27 upplåtande
901 1378 26 14 av

131 1401 239 26 egnahemslägenheter
385 1401 47 20 från
448 1401 202 26 kronoegendomar.

73 1466 25 16 56
116 1461 38 20 RD
178 1461 114 25 medgiver,
312 1463 32 18 att
362 1461 48 20 från
426 1461 199 26 kronoegendomen
643 1461 10 20 1
672 1461 81 20 mantal
769 1461 89 20 Lerdala
873 1468 26 13 nr
915 1461 12 20 6

131 1491 145 26 Bomsgården
292 1491 7 20 i
315 1490 90 21 Lerdala
426 1490 78 21 socken
524 1491 36 20 må
574 1491 99 26 försäljas
688 1490 46 21 dels
748 1493 32 18 tre
795 1491 8 20 i
819 1490 109 21 statsråds-

132 1520 129 26 protokollet
278 1520 144 21 omförmälda
439 1520 101 21 områden
560 1527 35 14 om
614 1520 87 25 0.9079,
722 1520 64 21 0.380
804 1521 40 20 och
863 1520 63 21 0.085

132 1550 81 24 hektar,
230 1550 98 21 området
343 1557 35 14 om
395 1551 79 20 0.9079
491 1550 76 21 hektar
583 1550 33 21 till
632 1550 90 21 Lerdala
737 1550 132 26 församling,
885 1557 42 14 om-

131 1580 60 20 rådet
206 1587 36 13 om
259 1580 64 21 0.380
340 1580 76 20 hektar
432 1580 33 20 till
482 1580 22 20 C.
521 1580 122 20 Andersson
654 1580 39 20 och
709 1580 97 20 området
816 1587 35 13 om
863 1580 63 21 0.085

131 1610 76 20 hektar
230 1610 33 20 till
287 1610 25 20 N.
329 1610 19 21 J.
366 1610 88 21 Landén
478 1612 46 18 mot
547 1617 26 13 en
596 1610 144 26 köpeskilling
763 1617 27 13 av
808 1610 120 27 respektive

132 1639 72 25 2200,
222 1639 42 21 120
280 1640 40 20 och
337 1639 27 21 85
378 1640 39 24 kr.,
434 1640 50 20 med
500 1640 123 26 skyldighet
638 1640 32 20 för
685 1640 144 20 innehavaren
845 1647 26 13 av
882 1647 45 13 om-

132 1669 60 21 rådet
207 1676 36 14 om
260 1670 79 21 0.9079
357 1669 76 21 hektar
449 1672 32 18 att
496 1669 34 21 till
541 1669 137 26 begagnande
691 1670 69 20 såsom
772 1671 41 25 väg
823 1670 105 26 upplåtna

132 1699 41 21 den
189 1700 7 19 i
212 1699 98 20 området
325 1699 111 26 ingående,
452 1700 33 20 för
496 1699 76 21 sådant
584 1699 101 21 ändamål
696 1699 93 21 avsedda
799 1700 62 20 mark
872 1701 56 19 samt

132 1729 69 21 under
224 1729 56 21 vissa
304 1730 92 25 angivna
419 1729 84 25 villkor,
520 1729 46 21 dels
586 1729 40 21 ock
641 1741 29 2 —
685 1729 66 21 sedan
770 1729 157 21 vederbörande

132 1759 123 21 arrendator
278 1759 91 21 medelst
392 1759 93 27 skriftlig
502 1759 105 26 handling
626 1759 34 20 till
675 1759 82 21 kronan
773 1759 132 21 överlämnat
920 1760 8 20 i

133 1789 233 27 statsrådsprotokollet
386 1789 149 25 omförmälda,
560 1789 79 21 honom
655 1789 108 27 tillhöriga
779 1789 122 27 byggnader
915 1790 13 20 å

132 1819 97 20 området
245 1830 29 3 —
289 1819 236 21 Kornettkvarnskiftet
547 1819 50 21 med
620 1819 91 21 sålunda
734 1819 78 21 inlösta
831 1820 41 20 hus
887 1820 41 20 och

133 1849 49 20 med
206 1849 36 20 det
258 1849 93 24 område,
374 1856 46 13 som
439 1849 33 20 för
490 1849 121 21 detsamma
625 1849 110 27 upptagits
750 1850 13 19 å
778 1849 149 21 distriktslant-

133 1881 96 18 mätaren
253 1879 22 20 T.
299 1879 134 27 Hjertquists
449 1879 61 21 karta
525 1886 27 14 av
568 1879 64 25 1926,
649 1880 12 19 å
676 1879 98 26 offentlig
789 1879 89 21 auktion
894 1880 33 20 till

133 1908 41 21 den
189 1909 179 26 högstbjudande.

75 1973 25 16 57
119 1969 37 20 RD
172 1968 115 26 medgiver,
304 1970 32 19 att
350 1969 48 20 från
412 1968 199 26 kronoegendomen
628 1966 26 29 !/,
671 1968 83 21 mantal
769 1969 118 26 Brunstorp
902 1975 26 14 nr

134 1998 13 20 4
163 1998 94 26 Nolgård
272 1998 40 20 och
329 1997 27 28 !/,;
373 1998 83 21 mantal
472 1998 117 26 Brunstorp
605 2005 25 13 nr
646 1998 12 20 5
675 1998 137 26 Millomgård
826 1999 8 19 i
850 1998 77 21 Värsås

133 2028 79 20 socken
235 2028 36 20 må
294 2028 98 26 försäljas
416 2028 45 20 dels
485 2028 154 26 huvudgården
662 2034 35 14 om
715 2028 92 20 143.436
824 2028 76 20 hektar
915 2029 13 19 å

133 2057 98 26 offentlig
253 2058 89 20 auktion
365 2058 34 20 till
418 2058 41 20 den
478 2057 157 27 högstbjudade
650 2057 68 21 under
734 2058 25 20 de
775 2058 7 20 i
799 2058 72 20 brevet
886 2058 41 20 den

66 2110 24 18 25
105 2112 91 18 Sakregister
205 2113 12 14 I.

1630 157 41 21 193

1013 224 41 35 SA
1266 249 12 16 2
1396 231 52 17 Riks-

960 254 89 28 SE
1113 278 4 4 3
1229 249 94 17 Utskotts-
1386 254 72 33 dagens
1515 261 118 18 Kamrarnas

960 285 17 12 >
990 274 21 31 |
1014 280 11 9 =
1037 283 18 12 >
1071 278 95 18 [Motioner
1206 274 123 31 utlåtanden
1435 291 3 4 $
1511 294 3 2 :
1593 292 3 3 F

960 301 12 9 a
1014 301 12 10 la
1328 308 4 4 Ä
1400 287 47 29 skri-
1501 291 145 23 förhandlingar

960 315 18 11 a
1014 312 36 20 IRS
1194 308 47 18 eller
1254 308 98 18 memorial

960 331 12 11 2
993 321 16 30 |
1014 326 41 19 EA
1392 321 63 17 velser

955 343 98 28 Sökoe
1443 358 23 2 —

961 375 17 11 2
1014 367 36 27 20
1187 368 17 12 Pl
1345 368 7 31 up
1443 377 17 18 2)
1489 375 68 18 Första
1564 370 22 29 |
1591 375 65 18 Andra

950 386 23 37 Et
1014 385 36 40 38
1075 386 34 17 FK
1127 386 35 17 |AR
1187 382 17 44 2
1229 393 17 30 å
1286 382 9 42 Zz
1348 390 7 36 FR
1396 386 17 28 /
1444 397 17 25 &
1459 392 14 35 |
1487 400 70 17 kamm.,
1560 392 23 35 |
1587 400 70 17 kamm.

940 471 55 20 19271
1013 471 41 20 166
1179 471 26 20 10
1283 471 27 21 281
1358 472 67 21 7143]
1450 477 10 16 91
1492 472 67 21 19:46]
1592 472 53 21 20:3

1011 506 45 22 p.17

963 693 9 10 »
1013 685 41 20 1166
1179 684 26 21 10
1283 685 27 20 281
1357 685 68 22 7I143]
1450 691 10 15 ol
1492 686 68 21 19:46]
1592 686 55 21 20:38

1009 720 46 22 p.18

963 842 8 11 »
1011 834 41 21 1201
1178 835 26 20 10
1282 835 27 20 37
1385 835 42 21 160
1492 835 69 21 21:88
1562 831 18 35 |
1593 836 68 21 22:83

963 932 8 11 >»
1012 924 41 20 1215
1178 925 26 21 10
1283 925 27 20 46
1310 921 23 36 |
1343 925 83 20 121327)
1452 930 9 16 så
1492 925 69 21 27:13
1564 921 19 36 |
1593 926 68 21 28:16

1010 959 46 22 p-26

964 1141 9 10 »
1013 1133 42 20 [215
1180 1133 26 21 10
1285 1133 27 20 75
1313 1129 19 37 |
1345 1134 80 21 101327)
1451 1135 66 20 8137:
1531 1140 37 15 115)
1593 1135 53 20 39:7

1011 1168 45 22 p.-27

965 1470 8 10 »
1014 1461 42 20 1215
1180 1463 26 20 10
1284 1461 28 21 46
1312 1457 24 37 |
1345 1462 81 21 131327)
1451 1469 10 15 91
1493 1463 68 20 27:18
1562 1457 19 37 |
1593 1463 69 21 28:16

1012 1496 46 22 p.28

965 1976 9 10 »:
1014 1968 42 21 [215
1180 1968 27 21 10
1284 1968 28 21 46
1312 1964 24 37 |
1346 1969 117 21 18|327/10]
1493 1969 69 21 27:13
1564 1964 19 37 |
1594 1970 69 21 28:16

1012 2003 46 22 p-29
