1852 2363
818 157 136 15 SAKREGISTER

1645 152 42 21 183

99 432 166 27 Avsöndringar
280 440 27 14 m.
325 440 25 14 m.

86 467 25 16 44
129 463 38 20 RD
183 463 114 26 medgiver,
314 465 31 19 att
360 465 70 25 torpet
445 464 56 20 Lilla
512 465 184 25 Strängshemmet
707 465 12 20 å
730 465 41 20 den
782 465 36 21 vid
829 466 108 26 ägostyck-

144 493 51 26 ning
218 500 26 14 av
263 494 55 19 förra
334 494 218 26 fanjunkarbostället
568 494 10 20 1
596 495 82 20 mantal
694 495 104 26 Acklinga
814 502 26 13 nr
855 496 14 19 4
884 496 53 20 Pila-

144 523 79 25 gården
239 523 7 20 i
262 523 106 26 Acklinga
390 524 78 20 socken
493 522 26 28 !/,
539 524 82 20 mantal
640 525 69 20 åsatta
727 525 39 20 och
782 525 49 20 med
848 525 40 21 litt.
905 526 32 19 Eb

144 553 131 20 betecknade
293 553 62 20 delen
372 555 55 19 samt
446 556 70 24 torpet
535 554 92 21 Lassebo
643 555 13 19 å
670 555 57 20 förra
742 555 197 25 sergeantbostället

144 581 28 27 1/,
189 583 82 19 mantal
286 583 105 26 Acklinga
406 590 25 13 nr
448 583 12 20 5
477 584 126 25 Marbogård
619 584 7 20 i
642 590 83 14 samma
744 584 76 20 socken
837 585 36 20 må
889 585 49 20 med

144 611 26 21 de
193 612 109 26 områden,
326 619 45 13 som
392 613 69 20 finnas
477 614 92 24 angivna
585 614 12 19 å
612 613 26 21 de
654 614 7 19 i
677 614 88 20 ärendet
780 614 115 25 företedda,
912 621 26 14 av

144 643 60 19 extra
226 643 143 26 jägmästaren
393 643 28 20 M.
447 643 73 20 W:son
544 643 120 21 Lilliehöök
687 644 23 20 år
733 644 55 19 1925
811 644 127 27 upprättade

143 672 78 24 kartor,
241 672 123 27 frånskiljas
383 673 210 25 stamfastigheterna
611 674 40 19 och
667 673 50 21 med
733 674 148 20 tillträdesrätt
897 674 40 20 den

144 701 27 20 14
188 708 56 14 mars
262 701 56 21 1927
335 704 47 19 vart
397 703 33 20 för
445 703 32 25 sig
493 703 104 26 försäljas.

85 771 24 16 45
128 767 37 20 RD
182 767 114 26 medgiver,
313 769 32 19 att
360 768 48 20 från
424 768 200 26 kronoegendomen
642 769 10 20 1
670 769 82 20 mantal
768 769 102 21 Starbäck
886 776 25 13 nr
926 769 10 20 1

142 797 69 20 Nedre
227 797 121 25 Nolgården
364 798 40 20 och
424 798 106 20 därunder
546 798 93 27 lydande
655 799 93 20 fiskeriet
764 799 101 21 Starbäck
881 806 26 13 nr
917 800 20 24 4,

142 829 31 18 ett
196 827 97 26 laxfiske,
310 828 7 19 i
334 827 82 21 Gustav
440 828 77 20 Adolfs
541 828 77 20 socken
642 830 36 19 må
698 829 98 26 försäljas
813 829 45 20 dels
874 829 41 20 den
931 830 7 19 i

143 857 234 26 statsrådsprotokollet
400 858 143 20 omförmälda
562 858 192 26 styckningslotten
770 859 41 20 litt.
829 859 33 20 Ab
875 862 20 20 +
908 860 30 20 Ac

141 887 68 26 jämte
226 887 92 20 kronans
335 887 113 27 åbyggnad
464 888 50 20 med
530 888 110 26 undantag
656 895 26 14 av
698 888 41 21 den.
755 889 7 20 i
776 895 84 14 samma
870 891 68 24 proto-

142 916 44 20 koll
203 917 92 25 angivna
311 917 71 25 gamla
399 917 142 27 bodbyggnad
556 918 50 20 med
617 918 138 21 tillrädesrätt
765 919 33 20 för
808 919 78 26 köpare
897 919 41 20 den

144 946 27 20 14
188 953 56 13 mars
263 946 55 21 1927
336 947 40 20 och
392 947 51 20 med
458 947 106 21 förbehåll
579 954 36 14 om
630 950 43 18 rätt
688 948 33 20 för
731 949 82 20 Aurora
824 949 73 20 Aurell
908 950 31 19 att

143 976 126 26 avgiftsfritt
285 976 69 21 under
369 977 33 20 sin
419 977 73 20 livstid
508 978 6 19 i
528 978 178 26 manbyggnaden
723 978 53 20 bebo
792 979 36 20 två
839 985 48 14 rum
898 979 40 20 och

143 1006 43 20 kök
202 1008 57 18 samt
274 1006 114 27 disponera
408 1007 94 20 nämnda
519 1007 141 27 bodbyggnad
675 1008 68 26 jämte
758 1008 91 26 vedbod,
866 1008 72 21 vilken

144 1035 142 27 bodbyggnad
310 1036 36 20 det
369 1036 79 26 åligger
470 1037 78 26 köpare
567 1037 44 20 låta
628 1037 92 25 kvarstå,
739 1038 24 20 så
778 1038 61 26 länge
855 1038 41 20 den
912 1045 27 14 av

144 1066 82 19 Aurora
248 1066 74 20 Aurell
347 1066 123 25 innehaves,
494 1068 100 19 ävensom
614 1067 49 20 med
679 1067 123 27 skyldighet
816 1068 33 20 för
859 1068 80 26 köpare

144 1097 31 18 att
190 1095 59 20 hålla
264 1096 82 20 Aurora
362 1096 74 20 Aurell
452 1096 49 20 med
517 1096 65 27 nödig
598 1097 109 20 vedbrand
718 1097 68 21 under
796 1098 80 20 hennes
887 1098 51 20 åter-

143 1125 87 20 stående
254 1125 80 24 livstid,
359 1126 39 20 allt
420 1126 69 20 under
506 1126 153 27 förutsättning
679 1129 31 18 att
725 1128 43 19 hon
784 1127 71 21 städse
871 1128 68 20 håller

144 1155 133 25 vårdarinna,
294 1155 45 20 dels
359 1156 39 20 ock
417 1156 92 20 lotterna
524 1156 40 20 litt.
581 1156 39 20 Ad.
638 1157 40 20 och
694 1158 31 19 Ae
741 1164 37 13 var
793 1157 33 20 för
842 1158 31 25 sig
889 1157 50 21 med

144 1184 150 21 hembudsrätt
309 1185 33 20 till
359 1185 67 21 lotten
437 1186 41 20 litt.
490 1186 39 20 Ad.
543 1187 32 19 för
585 1186 26 21 N.
622 1187 143 20 Rickardsson
776 1187 39 20 och
827 1187 33 20 till
871 1187 68 21 lotten

142 1215 42 20 litt.
202 1216 30 19 Ae
248 1215 33 20 för
296 1215 27 20 K.
341 1215 154 26 Svenningson.

85 1279 25 15 46
128 1274 38 20 RD
182 1274 115 27 medgiver,
320 1277 32 18 att
369 1275 48 27 fyra
432 1276 13 19 å
460 1275 42 20 den
518 1277 7 18 i
541 1275 87 21 ärendet
642 1276 111 20 företedda
768 1276 75 21 kartan
860 1277 49 20 med
920 1277 17 24 TI,

144 1304 29 24 II,
190 1304 39 24 III,
247 1305 39 20 och
303 1305 31 20 IV
350 1305 7 20 i
373 1307 42 18 rött
433 1306 92 25 angivna
540 1305 102 21 områden
658 1307 36 19 må
710 1308 46 18 vart
771 1306 33 20 för
819 1307 32 26 sig
866 1307 50 20 med
931 1307 7 20 i

144 1334 233 27 statsrådsprotokollet
387 1336 90 25 angiven
489 1335 56 20 areal
556 1336 48 19 från
611 1336 199 26 kronoegendomen
820 1335 27 29 ?/,
857 1337 81 20 mantal

143 1364 110 21 Rikesäter
276 1372 25 13 nr
322 1365 10 19 1
353 1365 39 20 och
410 1365 11 20 2
438 1365 50 20 med
512 1365 27 27 !/,;
562 1366 82 20 mantal
659 1366 79 27 Botorp
754 1373 25 13 nr
796 1366 10 20 1
824 1367 7 19 i
847 1367 91 20 Istrums

143 1394 78 20 socken
237 1394 104 26 försäljas.

85 1458 25 15 47
128 1454 37 19 RD
189 1454 115 26 medgiver,
329 1456 31 18 att
379 1454 46 20 från
446 1454 199 26 kronoegendomen
662 1455 10 20 1
691 1456 81 19 mantal
788 1456 79 20 Istrum
884 1463 25 13 nr
926 1456 10 20 1

144 1483 111 26 Storegård
271 1484 40 20 och
328 1482 27 28 !/;
372 1484 82 20 mantal
471 1485 79 19 Istrum
562 1492 25 13 nr
599 1485 12 19 2
622 1485 107 26 Lillegård
740 1486 7 19 i
757 1485 92 21 Istrums
860 1486 78 20 socken

143 1514 36 19 må
202 1514 98 26 försäljas
319 1514 45 20 dels
384 1514 25 20 de
426 1514 6 20 i
449 1514 232 27 statsrådsprotokollet
696 1515 143 20 omförmälda
855 1515 49 21 med
920 1516 17 24 T,

144 1543 28 25 II,
187 1543 33 20 III
234 1544 40 20 och
285 1544 31 19 IV
327 1544 131 20 betecknade
466 1544 109 25 områden,
586 1546 47 19 vart
643 1545 33 20 för
687 1545 32 25 sig
730 1545 49 20 med
791 1546 7 19 i
810 1545 128 26 protokollet

143 1573 90 26 angiven
256 1573 62 23 areal,
342 1573 46 21 dels
408 1574 39 20 ock
463 1576 30 18 ett
508 1574 7 20 i
531 1580 83 14 samma
630 1575 106 26 protokoll
752 1575 85 26 angivet
851 1575 87 21 område

143 1609 35 14 om
195 1603 49 21 5.48
262 1603 76 21 hektar
353 1603 50 20 med
419 1603 149 21 tillträdesrätt
584 1604 40 20 den
643 1604 27 20 14
686 1611 56 14 mars
760 1605 55 20 1927
833 1605 39 20 och
888 1605 50 20 med

143 1634 42 18 rätt
200 1633 33 20 till
249 1633 119 26 utfartsväg
383 1635 50 19 över
449 1634 191 26 stamfastigheten.

113 1691 62 21 Inom
198 1691 132 22 Värmlands
345 1693 45 20 län:

86 1726 24 16 48
128 1722 38 20 RD
189 1722 115 26 medgiver,
329 1724 31 19 att
379 1723 48 20 från
443 1723 154 26 Kronoparken
613 1724 71 20 Kärne
700 1724 7 20 i
724 1724 69 20 Grava
809 1724 77 20 socken
902 1725 36 19 må

142 1752 125 27 frånskiljas
278 1753 40 20 och
329 1753 99 27 försäljas
437 1760 26 14 en
472 1754 26 20 åi
507 1753 231 27 statsrådsprotokollet
746 1754 129 21 omförmäld
883 1754 54 20 kart-

143 1782 64 26 kopia
223 1782 50 20 med
288 1782 38 21 röd
342 1783 116 27 gränslinje
474 1783 97 21 utmärkt
586 1783 99 26 lägenhet
700 1790 35 14 om
753 1784 47 20 1.63
819 1784 75 21 hektar
904 1784 33 20 till

143 1812 33 20 till
193 1812 25 20 G.
235 1807 46 25 Åhs
297 1815 46 18 mot
359 1819 25 14 en
401 1813 144 27 köpeskilling
560 1820 26 14 av
602 1813 43 20 550
661 1814 31 19 kr.

113 1871 62 20 Inom
195 1870 79 22 Örebro
290 1872 45 20 län:

86 1905 24 16 49
129 1901 37 20 RD
190 1901 109 26 medgiver
322 1902 77 20 sådant
414 1903 90 26 ägobyte
521 1902 79 21 mellan
616 1903 81 20 kronan
713 1903 40 20 och
775 1903 162 27 Nitroglycerin-

143 1931 143 26 aktiebolaget
301 1933 33 19 att
349 1932 82 20 kronan
446 1932 34 20 till
497 1932 84 26 bolaget
596 1939 26 14 av
639 1933 102 26 Gyttorps
753 1940 61 13 norra
825 1933 39 20 och
876 1933 62 20 södra

143 1960 135 26 allmänning
301 1968 25 13 nr
345 1962 19 23 1,
384 1968 26 14 en
434 1962 124 26 gruveskog,
574 1962 7 20 i
597 1962 55 21 Nora
673 1963 78 20 socken
776 1963 104 20 överlåter
902 1964 36 20 två

143 1990 86 25 skiften,
246 1993 134 23 gemensamt
394 1991 121 20 benämnda
527 1992 102 26 Gyttorps
642 1999 61 13 norra
714 1992 143 27 allmännings
868 1994 70 19 västra

144 2019 41 25 del,
202 2020 6 20 i
225 2020 42 20 den
282 2021 149 26 utsträckning
447 2021 26 20 de
488 2023 59 19 ännu
562 2023 36 19 äro
613 2022 7 20 i
636 2022 93 20 kronans
745 2024 39 24 ägo
795 2024 56 18 samt
862 2024 31 19 att
904 2023 33 20 bo-

143 2049 57 26 laget
223 2050 33 20 till
279 2050 82 21 kronan
385 2051 103 20 överlåter
511 2051 175 21 hemmansdelen
708 2050 35 29 ”/,;
764 2052 81 20 mantal
861 2052 78 20 Gamla

969 249 22 145 1Bs3EpsALA

1027 296 17 105 TO9S[ALLYS
1027 237 18 47 191[9

1046 367 17 54 "doad
1047 295 21 65 s:lem
1047 220 21 70 Bun

1085 274 95 18 Motioner

1243 244 94 18 Utskotts-

1231 274 112 18 utlåtanden

1207 304 48 17 eller
1266 304 99 18 memorial

1410 227 52 17 Riks-

1400 256 72 23 dagens

1414 286 46 18 skri-

1406 316 63 18 velser

1529 257 118 17 Kamrarnas

1514 287 145 22 förhandlingar

1088 382 34 17 FK

1142 382 34 17 AK

1200 364 17 57 "Tues

1242 370 17 48 "PAy

1296 382 17 16 a

1296 400 11 9 H

1356 372 17 45 BpIS

1457 372 17 12 z

1409 382 65 22 Bila

1410 400 59 17 SA

1503 371 67 17 Första
1576 367 20 31 |
1604 371 65 17 Andra

1500 395 70 18 kamm.
1571 391 24 31 |
1601 395 70 17 kamm.

952 466 55 20 1926

1018 507 25 11 Ts
1018 471 25 11 HR

1040 466 19 52 =S

1055 467 15 51 SN

1026 769 41 22 102

1024 805 44 22 p.11

1025 1276 43 20 102

1024 1311 46 23 p.12

1025 1455 42 21 102

1022 1490 47 23 p.13

1032 1724 27 20 25

1023 1759 46 23 p-19

1025 1903 40 21 157

1192 770 26 21 10

1192 1276 26 21 10

1191 1456 26 21 10

1191 1724 27 21 10

1192 1904 26 20 10

1297 467 27 20 38

1297 771 27 20 38

1297 1277 28 20 38

1298 1456 27 21 38

1297 1904 26 20 27

1358 776 23 15 12

1358 1282 24 16 12

1358 1462 24 15 13

1358 1730 23 16 13

1397 467 77 21 176112

1398 771 76 21 176113

1399 1278 75 20 176113

1400 1457 74 20 176113

1412 1725 62 22 65115

1399 1904 40 20 138

1505 468 68 20 27:48]
1605 468 69 20 27:33

1505 771 69 20 27:48
1581 767 14 34 |
1598 772 33 20 27:
1643 771 41 21 38d

1506 1278 68 21 27:48
1576 1274 14 34 |
1607 1279 33 20 27:
1652 1284 23 15 35

1505 1458 69 20 27:48
1575 1454 14 34 |
1606 1458 33 20 27:
1651 1463 24 15 85

1505 1905 69 20 21:88
1575 1901 14 34 |
1606 1905 69 21 21:22
