1849 2358
808 156 135 17 SAKREGISTER

71 1469 1 5 |
93 1458 9 15 3
121 1454 73 19 Såsom
220 1454 74 26 bidrag
317 1455 33 20 till
369 1455 104 20 täckande
493 1463 25 13 av
535 1456 142 20 kostnaderna
693 1456 32 20 för
741 1456 26 21 de
783 1456 146 26 föreläsnings-

90 430 179 35 Föreläsningar.
937 440 1 23 |

93 631 8 14 3
121 626 74 20 Såsom
214 626 72 26 bidrag
302 627 32 19 för
351 626 134 21 bestridande
502 634 25 13 av
543 627 143 21 kostnaderna
701 628 33 20 för
745 628 26 20 de
783 628 155 28 föreläsnings-
925 622 10 38 |

94 786 6 14 1
120 781 74 20 Såsom
211 781 74 26 bidrag
301 781 33 21 till
350 782 136 20 bestridande
502 789 26 14 av
540 783 143 20 kostnaderna
698 783 33 20 för
745 783 25 20 de
782 783 145 26 föreläsnings-

92 946 9 15 2
119 941 42 20 Till
177 942 116 20 understöd
310 943 22 19 åt
347 943 102 20 anstalter
464 943 39 20 och
520 944 126 25 föreningar,
663 950 45 14 som
725 944 94 20 anordna
833 944 95 26 populär-

115 1341 13 13 a
138 1335 41 20 Till
204 1335 137 21 anordnande
361 1343 26 13 av
402 1336 230 26 folkbildningskurser
647 1337 112 27 (flyttande
775 1338 165 25 folkhögskole-
929 1331 10 37 |

95 1756 6 16 1
121 1752 41 20 Till
179 1752 116 21 understöd
311 1753 22 20 åt
348 1753 102 21 anstalter
465 1754 39 20 och
521 1754 126 26 föreningar,
663 1761 45 14 som
725 1755 95 20 anordna
836 1755 95 26 populär-

959 251 22 145 1883EpsAIY

1075 275 93 17 Motioner

1231 245 94 18 Utskotts-

1219 275 112 18 utlåtanden

1204 305 46 18 eller
1263 306 98 17 memorial

1634 149 41 26 595

1398 228 53 17 Riks-

1388 257 72 23 dagens

1402 288 46 17 skri-

1395 318 61 17 velser

1517 258 118 18 Kamrarnas

1503 288 145 23 förhandlingar

1016 298 18 104 198[9ALLYS
1016 238 17 48 I9]9

1036 369 16 53 "doad
1030 298 31 72 sy:len
1030 240 31 47 [Bun

1072 393 29 6 Hm

1095 383 16 17 5

1130 383 34 17 AK

1188 365 18 58 "TmuBg

1230 371 17 48 "PAV

1284 383 17 17 z

1284 401 11 9 7

1344 373 17 45 BvpIs

1397 383 17 27 IN

1491 372 67 17 Första

1488 396 70 17 kamm.
1559 392 24 31 |
1589 397 70 17 kamm,

1591 367 66 33 Andra
1674 371 1 48 |

137 465 9 20 1
164 465 41 26 juli
223 465 115 20 1928—30
354 466 47 26 juni
419 466 56 20 1929
490 466 51 20 eller
552 473 72 13 senare
636 466 67 21 hållas
715 469 59 18 utom
785 467 142 20 universitets-
937 467 61 20 1928

135 495 105 24 städerna,
257 495 84 20 anvisas
352 496 33 19 för
395 496 125 26 budgetåret
533 495 124 28 1928/1929
670 499 30 18 ett
711 498 59 19 extra
781 497 146 20 reservations-

135 524 74 27 anslag
232 532 26 13 av
282 525 64 20 9500
364 525 37 23 kr.,
426 532 63 14 varav
509 525 64 21 5000
593 526 30 20 kr.
644 526 32 20 till
693 527 95 26 Uppsala
804 527 134 28 universitet
925 520 16 39 |

135 555 40 20 och
192 555 65 20 4500
274 555 30 20 kr.
321 555 33 20 till
371 555 72 21 Lunds
460 556 130 20 universitet.

135 656 80 23 kurser,
238 662 45 14 som
307 658 36 18 äro
366 656 93 21 avsedda
478 659 31 18 att
525 664 121 14 sommaren
665 657 55 21 1928
736 657 51 21 eller
803 665 73 13 senare
892 658 46 20 vid
920 652 19 36 |

135 686 147 20 universitetet
297 686 6 20 i
320 686 95 27 Uppsala
438 687 105 20 anordnas
566 687 33 20 för
622 687 152 25 allmänheten,
794 688 84 20 anvisas
896 687 42 21 för|

136 715 124 26 budgetåret
282 716 123 27 1928/1929
423 719 30 18 ett
468 718 60 19 extra
544 717 214 27 reservationsanslag
773 724 26 14 av
815 717 65 21 8000
896 718 30 20 kr.

135 811 80 24 kurser,
232 817 46 14 som
295 813 36 19 äro
347 811 93 21 avsedda
451 814 30 18 att
492 819 121 14 sommaren
627 813 55 20 1929
694 813 51 20 eller
755 819 73 14 senare
839 813 7 19 i
857 813 71 20 Stock-

135 840 58 21 holm
205 841 106 20 anordnas
322 841 33 20 för
365 841 152 26 allmänheten,
530 843 84 20 anvisas
625 843 33 20 för
669 843 124 26 budgetåret
803 841 125 26 1929/1930

135 872 30 18 ett
182 872 60 19 extra
257 872 216 25 reservationsanslag
489 879 25 13 av
531 872 13 20 8
554 872 42 21 000
612 873 31 19 kr.

134 971 161 27 vetenskapliga
310 972 159 27 föreläsningar,
486 974 84 20 anvisas
584 974 32 19 för
626 973 125 26 budgetåret
765 972 123 28 1929/1930
900 976 30 18 ett

135 1003 60 18 extra
218 1002 215 26 reservationsanslag
456 1009 26 14 av
501 1003 42 20 402
553 1003 42 20 000
615 1003 38 24 kr.;
670 1004 39 19 och
727 1003 113 26 medgives,
857 1006 32 18 att
904 1010 25 14 av

135 1031 60 20 detta
210 1031 74 26 anslag
300 1032 36 20 må
351 1032 109 20 användas
477 1032 63 21 3000
557 1033 30 20 kr.
604 1033 33 20 till
653 1033 77 20 arvode
747 1034 21 19 åt
784 1040 25 13 en
826 1034 38 19 hos
876 1033 53 21 skol-

135 1061 154 26 överstyrelsen
313 1061 92 21 anställd
429 1062 261 26 föreläsningskonsulent,
715 1063 62 26 högst
801 1063 26 20 18
837 1063 42 20 000
898 1063 30 20 kr.

136 1090 32 20 till
188 1090 115 21 understöd
322 1092 22 19 åt
362 1092 157 26 centralbyråer
536 1093 33 20 för
584 1093 129 26 förmedling
729 1100 26 13 av
770 1093 159 27 populärveten-

135 1120 98 26 skapliga
255 1121 159 26 föreläsningar,
439 1122 61 26 högst
525 1122 63 21 7000
612 1123 30 20 kr.
660 1123 33 20 till
709 1123 116 20 understöd
841 1124 22 19 åt
878 1123 50 20 före-

135 1150 196 26 läsningsförbund,
355 1151 62 26 högst
442 1151 78 21 10000
538 1152 30 20 kr.
593 1152 33 21 till
646 1152 115 21 understöd
780 1154 22 19 åt
821 1153 56 20 vissa
896 1160 33 12 an-

134 1180 74 20 stalter
223 1180 40 20 och
279 1181 121 26 föreningar
415 1182 32 19 för
463 1188 26 14 av
505 1182 49 20 dem
571 1182 70 20 havda
656 1182 160 21 resekostnader
832 1183 32 19 för
879 1183 49 20 före-

135 1210 74 24 läsare,
226 1212 57 19 samt
300 1210 63 21 1500
380 1211 30 20 kr.
427 1211 33 20 till
476 1212 117 20 understöd
609 1212 32 20 för
656 1212 115 26 utgivande
787 1219 26 14 av
827 1212 103 20 Tidskrift

135 1240 33 20 för
181 1240 315 26 föreläsningsverksamheten;
511 1242 82 20 motion
604 1249 35 13 om
651 1242 73 26 anslag
734 1242 32 20 till
778 1242 152 21 kombinerade

136 1269 146 27 föreläsnings-
299 1271 40 19 och
355 1271 213 21 studiecirkelkurser
583 1272 75 20 avslås.

135 1365 81 26 kurser)
239 1366 85 20 anvisas
346 1366 33 20 för
402 1366 125 26 budgetåret
548 1365 124 29 1929/1930
692 1369 30 18 ett
740 1369 60 18 extra
816 1367 73 26 anslag
905 1374 25 13 av

136 1395 26 19 25
173 1394 43 20 000
233 1395 30 20 kr.

136 1484 79 23 kurser,
240 1490 46 14 som
310 1485 46 19 från
380 1485 152 21 universiteten
550 1486 6 19 i
573 1486 94 26 Uppsala
690 1486 39 20 och
746 1486 61 20 Lund
824 1486 64 20 varda
904 1487 26 25 på

136 1514 90 25 begäran
248 1521 49 13 vare
320 1514 31 26 sig
373 1522 25 12 av
422 1516 128 23 institution,
575 1522 46 14 som
643 1517 20 25 ej
687 1517 95 25 åtnjuter
797 1516 85 20 särskilt
898 1516 32 20 till

135 1543 252 27 populärvetenskapliga
410 1545 154 26 föreläsningar
583 1546 89 26 beviljat
688 1546 176 25 statsunderstöd,
880 1546 51 20 eller

137 1579 25 13 av
179 1573 42 20 viss
238 1573 104 21 kommun
359 1574 51 20 eller
426 1575 84 20 enskild
527 1582 75 19 person
619 1575 122 21 anordnade
752 1577 31 18 att
794 1576 67 20 under
871 1575 59 21 tiden

138 1602 9 20 1
165 1602 42 27 juli
224 1603 116 21 1929—30
356 1605 48 25 juni
423 1604 55 20 1930
490 1605 51 20 eller
552 1612 73 13 senare
637 1605 68 20 hållas
717 1607 58 19 utom
788 1606 141 20 universitets-

136 1632 105 25 städerna,
266 1634 83 20 anvisas
371 1634 33 20 för
428 1634 124 26 budgetåret
578 1633 126 29 1929/1930
720 1637 31 19 ett
766 1637 60 18 extra
841 1642 89 14 reserva-

136 1662 132 27 tionsanslag
284 1670 26 13 av
327 1663 64 21 9500
408 1664 38 25 kr.,
458 1671 63 14 varav
533 1665 12 19 5
556 1665 42 20 000
613 1665 30 20 kr.
656 1665 33 20 till
702 1665 94 26 Uppsala
807 1666 125 20 universitet

135 1692 40 20 och
194 1692 64 21 4500
275 1693 31 20 kr.
324 1693 33 21 till
374 1694 73 20 Lunds
463 1695 132 20 universitet.

135 1782 161 26 vetenskapliga
312 1783 158 26 föreläsningar,
487 1784 84 21 anvisas
585 1785 33 19 för
630 1784 124 26 budgetåret
767 1784 123 27 1930/1931
902 1786 31 19 ett

136 1814 60 18 extra
219 1813 215 26 reservationsanslag
457 1820 26 13 av
506 1813 43 21 402
559 1814 42 20 000
618 1814 38 24 kr.;
673 1815 39 20 och
729 1814 114 26 medgives,
860 1816 32 19 att
907 1821 26 14 av

136 1841 59 20 detta
210 1842 74 26 anslag
300 1843 35 19 må
351 1843 109 20 användas
477 1843 11 19 3
498 1843 43 20 000
557 1844 31 20 kr.
605 1844 34 20 till
654 1844 77 20 arvode
747 1845 22 20 åt
784 1851 26 14 en
827 1844 38 20 hos
879 1844 53 20 skol-

136 1871 153 27 överstyrelsen
306 1873 93 20 anställd
415 1873 262 26 föreläsningskonsulent,
692 1874 62 26 högst
767 1874 26 20 18
803 1873 42 21 000
857 1874 30 20 kr.
900 1874 32 20 till

137 1900 115 21 understöd
271 1902 22 19 åt
311 1902 158 27 centralbyråer
484 1903 33 20 för
533 1903 128 26 förmedling
677 1910 26 14 av
720 1904 212 26 populärvetenskap-

137 1930 42 26 liga
194 1931 160 26 föreläsningar,
371 1932 62 25 högst
448 1932 11 20 7
470 1932 42 20 000
524 1933 30 20 kr.
573 1933 32 20 till
621 1933 117 20 understöd
754 1934 22 19 åt
786 1933 146 26 föreläsnings-

137 1960 100 24 förbund,
260 1961 62 26 högst
339 1961 26 20 10
375 1961 42 21 000
437 1962 31 20 kr.
485 1962 33 20 till
535 1962 116 21 understöd
667 1964 22 19 åt
704 1964 57 20 vissa
776 1963 102 20 anstalter
894 1963 39 20 och

136 1990 122 26 föreningar
276 1991 33 20 för
324 1998 27 13 av
366 1991 49 21 dem
432 1991 70 21 havda
518 1992 160 21 resekostnader
694 1993 33 20 för
742 1993 120 24 föreläsare,
878 1995 66 24 samt
929 1986 20 37 |

139 2019 63 20 1500
227 2020 30 20 kr.
277 2020 33 20 till
327 2021 117 20 understöd
460 2022 32 20 för
509 2022 114 26 utgivande
639 2029 27 14 av
682 2022 104 21 Tidskrift
801 2023 33 20 för
850 2021 94 22 föreläs-|

137 2049 236 26 ningsverksamheten;
386 2051 39 20 och
436 2052 85 20 anvisas
532 2052 33 20 för
576 2052 95 26 tillfällig
681 2053 144 25 förstärkning
836 2059 25 14 av
872 2059 61 14 ovan-

944 781 56 23 1929|

946 1754 57 22 1930

1016 628 9 20 bor

1044 628 13 20 9

1008 663 55 22 p.231

1016 784 41 20 1:8

1008 819 57 22 p.248

1075 945 40 20 137

1018 1338 40 20 1:8

1010 1379 15 15 p.
1031 1372 35 18 244

1019 1457 39 20 1:8

1010 1498 16 16 p.
1031 1492 35 17 246
1123 1503 1 10 I

1274 944 38 20 121

1290 1754 25 20 21

1332 629 68 20 15018

1332 789 37 15 162

1437 635 32 13 116

1438 790 31 13 102

1595 1338 33 20 40:
1640 1343 24 15 96

1495 1456 32 20 32:
1539 1461 24 15 98
1565 1452 22 34 |
1595 1457 34 20 40:
1640 1463 24 14 96

1512 1754 52 20 9:41
1567 1749 22 35 |
1599 1753 67 21 10:46
