1855 2367
174 147 42 21 680
906 154 136 16 SAKREGISTER

193 428 85 24 Holmö
294 428 283 29 fattigvårdssamhälle;
593 439 22 13 se
632 431 133 27 Fattigvård
779 432 72 26 (1921:
862 433 26 26 9).

192 494 112 29 Holmön;
321 504 22 14 se
360 497 119 21 Allmänna
494 497 87 21 arbeten
597 497 73 27 (1927:
682 496 25 29 5).

192 561 76 28 Holst,
284 561 26 22 A.
326 562 32 25 D.,
374 564 15 20 f.
406 563 20 21 d.
444 563 155 27 linjearbetare.

222 595 54 25 Ang.
296 593 116 21 understöd
431 594 22 20 åt
468 594 54 21 hans
538 594 56 20 änka
610 594 39 20 och
666 594 64 24 barn;
748 600 21 14 se
785 593 124 26 Pensioner,
926 595 106 27 beviljade

237 623 80 27 (1921).

191 682 77 27 Holtz,
285 682 24 23 G.
325 682 33 26 A.,
375 683 88 27 kapten;
481 690 22 14 se
519 682 81 22 Armén
616 683 72 26 (1929:
700 683 41 27 55).

191 746 217 29 Honnörsplikten;
427 756 22 15 se
470 749 171 22 Försvarsväsen
657 749 73 27 (1930:
742 750 24 26 3),
789 749 117 28 Värnplikt
921 750 73 27 (1929:
1006 751 24 27 4).

192 814 81 22 Horna
288 814 154 28 kronopark;
459 822 22 14 se
498 814 166 28 Avsöndringar
679 815 73 26 (1925:
764 815 40 28 26).

192 880 66 22 Horn
273 885 30 16 nr
319 880 24 26 6;
360 888 21 14 se
398 880 163 28 Avsöndringar
576 881 72 26 (1925:
661 887 32 19 62;
713 881 63 21 1927:
782 876 37 37 66;
838 882 63 21 1928:
913 882 54 26 107).

192 944 214 28 Hornborgasjöns
422 944 245 28 sänkningsföretag.

237 1007 120 26 utredning,
374 1014 47 14 som
437 1007 107 26 påkallats
560 1007 33 20 för
608 1009 30 19 ett
654 1007 137 26 fullständigt
806 1007 151 26 klarläggande
968 1015 26 14 av
1006 1008 25 21 de

236 1037 150 20 förhållanden
405 1037 50 20 med
475 1037 104 21 avseende
595 1038 13 19 å
623 1037 186 27 Hornborgasjöns
826 1037 205 27 sänkningsföretag,

238 1067 59 20 vilka
312 1067 74 20 kunna
401 1073 61 14 anses
479 1073 50 14 vara
539 1073 26 14 av
576 1067 118 26 avgörande
705 1067 109 26 betydelse
825 1067 33 20 för
873 1069 31 18 ett
912 1067 119 27 ställnings-

237 1096 91 26 tagande
351 1096 34 21 till
407 1097 74 25 frågan
505 1103 35 14 om
559 1096 122 27 ytterligare
700 1096 170 21 statsunderstöd
889 1097 33 20 till
938 1097 94 21 nämnda

237 1123 86 34 företag.
788 1133 3 3 S

222 1186 105 20 Motioner
350 1192 35 14 om
409 1186 108 20 räntefritt
540 1185 166 21 låneunderstöd
729 1187 22 19 åt
770 1186 186 27 Hornborgasjöns
972 1187 59 20 sänk-

238 1216 161 26 ningsförening
414 1216 77 22 avslås.

222 1276 38 20 RD
276 1275 115 26 medgiver,
408 1277 31 19 att
451 1275 33 21 till
496 1275 186 27 Hornborgasjöns
693 1275 198 26 sänkningsföretag
901 1276 36 20 må
948 1276 84 21 anvisas

237 1305 129 26 statsbidrag
382 1305 47 20 från
445 1307 82 19 statens
543 1305 203 26 avdikningsanslag
761 1305 49 21 med
827 1305 42 21 350
879 1305 42 21 000
937 1306 32 20 kr.

193 1364 155 26 Hornsbergs
364 1362 261 28 municipalsamhälle;
641 1371 22 14 se
679 1364 133 27 Ersättning
827 1364 72 28 (1927:
911 1365 25 26 5).

194 1423 172 29 Hornslandet;
382 1432 22 13 se
420 1423 166 28 Avsöndringar
601 1424 72 26 (1924:
685 1424 40 26 49).

194 1481 137 23 Hornstäve
347 1488 30 16 nr
392 1482 15 22 3
422 1480 175 29 Prästgården;
614 1491 22 13 se
654 1483 166 27 Avsöndringar
834 1483 73 27 (1929:
920 1483 38 28 13).

192 1541 83 28 Hosjö;
292 1551 22 13 se
330 1543 129 27 Järnvägar
474 1543 96 26 (1921:b
587 1543 42 26 50),
646 1543 110 21 Semester-
773 1543 36 21 och
822 1542 89 22 vilohem
923 1543 80 27 (1921).

192 1601 206 27 Hospitalsväsen.

195 1639 8 15 1
223 1634 33 20 Av
271 1634 36 20 det
319 1635 51 19 utav
382 1633 57 20 1918
450 1634 33 20 års
495 1633 88 27 lagtima
594 1633 86 26 riksdag
692 1633 105 26 beviljade
808 1633 96 26 anslaget
914 1634 13 19 å
938 1633 42 21 230
990 1633 42 21 000

238 1664 31 20 kr.
293 1664 71 20 såsom
383 1663 75 26 bidrag
477 1663 33 20 till
529 1663 26 21 de
575 1663 229 26 befordringsavgifter,
820 1663 59 21 vilka
895 1663 137 27 befattnings-

238 1694 85 24 havare,
340 1693 129 21 tillhörande
485 1693 121 27 sjukvårds-
618 1693 39 20 och
669 1693 225 26 ekonomipersonalen
906 1693 36 21 vid
953 1695 80 19 statens

238 1723 93 27 hospital
351 1723 40 21 och
410 1723 76 27 asyler,
503 1723 55 21 hava
574 1725 38 23 att,
628 1723 70 20 därest
714 1723 26 20 de
755 1723 27 20 fr.
798 1729 19 14 o.
834 1730 28 13 m.
879 1724 23 19 år
919 1723 56 20 1919
992 1724 40 20 till-

238 1753 61 21 träda
322 1754 121 25 befattning
461 1754 13 19 å
489 1753 44 21 ord.
553 1755 48 23 stat,
619 1753 66 25 enligt
700 1753 139 25 reglementet
854 1753 33 20 för
902 1753 130 21 civilstatens

237 1784 62 20 änke-
323 1784 40 20 och
387 1783 133 27 pupillkassa
544 1783 33 20 till
601 1782 95 21 nämnda
718 1783 63 20 kassa
799 1783 89 26 erlägga,
905 1784 84 20 anvisas
1006 1784 27 26 på

239 1815 60 19 extra
315 1815 42 19 stat
372 1813 34 20 för
421 1814 23 19 år
461 1813 56 20 1922
534 1815 31 18 ett
579 1813 170 26 förslagsanslag,
766 1813 68 26 högst,
851 1813 27 20 45
889 1812 42 21 000
947 1813 31 20 kr.

195 1878 9 15 2
222 1873 42 20 För
286 1872 136 27 uppförande
445 1879 26 14 av
495 1874 31 19 tre
550 1872 128 21 bostadshus
701 1873 33 20 för
757 1872 98 26 personal
878 1872 37 21 vid
938 1873 94 26 Uppsala

237 1903 94 26 hospital
347 1903 39 20 och
402 1902 46 27 asyl
464 1903 85 20 anvisas
565 1903 27 25 på
608 1904 59 19 extra
683 1904 42 19 stat
740 1902 33 20 för
789 1903 22 20 år
829 1902 55 21 1922
901 1904 31 19 ett
942 1909 90 15 reserva-

238 1932 132 26 tionsanslag
386 1939 26 14 av
428 1932 42 21 230
481 1932 42 20 800
540 1932 31 20 kr.

196 1997 9 15 3
223 1992 41 20 För
287 1992 141 20 fortsättande
452 1999 26 13 av
497 1992 82 20 arbetet
594 1991 50 31 med
660 1992 132 26 anläggande
808 1999 26 13 av
850 1993 30 19 ett
895 1992 137 26 reningsverk

237 2022 34 20 för
281 2021 255 27 vattenledningsvattnet
547 2021 36 21 vid
594 2022 129 20 Östersunds
733 2022 94 26 hospital
838 2022 84 20 anvisas
934 2023 27 25 på
972 2024 60 18 extra

222 977 38 21 RD
274 977 103 26 anhåller,
388 979 32 18 att
430 977 62 20 KM:t
502 977 50 21 ville
563 977 44 21 låta
618 977 128 27 skyndsamt
756 977 116 21 verkställa
882 977 42 21 den
934 980 97 18 närmare
1046 977 58 23 [1928]

238 2053 42 19 stat
295 2052 33 20 för
343 2052 23 20 år
384 2051 55 21 1922
456 2053 31 19 ett
503 2051 214 27 reservationsanslag
733 2058 26 14 av
776 2051 41 21 165
827 2051 42 21 000
886 2052 30 20 kr.

1148 213 7 31 AR
1501 223 53 18 Riks-

1119 235 13 10 &

1066 247 17 27 5
1120 236 35 47 så
1219 271 4 4 é
1335 241 94 18 TEkone:
1492 253 72 22 dagens
1620 253 117 18 Kamrarnas

1066 278 17 26 Sö
1143 276 18 37 z
1178 272 94 17 Motioner
1323 271 114 34 utlåtanden
1505 283 47 18 kr.
1605 283 145 22 förhandlingar

1066 308 17 28 -
1120 306 17 29 E
1139 314 22 24 2
1299 301 47 18 eller
1358 301 99 18 memorial
1498 313 62 18 völker

1061 339 17 25 2
1096 319 22 57 |
1120 337 39 29 25

1066 368 18 12 ol
1206 380 7 5 -
1333 362 18 31 od
1452 362 7 31 np
1547 370 18 18 zel
1593 368 68 17 Första
1665 363 24 31 |
1694 367 66 17 Andra

1062 379 16 41 cr
1120 379 36 40 23
1180 380 34 17 ER
1232 380 36 17 jar
1292 375 17 44 ä
1333 385 18 32 ä
1391 375 9 45 Zz
1447 390 17 25 >
1500 379 17 27 2
1547 390 17 25 &|]
1590 392 71 17 kamm.
1665 384 23 35 |
1692 391 70 18 kamm.

1178 978 133 20 116/298110
1389 979 27 20 59
1489 978 42 20 223
1589 977 141 23 S2LL07/235:
1741 983 23 16 81

1047 1182 56 35 1929
1179 1186 93 21 170296
1287 1186 24 20 110
1389 1187 27 20 48
1590 1186 32 20 26:
1633 1185 41 22 20d]
1697 1187 33 20 32:
1742 1192 24 15 22

1048 1275 57 23 1930]
1120 1276 39 21 191
1286 1275 25 21 10
1390 1277 27 20 52
1490 1275 41 21 230
1597 1276 33 20 28:
1641 1281 25 15 33
1667 1272 22 34 |
1698 1276 33 21 30:
1742 1281 25 16 24

1049 1632 112 23 192111:5
1300 1633 12 21 6!
1342 1634 10 20 11
1379 1634 37 20 5A!
1449 1639 24 15 5215
1492 1633 74 21 Alssl
1598 1633 69 21 18:36]
1698 1633 69 20 23:44

1118 1674 18 17 p-
1141 1669 23 17 75

1070 1872 90 20 3110
1299 1872 12 20 6
1378 1873 39 19 5A|
1450 1877 24 15 5815
1493 1872 74 20 Als4l|
1598 1871 68 21 18:36
1666 1867 14 36 |
1698 1872 69 20 23:44

1117 1913 18 16 p.
1141 1907 22 18 78

1070 1999 9 11 RR
1120 1991 40 21 Ne
1298 1991 12 20 6
1379 1992 39 19 5A|
1450 1996 24 16 8315
1493 1991 74 20 Als4]
1598 1990 69 21 18:36
1667 1986 14 36 |
1698 1990 69 21 23:44

1116 2026 45 23 Pp-79
