1831 2355
764 150 222 16 SAKREGISTER

1636 150 38 20 851

88 440 366 26 Kommunikationsdepartementet.

91 472 7 17 1
115 469 43 21 RD
176 470 128 26 godkänner
322 470 161 27 avlöningsstat
501 470 33 20 för
551 470 379 27 kommunikationsdepartementet

129 501 58 18 samt
202 500 88 20 anvisar
304 500 34 20 till
353 500 386 26 kommunikationsdepartementet:
755 500 127 27 avlöningar
897 502 33 18 ett

129 529 75 27 anslag
220 536 28 13 av
264 529 41 21 290
314 529 41 21 000
370 530 32 20 kr.
420 529 33 27 (f).

87 591 12 17 2
114 588 41 20 Till
171 588 387 27 kommunikationsdepartementet:
574 589 155 20 omkostnader
743 589 87 20 anvisas
845 590 33 19 ett
892 595 38 14 an-

129 618 46 26 slag
191 624 28 14 av
235 618 27 19 40
271 618 41 20 000
327 618 32 20 kr.
377 618 33 26 (f).

157 654 22 16 Se
192 654 35 16 ock
241 653 88 20 Statsråd;
342 654 125 20 Tjänstebrev.

88 702 394 25 KOMMUNIKATIONSFÖRETAG.

105 737 7 19 I
128 736 43 20 anl.
187 743 28 13 av
231 736 62 21 RD:s
308 743 56 14 rev:s
376 743 58 14 anm.
447 739 58 18 samt
517 737 6 20 i
535 739 75 18 ämnet
621 738 81 20 väckta
714 738 108 20 motioner
833 738 97 20 anhåller

130 766 50 24 RD,
195 768 35 18 att
244 766 64 20 KM:t
321 767 50 19 ville
385 767 45 20 låta
444 767 118 20 verkställa
577 773 26 14 en
617 767 85 27 allsidig
715 767 117 27 utredning
845 774 28 14 av
887 768 43 20 frå-

129 801 42 21 gan
187 802 35 14 om
238 796 102 26 åtgärder
354 796 34 20 för
402 797 107 20 ernående
524 803 28 14 av
567 803 26 14 en
609 803 26 14 ur
649 797 57 20 olika
722 797 137 26 synpunkter
874 798 55 19 sund

129 826 105 26 reglering
248 832 29 14 av
291 826 147 20 förhållandet
452 826 79 21 mellan
546 826 104 24 biltrafik,
665 827 118 26 järnvägar
797 827 40 20 och
852 827 77 26 sjöfart

129 855 70 26 jämte
215 856 89 20 därmed
320 856 216 26 sammanhängande
551 857 112 25 spörsmål.

88 914 380 21 KOMMUNIKATIONSVERKEN.

116 944 42 20 RD
174 944 45 20 dels
233 945 101 23 besluter,
349 945 50 20 med
413 945 139 27 tillämpning
566 946 25 19 fr.
607 952 19 14 o.
640 952 29 14 m.
685 946 40 20 den
742 946 8 19 1
766 946 40 26 juli
821 946 60 23 1931,
896 947 34 19 att

130 974 6 20 i
150 974 41 20 den
205 974 37 20 vid
256 975 257 26 avlöningsreglementet
527 975 41 20 den
583 975 25 20 19
620 976 49 25 juni
683 976 53 20 1919
749 976 34 20 för
795 976 134 26 tjänstemän

129 1004 37 20 vid
188 1004 135 26 postverket,
346 1005 174 26 telegrafverket,
542 1007 85 18 statens
646 1005 119 27 järnvägar
785 1006 40 19 och
846 1007 84 18 statens

129 1034 182 20 vattenfallsverk
335 1034 78 26 fogade
436 1035 249 27 tjänsteförteckningen
708 1035 55 20 skall
785 1035 38 20 vid
846 1037 84 18 statens

128 1063 119 27 järnvägar
264 1064 7 19 i
289 1064 47 20 26:e
355 1064 130 27 lönegraden
505 1066 108 25 upptagas
631 1065 125 26 befattning
774 1065 71 20 såsom
863 1065 67 20 förste

129 1093 100 20 aktuarie
244 1094 40 19 och
299 1094 49 19 chef
362 1094 34 20 för
410 1094 123 20 statistiska
548 1094 109 24 kontoret;
673 1096 58 19 samt
745 1096 35 19 att
795 1101 25 14 ur
834 1095 95 20 nämnda

129 1123 138 26 förteckning
283 1123 54 20 skall
352 1124 38 19 vid
406 1125 84 18 statens
505 1124 118 26 järnvägar
638 1124 6 20 i
660 1130 84 14 samma
759 1125 103 26 lönegrad
878 1125 51 26 utgå

129 1152 153 27 befattningen
302 1153 48 20 chef
369 1153 33 20 för
421 1153 123 21 statistiska
562 1154 110 23 kontoret,
692 1154 45 20 dels
756 1154 119 20 fastställer
893 1160 38 14 an-

131 1182 53 20 talet
199 1188 28 14 av
242 1182 97 27 följande
353 1183 150 26 befattningar
517 1183 25 20 fr.
558 1190 19 13 o.
592 1190 29 13 m.
637 1184 42 20 den
695 1184 9 19 1
720 1184 40 26 juli
776 1184 50 20 1931
843 1184 28 26 på
885 1186 45 18 sätt

131 1212 38 20 här
185 1212 96 26 angives,
299 1212 115 27 nämligen:
432 1213 37 20 vid
486 1213 135 26 postverket:
638 1214 132 19 sekreterare
786 1214 8 20 i
810 1213 47 21 24:e
873 1214 58 20 löne-

128 1242 82 25 graden
230 1242 18 23 1;
267 1242 37 20 vid
323 1242 175 27 telegrafverket:
517 1243 100 20 aktuarie
634 1243 20 24 2,
673 1243 68 20 förste
758 1243 121 21 kontrollör
898 1244 32 23 19,

129 1271 133 20 sekreterare
273 1272 7 19 i
293 1272 46 20 24:e
352 1272 130 26 lönegraden
494 1272 20 24 8,
527 1273 241 26 telegrafkommissarie
780 1279 28 14 av
820 1273 59 20 klass
892 1274 8 19 I
912 1274 18 19 B

129 1301 33 23 21,
179 1302 175 19 överkontrollör
369 1302 20 23 3,
407 1302 154 26 byråingenjör
577 1303 19 23 5,
614 1302 151 27 linjeingenjör
781 1303 33 24 23,
831 1303 100 27 telegraf-

129 1331 97 20 direktör
236 1332 20 23 3;
267 1331 38 20 vid
316 1333 85 18 statens
411 1332 124 26 järnvägar:
547 1332 100 21 aktuarie
657 1333 20 23 5,
689 1333 84 20 notarie
785 1333 32 23 10,
829 1333 102 22 stations-

129 1361 113 26 inspektor
255 1367 29 14 av
298 1361 59 20 klass
371 1362 13 19 2
399 1362 33 23 21,
448 1362 67 20 förste
529 1362 100 20 aktuarie
643 1363 41 19 och
698 1363 49 20 chef
761 1362 34 21 för
808 1363 122 20 statistiska

128 1390 104 20 kontoret
251 1391 17 23 1,
286 1391 67 20 förste
371 1391 155 27 byråingenjör
544 1392 32 24 13,
594 1392 45 20 dels
656 1392 144 26 bemyndigar
816 1392 64 21 KM:t
897 1394 34 19 att

129 1420 88 20 utfärda
237 1420 26 20 de
282 1421 292 26 övergångsbestämmelser,
593 1428 47 14 som
658 1422 38 20 vid
714 1422 171 26 genomförande
903 1429 27 14 av

130 1450 124 20 förberörda
272 1450 118 27 ändringar
406 1451 35 20 må
458 1451 114 24 erfordras,
591 1452 44 20 dels
652 1452 40 20 ock
708 1452 117 26 medgiver,
843 1454 35 18 att
893 1452 37 20 vid

129 1480 41 19 den
195 1480 32 19 till
251 1481 85 19 statens
359 1481 182 20 vattenfallsverk
564 1481 97 21 hörande
684 1482 152 26 befattningen
860 1483 70 19 såsom

129 1509 104 20 driftchef
248 1509 38 20 vid
302 1510 103 20 Västerås
421 1511 114 19 kraftverk
550 1511 36 20 må
602 1511 26 20 fr.
645 1517 19 14 o.
681 1517 29 14 m.
728 1512 41 19 den
787 1512 8 19 1
813 1511 40 26 juli
870 1512 60 23 1931,

130 1541 78 18 utöver
223 1539 35 20 lön
274 1539 68 26 enligt
357 1540 263 26 avlöningsreglementet,
638 1541 51 26 utgå
706 1542 33 19 ett
754 1541 105 26 tillfälligt
874 1542 57 19 löne-

131 1569 74 26 tillägg
218 1575 28 14 av
261 1569 62 20 2000
338 1570 31 19 kr.
385 1570 34 19 för
432 1570 24 20 år
470 1570 86 20 räknat.

116 1628 41 19 RD
173 1628 101 23 besluter,
288 1629 49 19 med
352 1629 138 26 tillämpning
504 1629 25 20 fr.
543 1635 20 14 o.
576 1636 30 13 m.
621 1630 41 19 den
678 1630 8 19 1
701 1630 40 26 juli
756 1630 60 23 1932,
830 1632 35 18 att
878 1630 6 20 i
897 1631 8 19 1
922 1631 9 24 $

132 1658 6 19 1
159 1664 65 13 mom.
242 1659 59 18 samt
317 1658 12 20 5
346 1659 10 24 $
375 1659 6 19 1
402 1664 66 14 mom.
486 1659 6 19 i
509 1659 257 27 avlöningsreglementet
783 1660 41 20 den
843 1660 25 20 19
884 1660 47 26 juni

132 1687 51 20 1919
197 1687 33 20 för
242 1688 135 25 tjänstemän
390 1689 37 19 vid
441 1689 134 25 postverket,
588 1689 175 26 telegrafverket,
778 1691 83 19 statens
873 1690 59 26 järn-

129 1719 68 24 vägar
210 1717 39 20 och
264 1718 84 19 statens
361 1718 182 20 vattenfallsverk
556 1719 61 20 skola
631 1720 109 25 upptagas
753 1719 178 27 befattningarna

130 1747 182 20 förrådsdirektör
326 1747 37 20 vid
379 1749 84 19 statens
476 1748 118 27 järnvägar
604 1749 50 20 med
669 1750 34 19 ett
717 1749 81 20 arvode
813 1755 28 14 av
857 1749 25 20 15
891 1749 41 20 000

130 1777 31 19 kr.
177 1777 40 19 och
231 1777 152 20 driftdirektör
396 1778 37 19 vid
448 1779 83 19 statens
544 1778 184 21 vattenfallsverk
740 1779 50 20 med
805 1781 33 18 ett
851 1780 80 19 arvode

129 1812 28 14 av
173 1807 24 19 13
207 1806 41 20 000
262 1807 39 23 kr.;
317 1808 35 19 att
365 1807 5 20 i
387 1808 24 19 14
426 1808 9 24 $
449 1808 13 19 2
475 1814 66 14 mom.
556 1808 6 20 i
576 1809 96 20 nämnda
686 1809 245 27 avlöningsreglemente

129 1836 55 20 skall
206 1838 109 24 upptagas
336 1837 152 27 befattningen
510 1838 152 20 driftdirektör
681 1839 38 19 vid
740 1840 84 19 statens
844 1840 88 19 vatten-

130 1866 109 23 fallsverk;
264 1868 35 18 att
322 1867 6 19 i
352 1867 40 19 den
417 1867 37 20 vid
478 1873 83 14 samma
585 1868 247 26 avlöningsreglemente
854 1869 77 26 fogade

130 1896 249 26 tjänsteförteckningen
394 1897 60 20 skola
469 1899 108 24 upptagas
591 1898 57 20 vissa
663 1904 43 20 nya
721 1898 156 27 befattningar;
892 1899 39 20 och

130 1926 143 25 bemyndigas
291 1926 64 20 KM:t
372 1928 35 18 att
425 1927 88 20 utfärda
532 1927 26 20 de
576 1928 291 26 övergångsbestämmelser,
886 1934 45 14 som

130 1955 36 19 vid
185 1956 171 25 genomförande
375 1962 28 14 av
423 1956 126 20 förberörda
567 1957 118 26 ändringar
703 1958 36 20 må
758 1958 114 23 erfordras;
892 1959 40 19 och

129 1984 118 26 medgives,
263 1986 35 19 att
313 1985 33 20 till
361 1985 218 27 befattningshavare
593 1987 38 20 vid
647 1987 128 26 postverket
789 1988 49 19 med
853 1988 80 26 tjänst-

129 2014 76 26 göring
222 2014 6 20 i
245 2015 191 25 bokföringskassa
453 2016 51 19 eller
520 2016 37 20 vid
574 2016 151 20 huvudförråd
742 2023 28 14 av
786 2017 146 20 värdetecken

130 2044 35 19 må
179 2056 27 2 —
221 2045 53 19 utan
288 2044 77 20 hinder
378 2051 28 13 av
420 2045 164 21 föreskrifterna
597 2046 7 20 i
617 2046 46 25 30
648 2040 23 35 $
676 2052 28 14 av
718 2047 142 20 förenämnda
874 2047 59 20 avlö-

956 306 26 20 År

1009 252 55 18 Kungl.l

1012 282 52 18 Maj:ts

1011 316 50 14 prop:r

1018 342 36 14 eller

1010 372 54 14 skriver]

1077 274 91 17 Motioner

1223 227 96 16 Utskotts-

1211 256 118 20 utlåtanden,

1194 287 96 16 memorial
1303 287 43 16 eller

1205 316 132 17 betänkanden

1392 227 55 17 Riks-

1384 257 70 20 dagens

1395 287 45 16 skri-

1388 317 59 16 velser

1515 245 116 17 Kamrarnas

1503 275 141 21 förhandlingar

1529 305 87 21 (prot.nr)

1078 382 34 16 FK

1129 382 36 17 AK

1267 383 91 16 Nummer

1185 363 17 58 Saml.

1227 377 16 43 Avd

1374 382 91 17 Nummer

1488 371 66 17 Första

1487 395 69 16 kamm.

1591 371 64 17 Andra

1589 395 69 17 kamm.

947 470 54 21 1940)

948 589 52 21 1940

948 738 53 20 1932

948 946 50 20 1931

950 1631 52 20 1932

1021 1630 38 20 146

1093 739 26 19 63

1109 1631 66 20 -1473

1133 739 40 20 315]

1133 769 40 20 316|

1202 472 54 20 6—|
1291 472 12 20 6
1308 472 40 20 s.1

1202 943 26 34 6)
1245 943 59 34 11.69

1398 472 12 20 6
1424 475 30 18 s.1

1398 591 12 20 6
1425 594 31 18 s.2

1370 739 40 21 364

1373 947 38 20 130

1375 1631 37 20 166

1492 472 53 20 18:7

1479 591 31 20 18:
1521 593 10 17 7

1477 739 33 20 46:
1521 741 24 17 75
1556 739 12 20 d

1477 947 33 20 23:
1522 949 24 17 14

1478 1632 33 20 29:
1522 1634 24 17 63

1577 473 69 20 20:12

1577 592 34 20 20:
1623 594 23 17 12

1577 740 92 20 59:119d

1578 948 33 20 23:
1622 950 24 17 79
1657 948 13 20 dj
