1834 2358
167 151 28 21 50
900 157 136 15 SAKREGISTER

1498 226 53 18 Riks-

1488 252 73 31 dagens
1618 257 118 17 Kamrarnas

1492 282 56 30 skri-
1602 286 146 22 förhandlingar

1495 316 62 17 velser

1331 243 94 18 Utskotts-

1164 268 104 32 Motioner
1319 273 112 18 utlåtanden

1296 303 47 17 eller
1355 303 100 18 memorial

1057 248 23 145 1883epsAIA

1591 370 68 17 Första
1664 366 20 31 |
1692 370 66 17 Andra

1588 394 70 17 kamm,
1659 390 24 31 |
1689 394 70 17 kamm.

1134 367 17 52 "doad
1129 297 32 70 sklen
1129 219 32 66 Bunq

1115 296 17 104 J98[9ALIYS
1115 236 18 48 199

1176 380 33 17 FK
1228 380 36 17 AK

1288 363 17 57 "Tuss

1329 368 18 49 "PAy

1384 380 17 17 KA

1384 398 11 9 2

1443 371 18 44 BpIS

1498 380 17 28 IN

1545 371 17 45 BpIs

187 434 173 27 Arbetarskydd.

231 471 27 14 av
280 465 81 26 fartygs
384 464 152 27 förolyckande
559 465 40 20 och
622 472 46 19 ang.
692 465 139 27 tillämpning
851 472 27 13 av
894 465 109 21 veckovila
1018 463 78 22 i/1929

231 494 136 21 industriella
382 495 81 26 företag
478 495 76 20 avslås.
1219 515 2 7 |

189 560 8 15 1
216 554 38 20 RD
270 554 116 25 meddelar,
403 554 20 26 a)
438 556 32 19 att
485 554 37 20 RD
538 554 33 30 för
581 555 33 19 sin
625 554 35 21 del
670 554 47 21 icke
728 554 47 21 haft
785 555 64 25 något
859 556 32 19 att
901 555 69 20 erinra
980 556 46 19 mot
1040 552 58 23 [1930]
1121 553 25 21 71
1170 554 51 29 |245]
1293 554 12 20 ÖF
1334 554 76 21 Bak
1483 555 39 20 139
1583 556 33 20 22:
1628 555 41 21 85dj
1685 556 33 20 23:
1728 555 42 21 86d

232 584 158 20 vederbörande
413 584 218 26 departementschefs
654 584 126 21 uttalanden
800 584 132 21 beträffande
950 584 19 27 1)
985 585 39 20 för-

231 614 67 26 slaget
307 614 34 20 till
349 614 130 20 konvention
488 621 47 19 ang.
545 614 69 26 skydd
624 616 45 18 mot
677 614 114 26 olycksfall
799 614 33 20 för
840 614 101 25 arbetare,
951 614 73 27 syssel-

231 645 55 19 satta
302 643 50 21 med
367 644 94 26 lastning
474 644 51 20 eller
536 644 95 25 lossning
641 651 26 13 av
678 644 76 27 fartyg,
767 644 21 25 2)
798 644 227 21 rekommendationen

230 680 47 20 ang.
294 673 153 26 ömsesidighet
462 674 8 19 i
483 674 59 26 fråga
557 680 35 14 om
609 673 70 27 skydd
695 676 46 18 mot
754 674 113 26 olycksfall
878 674 33 20 för
922 674 102 25 arbetare,

230 703 125 27 sysselsatta
362 703 50 21 med
419 703 93 26 lastning
520 703 51 21 eller
579 704 95 26 lossning
681 711 26 13 av
711 704 76 26 fartyg,
792 704 40 20 och
839 704 186 25 3)rekommenda-

230 733 73 20 tionen
318 740 47 19 ang.
381 733 94 21 hörande
486 740 26 14 av
522 733 93 27 fackliga
625 734 166 26 organisationer
801 733 37 21 vid
848 734 140 20 utarbetande
999 741 26 13 av

230 763 162 20 bestämmelser
406 765 40 18 rör.
463 763 99 20 säkerhet
576 764 33 19 för
623 763 101 25 arbetare,
736 763 124 27 sysselsatta
870 763 50 20 med
931 764 94 26 lastning

230 793 52 20 eller
297 793 96 26 lossning
409 800 26 13 av
450 793 79 27 fartyg;
546 793 21 27 b)
583 795 37 22 att,
637 793 27 20 då
680 793 37 20 RD
733 793 33 20 för
779 793 131 20 närvarande
924 793 47 21 icke
982 793 42 21 kan

230 822 121 21 överblicka
362 822 26 21 de
399 823 163 24 konsekvenser,
574 825 30 18 ett
613 822 125 21 biträdande
747 830 26 13 av
781 823 101 26 förslaget
890 823 33 20 till
932 823 90 21 konven-

229 853 45 19 tion
290 859 47 19 ang.
354 852 119 26 angivande
489 859 26 14 av
531 853 72 20 vikten
619 853 13 20 å
643 855 74 24 tyngre
728 853 74 24 kollin,
814 859 46 14 som
871 855 153 24 transporteras

229 883 13 19 å
257 882 77 27 fartyg,
351 883 37 19 RD
404 889 30 14 nu
450 883 47 20 icke
512 883 43 20 kan
570 882 109 27 tillstyrka
694 883 129 26 ratificering
838 889 26 14 av
880 889 83 14 samma
975 883 49 20 kon-
1219 894 1 12 I

230 912 184 26 ventionsförslag,
431 919 49 13 men
496 914 32 19 att
543 912 37 20 RD
596 919 67 18 anser,
675 914 32 19 att
717 912 36 20 det
763 913 8 19 i
782 912 243 26 konventionsförslaget

229 942 145 20 omhandlade
390 942 127 27 spörsmålet
533 942 38 20 bör
586 949 26 13 av
628 942 61 21 KM:t
702 944 60 24 göras
773 942 33 20 till
817 942 91 21 föremål
918 943 34 19 för
962 944 62 25 ytter-
1219 946 2 17 I

229 972 65 25 ligare
310 972 124 26 utredning;
451 974 57 18 samt
520 972 19 26 c)
550 974 31 18 att
591 972 38 20 RD
640 972 50 20 med
700 972 117 26 anledning
827 979 26 13 av
864 972 159 21 rekommenda-
1219 978 2 6 I

229 1002 97 20 tionerna
345 1008 47 19 ang.
409 1002 157 26 förebyggande
579 1009 27 13 av
616 1002 113 26 olycksfall
741 1002 7 20 i
759 1002 71 20 arbete
841 1002 40 21 och
892 1009 48 19 ang.
952 1009 73 13 ansva-
1219 1016 2 11 |

229 1032 70 25 righet
313 1032 8 20 i
336 1032 60 25 fråga
411 1038 36 14 om
463 1031 252 26 säkerhetsanordningar
730 1032 13 20 å
758 1032 145 21 motordrivna
917 1032 108 21 maskiner
1219 1033 2 28 I

1219 1081 1 19 |

229 1061 74 20 funnit
318 1061 32 26 sig
367 1061 50 20 böra
432 1061 68 20 uttala
516 1061 36 20 det
562 1061 139 24 önskemålet,
712 1063 32 18 att
755 1061 81 20 arbetet
846 1061 49 20 med
906 1062 119 20 revisionen

230 1097 26 14 av
272 1090 62 26 lagen
349 1097 36 14 om
401 1091 154 26 arbetarskydd
565 1092 24 19 så
599 1091 129 26 påskyndas,
740 1093 31 18 att
781 1091 79 26 förslag
871 1091 33 20 till
915 1091 109 20 reviderad

229 1120 136 26 lagstiftning
387 1121 59 20 inom
470 1127 26 14 en
515 1122 51 19 nära
581 1121 89 20 framtid
686 1121 42 20 kan
745 1121 116 26 föreläggas
877 1121 44 24 RD,
938 1121 40 20 och
994 1123 32 18 att

230 1150 37 20 RD
283 1150 8 20 i
307 1150 69 26 övrigt
391 1150 46 20 icke
453 1150 73 21 funnit
537 1150 115 26 anledning
662 1150 34 20 till
707 1150 84 20 erinran
802 1152 46 19 mot
858 1150 167 26 departements-

230 1180 87 20 chefens
336 1180 111 20 uttalande
466 1180 132 20 beträffande
617 1180 160 26 ifrågavarande
796 1180 227 20 rekommendationer.

1443 1242 25 16 2015
1487 1236 76 22 Al1io]
1593 1237 69 20 23:15
1664 1232 18 35 |
1695 1232 33 35 24:
1740 1242 24 16 76

1399 1238 12 20 a

187 1244 9 15 2
215 1239 42 20 Till
272 1239 125 26 föreningen
412 1239 34 20 för
461 1239 154 26 arbetarskydd
631 1240 7 19 i
654 1239 124 20 Stockholm
795 1240 85 20 anvisas
895 1239 33 20 för
938 1239 86 26 budget-|
1064 1244 7 11 >
1113 1236 41 20 |1:5
1293 1237 12 20 ör

229 1269 45 20 året
292 1268 125 28 1930/1931
435 1270 30 19 ett
480 1271 61 18 extra
556 1269 74 26 anslag
646 1276 26 13 av
688 1268 13 20 6
710 1268 42 21 000
769 1269 31 20 kr.
1110 1271 46 22 p.12

241 1303 24 17 Se
287 1303 36 17 ock
342 1303 113 19 Arbetstid
473 1303 91 22 (1926:3),
582 1303 233 23 Kommerskollegium
835 1303 86 23 (1926:
899 1299 30 31 4;
942 1304 82 22 1928:1),

253 1327 97 18 Kvinnor
358 1327 58 21 (1922:
425 1328 21 20 2),
456 1326 149 24 Minderåriga
613 1327 68 22 (1925),
688 1326 186 24 Målningsarbete
882 1327 65 23 (1926),
954 1328 70 19 Social

253 1351 133 22 utställning
398 1351 65 21 (1928),
477 1351 233 23 Yrkesinspektionen.

185 1403 113 28 Arbeten,
314 1405 118 25 allmänna;
450 1412 21 14 se
487 1405 121 21 Allmänna
624 1405 92 21 arbeten.

186 1463 170 26 Arbetsamtet,
373 1463 197 27 Mellanfolkliga.

216 1495 74 20 Såsom
307 1495 74 26 bidrag
396 1495 34 20 till
446 1495 36 20 det
497 1495 171 26 mellanfolkliga
683 1496 139 20 arbetsamtet
837 1497 7 19 i
861 1496 62 20 Basel
939 1497 85 20 anvisas
1038 1497 55 22 1921]
1112 1497 41 21 1:5
1292 1499 13 20 6!
1335 1498 9 20 1
1371 1499 40 20 5A|
1443 1499 57 20 1615
1510 1500 52 20 Als]
1594 1498 53 21 18:7
1656 1494 29 38 |
1695 1500 68 20 23:11

231 1525 28 25 på
274 1526 60 19 extra
349 1527 42 18 stat
406 1525 34 20 för
455 1526 23 19 år
494 1524 57 21 1922
567 1526 31 19 ett
613 1525 169 26 förslagsanslag,
799 1526 68 26 högst,
886 1525 41 21 750
944 1526 30 20 kr.
1109 1532 46 23 p.22

216 1578 53 26 Ang.
287 1578 94 26 anslaget
396 1578 33 20 till
445 1578 171 26 mellanfolkliga
631 1578 140 22 arbetsamtet
786 1580 6 19 i
809 1579 68 21 Basel.
1038 1579 57 23 19221
1112 1581 41 20 1:5
1292 1583 12 19 6!
1335 1581 10 20 11
1372 1582 40 20 5A]
1444 1587 25 15 18
1594 1582 69 21 18:38
1666 1578 19 36 |
1696 1583 68 21 22:12

1110 1615 45 23 p.22

216 1661 74 20 Såsom
310 1661 73 26 bidrag
399 1661 32 20 till
447 1661 37 20 det
499 1661 170 26 mellanfolkliga
684 1662 139 21 arbetsamtet
838 1663 7 19 i
861 1663 62 20 Basel
939 1664 85 20 anvisas
1038 1662 58 23 [1923]
1112 1664 19 20 1:
1141 1664 13 20 5
1292 1664 53 21 61
1400 1665 12 20 51
1445 1666 56 20 15)5
1511 1666 17 19 A|
1554 1670 9 16 71
1594 1666 54 20 25:4
1658 1661 27 35 |
1696 1665 69 21 23:39

230 1690 33 20 för
280 1690 124 26 budgetåret
421 1689 126 27 1923/1924
563 1693 31 18 ett
608 1693 61 18 extra
684 1691 74 26 anslag
773 1699 26 13 av
816 1692 42 20 500
874 1692 31 20 kr.
1052 1715 4 5 É
1110 1698 45 23 p.22

185 1742 167 30 Arbetsavtal;
368 1750 22 14 se
406 1743 175 22 Kollektivavtal.

184 1800 177 28 Arbetsbyrån,
377 1803 178 21 internationella.

215 1833 37 20 RD
273 1833 84 20 bifaller
375 1840 60 20 prop.
454 1840 47 19 ang.
518 1833 128 27 ratificering
661 1841 27 13 av
703 1835 57 20 vissa
775 1841 27 14 av
817 1835 70 26 fjärde
902 1836 122 20 internatio-
1039 1835 59 22 19241
1113 1836 41 20 163
1293 1838 12 19 5
1386 1837 27 21 18
1498 1838 27 20 88
1594 1838 33 20 26:
1638 1843 25 15 28
1664 1834 23 35 |
1695 1838 34 20 25:
1740 1843 25 16 36

229 1863 58 20 nella
309 1863 213 20 arbetskonferensen
545 1863 111 21 beslutade
678 1864 114 26 ändringar
807 1865 7 19 i
830 1865 89 26 stadgan
935 1865 33 20 för
983 1865 42 21 den

229 1893 172 20 internationella
411 1893 241 26 arbetsorganisationen
663 1895 40 19 rör.
714 1895 221 26 sammansättningen
946 1902 26 13 av
983 1895 42 20 den

229 1922 173 21 internationella
418 1923 150 26 arbetsbyråns
584 1923 94 26 styrelse.

241 1957 24 18 Se
278 1958 36 17 ock
326 1958 195 22 Interpellationer
532 1957 60 22 (1927:
601 1958 20 21 9).

184 2010 238 25 Arbetsdomstolen;
444 2019 22 14 se
489 2011 155 22 Arbetstvister
664 2012 73 26 (1929:
742 2006 27 38 2;
791 2013 63 21 1930:
866 2013 25 27 2),
909 2013 116 21 Kollektiv-

230 2041 60 21 avtal
305 2041 75 27 (1928;
399 2041 64 21 1929:
475 2041 24 28 1).
