<?xml version="1.0" encoding="UTF-8"?>
<alto xmlns="http://www.loc.gov/standards/alto/ns-v3#" xmlns:xlink="http://www.w3.org/1999/xlink" xmlns:xsi="http://www.w3.org/2001/XMLSchema-instance" xsi:schemaLocation="http://www.loc.gov/standards/alto/ns-v3# http://www.loc.gov/alto/v3/alto-3-0.xsd">
	<Description>
		<MeasurementUnit>pixel</MeasurementUnit>
		<sourceImageInformation>
			<fileName></fileName>
		</sourceImageInformation>
		<OCRProcessing ID="OCR_0">
			<ocrProcessingStep>
				<processingSoftware>
					<softwareName>tesseract 4.1.1</softwareName>
				</processingSoftware>
			</ocrProcessingStep>
		</OCRProcessing>
	</Description>
	<Layout>
		<Page WIDTH="1854" HEIGHT="2353" PHYSICAL_IMG_NR="0" ID="page_0">
			<PrintSpace HPOS="0" VPOS="0" WIDTH="1854" HEIGHT="2353">
				<ComposedBlock ID="cblock_0" HPOS="158" VPOS="145" WIDTH="918" HEIGHT="21">
					<TextBlock ID="block_0" HPOS="158" VPOS="145" WIDTH="918" HEIGHT="21">
						<TextLine ID="line_0" HPOS="158" VPOS="145" WIDTH="918" HEIGHT="21">
							<String ID="string_0" HPOS="158" VPOS="146" WIDTH="40" HEIGHT="20" WC="0.96" CONTENT="730"/><SP WIDTH="656" VPOS="146" HPOS="198"/>
							<String ID="string_1" HPOS="854" VPOS="145" WIDTH="222" HEIGHT="17" WC="0.92" CONTENT="SAKREGISTER"/>
						</TextLine>
					</TextBlock>
				</ComposedBlock>
				<ComposedBlock ID="cblock_1" HPOS="1216" VPOS="0" WIDTH="638" HEIGHT="217">
					<TextBlock ID="block_1" HPOS="1216" VPOS="0" WIDTH="638" HEIGHT="217">
						<TextLine ID="line_1" HPOS="1216" VPOS="0" WIDTH="638" HEIGHT="217">
							<String ID="string_2" HPOS="1216" VPOS="0" WIDTH="638" HEIGHT="217" WC="0.95" CONTENT=" "/>
						</TextLine>
					</TextBlock>
				</ComposedBlock>
				<ComposedBlock ID="cblock_2" HPOS="157" VPOS="196" WIDTH="1607" HEIGHT="8">
					<TextBlock ID="block_2" HPOS="157" VPOS="196" WIDTH="1607" HEIGHT="8">
						<TextLine ID="line_2" HPOS="157" VPOS="196" WIDTH="1607" HEIGHT="8">
							<String ID="string_3" HPOS="157" VPOS="196" WIDTH="1607" HEIGHT="8" WC="0.95" CONTENT=" "/>
						</TextLine>
					</TextBlock>
				</ComposedBlock>
				<ComposedBlock ID="cblock_3" HPOS="164" VPOS="196" WIDTH="1600" HEIGHT="8">
					<TextBlock ID="block_3" HPOS="164" VPOS="196" WIDTH="1600" HEIGHT="8">
						<TextLine ID="line_3" HPOS="164" VPOS="196" WIDTH="1600" HEIGHT="8">
							<String ID="string_4" HPOS="164" VPOS="196" WIDTH="1600" HEIGHT="8" WC="0.95" CONTENT=" "/>
						</TextLine>
					</TextBlock>
				</ComposedBlock>
				<ComposedBlock ID="cblock_4" HPOS="164" VPOS="204" WIDTH="1599" HEIGHT="4">
					<TextBlock ID="block_4" HPOS="164" VPOS="204" WIDTH="1599" HEIGHT="4">
						<TextLine ID="line_4" HPOS="164" VPOS="204" WIDTH="1599" HEIGHT="4">
							<String ID="string_5" HPOS="164" VPOS="204" WIDTH="1599" HEIGHT="4" WC="0.95" CONTENT=" "/>
						</TextLine>
					</TextBlock>
				</ComposedBlock>
				<ComposedBlock ID="cblock_5" HPOS="164" VPOS="438" WIDTH="852" HEIGHT="115">
					<TextBlock ID="block_5" HPOS="174" VPOS="438" WIDTH="112" HEIGHT="20">
						<TextLine ID="line_5" HPOS="174" VPOS="438" WIDTH="112" HEIGHT="20">
							<String ID="string_6" HPOS="174" VPOS="438" WIDTH="112" HEIGHT="20" WC="0.96" CONTENT="Jordbruk."/>
						</TextLine>
					</TextBlock>
					<TextBlock ID="block_6" HPOS="164" VPOS="467" WIDTH="852" HEIGHT="86">
						<TextLine ID="line_6" HPOS="164" VPOS="467" WIDTH="852" HEIGHT="26">
							<String ID="string_7" HPOS="164" VPOS="470" WIDTH="23" HEIGHT="17" WC="0.96" CONTENT="16"/><SP WIDTH="16" VPOS="470" HPOS="187"/>
							<String ID="string_8" HPOS="203" VPOS="468" WIDTH="42" HEIGHT="20" WC="0.93" CONTENT="För"/><SP WIDTH="12" VPOS="468" HPOS="245"/>
							<String ID="string_9" HPOS="257" VPOS="467" WIDTH="176" HEIGHT="20" WC="0.92" CONTENT="beteskulturens"/><SP WIDTH="13" VPOS="467" HPOS="433"/>
							<String ID="string_10" HPOS="446" VPOS="467" WIDTH="122" HEIGHT="26" WC="0.96" CONTENT="främjande"/><SP WIDTH="13" VPOS="467" HPOS="568"/>
							<String ID="string_11" HPOS="581" VPOS="467" WIDTH="92" HEIGHT="20" WC="0.93" CONTENT="medelst"/><SP WIDTH="13" VPOS="467" HPOS="673"/>
							<String ID="string_12" HPOS="686" VPOS="467" WIDTH="160" HEIGHT="26" WC="0.91" CONTENT="uppehållande"/><SP WIDTH="12" VPOS="467" HPOS="846"/>
							<String ID="string_13" HPOS="858" VPOS="473" WIDTH="28" HEIGHT="14" WC="0.96" CONTENT="av"/><SP WIDTH="13" VPOS="473" HPOS="886"/>
							<String ID="string_14" HPOS="899" VPOS="468" WIDTH="38" HEIGHT="19" WC="0.93" CONTENT="två"/><SP WIDTH="14" VPOS="468" HPOS="937"/>
							<String ID="string_15" HPOS="951" VPOS="467" WIDTH="65" HEIGHT="20" WC="0.92" CONTENT="kulti-"/>
						</TextLine>
						<TextLine ID="line_7" HPOS="217" VPOS="497" WIDTH="799" HEIGHT="27">
							<String ID="string_16" HPOS="217" VPOS="497" WIDTH="159" HEIGHT="27" WC="0.91" CONTENT="veringsförsök"/><SP WIDTH="17" VPOS="497" HPOS="376"/>
							<String ID="string_17" HPOS="393" VPOS="497" WIDTH="12" HEIGHT="20" WC="0.92" CONTENT="å"/><SP WIDTH="16" VPOS="497" HPOS="405"/>
							<String ID="string_18" HPOS="421" VPOS="497" WIDTH="124" HEIGHT="20" WC="0.96" CONTENT="betesmark"/><SP WIDTH="17" VPOS="497" HPOS="545"/>
							<String ID="string_19" HPOS="562" VPOS="497" WIDTH="6" HEIGHT="20" WC="0.96" CONTENT="i"/><SP WIDTH="16" VPOS="497" HPOS="568"/>
							<String ID="string_20" HPOS="584" VPOS="497" WIDTH="108" HEIGHT="20" WC="0.96" CONTENT="Norrland"/><SP WIDTH="17" VPOS="497" HPOS="692"/>
							<String ID="string_21" HPOS="709" VPOS="497" WIDTH="40" HEIGHT="20" WC="0.96" CONTENT="och"/><SP WIDTH="16" VPOS="497" HPOS="749"/>
							<String ID="string_22" HPOS="765" VPOS="497" WIDTH="39" HEIGHT="20" WC="0.93" CONTENT="två"/><SP WIDTH="16" VPOS="497" HPOS="804"/>
							<String ID="string_23" HPOS="820" VPOS="497" WIDTH="174" HEIGHT="26" WC="0.90" CONTENT="kontrollgårdar"/><SP WIDTH="16" VPOS="497" HPOS="994"/>
							<String ID="string_24" HPOS="1010" VPOS="497" WIDTH="6" HEIGHT="20" WC="0.96" CONTENT="i"/>
						</TextLine>
						<TextLine ID="line_8" HPOS="216" VPOS="526" WIDTH="702" HEIGHT="27">
							<String ID="string_25" HPOS="216" VPOS="528" WIDTH="108" HEIGHT="19" WC="0.96" CONTENT="mellersta"/><SP WIDTH="16" VPOS="528" HPOS="324"/>
							<String ID="string_26" HPOS="340" VPOS="527" WIDTH="86" HEIGHT="26" WC="0.96" CONTENT="Sverige"/><SP WIDTH="15" VPOS="527" HPOS="426"/>
							<String ID="string_27" HPOS="441" VPOS="527" WIDTH="87" HEIGHT="20" WC="0.96" CONTENT="anvisas"/><SP WIDTH="14" VPOS="527" HPOS="528"/>
							<String ID="string_28" HPOS="542" VPOS="528" WIDTH="33" HEIGHT="19" WC="0.96" CONTENT="ett"/><SP WIDTH="14" VPOS="528" HPOS="575"/>
							<String ID="string_29" HPOS="589" VPOS="528" WIDTH="62" HEIGHT="19" WC="0.96" CONTENT="extra"/><SP WIDTH="15" VPOS="528" HPOS="651"/>
							<String ID="string_30" HPOS="666" VPOS="526" WIDTH="75" HEIGHT="27" WC="0.96" CONTENT="anslag"/><SP WIDTH="14" VPOS="526" HPOS="741"/>
							<String ID="string_31" HPOS="755" VPOS="533" WIDTH="28" HEIGHT="14" WC="0.96" CONTENT="av"/><SP WIDTH="16" VPOS="533" HPOS="783"/>
							<String ID="string_32" HPOS="799" VPOS="527" WIDTH="24" HEIGHT="20" WC="0.96" CONTENT="15"/><SP WIDTH="9" VPOS="527" HPOS="823"/>
							<String ID="string_33" HPOS="832" VPOS="526" WIDTH="41" HEIGHT="21" WC="0.96" CONTENT="000"/><SP WIDTH="14" VPOS="526" HPOS="873"/>
							<String ID="string_34" HPOS="887" VPOS="527" WIDTH="31" HEIGHT="20" WC="0.96" CONTENT="kr."/>
						</TextLine>
					</TextBlock>
				</ComposedBlock>
				<ComposedBlock ID="cblock_6" HPOS="164" VPOS="586" WIDTH="852" HEIGHT="81">
					<TextBlock ID="block_7" HPOS="164" VPOS="586" WIDTH="852" HEIGHT="81">
						<TextLine ID="line_9" HPOS="164" VPOS="586" WIDTH="852" HEIGHT="27">
							<String ID="string_35" HPOS="164" VPOS="590" WIDTH="22" HEIGHT="17" WC="0.96" CONTENT="17"/><SP WIDTH="16" VPOS="590" HPOS="186"/>
							<String ID="string_36" HPOS="202" VPOS="587" WIDTH="40" HEIGHT="20" WC="0.91" CONTENT="Till"/><SP WIDTH="17" VPOS="587" HPOS="242"/>
							<String ID="string_37" HPOS="259" VPOS="587" WIDTH="160" HEIGHT="26" WC="0.91" CONTENT="uppehållande"/><SP WIDTH="16" VPOS="587" HPOS="419"/>
							<String ID="string_38" HPOS="435" VPOS="593" WIDTH="28" HEIGHT="14" WC="0.96" CONTENT="av"/><SP WIDTH="17" VPOS="593" HPOS="463"/>
							<String ID="string_39" HPOS="480" VPOS="588" WIDTH="32" HEIGHT="18" WC="0.93" CONTENT="tre"/><SP WIDTH="17" VPOS="588" HPOS="512"/>
							<String ID="string_40" HPOS="529" VPOS="586" WIDTH="362" HEIGHT="27" WC="0.91" CONTENT="lantbruksattachébefattningar,"/><SP WIDTH="17" VPOS="586" HPOS="891"/>
							<String ID="string_41" HPOS="908" VPOS="586" WIDTH="108" HEIGHT="27" WC="0.96" CONTENT="nämligen"/>
						</TextLine>
						<TextLine ID="line_10" HPOS="216" VPOS="616" WIDTH="800" HEIGHT="27">
							<String ID="string_42" HPOS="216" VPOS="624" WIDTH="25" HEIGHT="13" WC="0.96" CONTENT="en"/><SP WIDTH="14" VPOS="624" HPOS="241"/>
							<String ID="string_43" HPOS="255" VPOS="617" WIDTH="6" HEIGHT="20" WC="0.96" CONTENT="i"/><SP WIDTH="14" VPOS="617" HPOS="261"/>
							<String ID="string_44" HPOS="275" VPOS="617" WIDTH="98" HEIGHT="23" WC="0.96" CONTENT="London,"/><SP WIDTH="14" VPOS="617" HPOS="373"/>
							<String ID="string_45" HPOS="387" VPOS="623" WIDTH="26" HEIGHT="14" WC="0.95" CONTENT="en"/><SP WIDTH="14" VPOS="623" HPOS="413"/>
							<String ID="string_46" HPOS="427" VPOS="617" WIDTH="6" HEIGHT="19" WC="0.96" CONTENT="i"/><SP WIDTH="13" VPOS="617" HPOS="433"/>
							<String ID="string_47" HPOS="446" VPOS="616" WIDTH="73" HEIGHT="21" WC="0.96" CONTENT="Berlin"/><SP WIDTH="14" VPOS="616" HPOS="519"/>
							<String ID="string_48" HPOS="533" VPOS="616" WIDTH="39" HEIGHT="20" WC="0.96" CONTENT="och"/><SP WIDTH="14" VPOS="616" HPOS="572"/>
							<String ID="string_49" HPOS="586" VPOS="623" WIDTH="25" HEIGHT="13" WC="0.96" CONTENT="en"/><SP WIDTH="14" VPOS="623" HPOS="611"/>
							<String ID="string_50" HPOS="625" VPOS="616" WIDTH="6" HEIGHT="20" WC="0.96" CONTENT="i"/><SP WIDTH="14" VPOS="616" HPOS="631"/>
							<String ID="string_51" HPOS="645" VPOS="616" WIDTH="62" HEIGHT="26" WC="0.96" CONTENT="Riga,"/><SP WIDTH="14" VPOS="616" HPOS="707"/>
							<String ID="string_52" HPOS="721" VPOS="616" WIDTH="87" HEIGHT="20" WC="0.96" CONTENT="anvisas"/><SP WIDTH="13" VPOS="616" HPOS="808"/>
							<String ID="string_53" HPOS="821" VPOS="618" WIDTH="32" HEIGHT="18" WC="0.96" CONTENT="ett"/><SP WIDTH="13" VPOS="618" HPOS="853"/>
							<String ID="string_54" HPOS="866" VPOS="617" WIDTH="62" HEIGHT="20" WC="0.96" CONTENT="extra"/><SP WIDTH="14" VPOS="617" HPOS="928"/>
							<String ID="string_55" HPOS="942" VPOS="616" WIDTH="74" HEIGHT="27" WC="0.96" CONTENT="anslag"/>
						</TextLine>
						<TextLine ID="line_11" HPOS="215" VPOS="647" WIDTH="159" HEIGHT="20">
							<String ID="string_56" HPOS="215" VPOS="653" WIDTH="29" HEIGHT="14" WC="0.96" CONTENT="av"/><SP WIDTH="11" VPOS="653" HPOS="244"/>
							<String ID="string_57" HPOS="255" VPOS="647" WIDTH="27" HEIGHT="20" WC="0.96" CONTENT="62"/><SP WIDTH="9" VPOS="647" HPOS="282"/>
							<String ID="string_58" HPOS="291" VPOS="647" WIDTH="40" HEIGHT="19" WC="0.96" CONTENT="500"/><SP WIDTH="12" VPOS="647" HPOS="331"/>
							<String ID="string_59" HPOS="343" VPOS="647" WIDTH="31" HEIGHT="19" WC="0.96" CONTENT="kr."/>
						</TextLine>
					</TextBlock>
				</ComposedBlock>
				<ComposedBlock ID="cblock_7" HPOS="163" VPOS="706" WIDTH="852" HEIGHT="50">
					<TextBlock ID="block_8" HPOS="163" VPOS="706" WIDTH="852" HEIGHT="50">
						<TextLine ID="line_12" HPOS="163" VPOS="706" WIDTH="852" HEIGHT="27">
							<String ID="string_60" HPOS="163" VPOS="709" WIDTH="23" HEIGHT="17" WC="0.96" CONTENT="18"/><SP WIDTH="16" VPOS="709" HPOS="186"/>
							<String ID="string_61" HPOS="202" VPOS="707" WIDTH="51" HEIGHT="20" WC="0.92" CONTENT="Ord."/><SP WIDTH="24" VPOS="707" HPOS="253"/>
							<String ID="string_62" HPOS="277" VPOS="706" WIDTH="190" HEIGHT="27" WC="0.90" CONTENT="förslagsanslaget"/><SP WIDTH="22" VPOS="706" HPOS="467"/>
							<String ID="string_63" HPOS="489" VPOS="706" WIDTH="32" HEIGHT="20" WC="0.93" CONTENT="till"/><SP WIDTH="22" VPOS="706" HPOS="521"/>
							<String ID="string_64" HPOS="543" VPOS="706" WIDTH="284" HEIGHT="26" WC="0.92" CONTENT="jordbrukskommissioner"/><SP WIDTH="21" VPOS="706" HPOS="827"/>
							<String ID="string_65" HPOS="848" VPOS="706" WIDTH="96" HEIGHT="20" WC="0.96" CONTENT="minskas"/><SP WIDTH="22" VPOS="706" HPOS="944"/>
							<String ID="string_66" HPOS="966" VPOS="706" WIDTH="49" HEIGHT="20" WC="0.96" CONTENT="med"/>
						</TextLine>
						<TextLine ID="line_13" HPOS="215" VPOS="736" WIDTH="297" HEIGHT="20">
							<String ID="string_67" HPOS="215" VPOS="737" WIDTH="12" HEIGHT="19" WC="0.73" CONTENT="5"/><SP WIDTH="10" VPOS="737" HPOS="227"/>
							<String ID="string_68" HPOS="237" VPOS="736" WIDTH="41" HEIGHT="20" WC="0.73" CONTENT="000"/><SP WIDTH="15" VPOS="736" HPOS="278"/>
							<String ID="string_69" HPOS="293" VPOS="737" WIDTH="31" HEIGHT="19" WC="0.96" CONTENT="kr."/><SP WIDTH="17" VPOS="737" HPOS="324"/>
							<String ID="string_70" HPOS="341" VPOS="736" WIDTH="33" HEIGHT="20" WC="0.95" CONTENT="till"/><SP WIDTH="15" VPOS="736" HPOS="374"/>
							<String ID="string_71" HPOS="389" VPOS="736" WIDTH="27" HEIGHT="20" WC="0.85" CONTENT="20"/><SP WIDTH="9" VPOS="736" HPOS="416"/>
							<String ID="string_72" HPOS="425" VPOS="736" WIDTH="41" HEIGHT="20" WC="0.85" CONTENT="000"/><SP WIDTH="14" VPOS="736" HPOS="466"/>
							<String ID="string_73" HPOS="480" VPOS="736" WIDTH="32" HEIGHT="19" WC="0.96" CONTENT="kr."/>
						</TextLine>
					</TextBlock>
				</ComposedBlock>
				<ComposedBlock ID="cblock_8" HPOS="163" VPOS="795" WIDTH="852" HEIGHT="437">
					<TextBlock ID="block_9" HPOS="163" VPOS="795" WIDTH="852" HEIGHT="437">
						<TextLine ID="line_14" HPOS="163" VPOS="795" WIDTH="852" HEIGHT="27">
							<String ID="string_74" HPOS="163" VPOS="798" WIDTH="23" HEIGHT="18" WC="0.93" CONTENT="19"/><SP WIDTH="16" VPOS="798" HPOS="186"/>
							<String ID="string_75" HPOS="202" VPOS="796" WIDTH="41" HEIGHT="20" WC="0.87" CONTENT="RD"/><SP WIDTH="15" VPOS="796" HPOS="243"/>
							<String ID="string_76" HPOS="258" VPOS="796" WIDTH="118" HEIGHT="26" WC="0.89" CONTENT="medgiver,"/><SP WIDTH="15" VPOS="796" HPOS="376"/>
							<String ID="string_77" HPOS="391" VPOS="797" WIDTH="35" HEIGHT="18" WC="0.92" CONTENT="att"/><SP WIDTH="14" VPOS="797" HPOS="426"/>
							<String ID="string_78" HPOS="440" VPOS="795" WIDTH="64" HEIGHT="20" WC="0.92" CONTENT="KM:t"/><SP WIDTH="14" VPOS="795" HPOS="504"/>
							<String ID="string_79" HPOS="518" VPOS="796" WIDTH="35" HEIGHT="19" WC="0.96" CONTENT="må"/><SP WIDTH="15" VPOS="796" HPOS="553"/>
							<String ID="string_80" HPOS="568" VPOS="796" WIDTH="68" HEIGHT="19" WC="0.96" CONTENT="under"/><SP WIDTH="16" VPOS="796" HPOS="636"/>
							<String ID="string_81" HPOS="652" VPOS="795" WIDTH="52" HEIGHT="20" WC="0.95" CONTENT="1935"/><SP WIDTH="15" VPOS="795" HPOS="704"/>
							<String ID="string_82" HPOS="719" VPOS="795" WIDTH="80" HEIGHT="26" WC="0.93" CONTENT="bevilja"/><SP WIDTH="14" VPOS="795" HPOS="799"/>
							<String ID="string_83" HPOS="813" VPOS="795" WIDTH="132" HEIGHT="27" WC="0.92" CONTENT="statsanslag"/><SP WIDTH="14" VPOS="795" HPOS="945"/>
							<String ID="string_84" HPOS="959" VPOS="795" WIDTH="56" HEIGHT="20" WC="0.96" CONTENT="intill"/>
						</TextLine>
						<TextLine ID="line_15" HPOS="218" VPOS="825" WIDTH="796" HEIGHT="27">
							<String ID="string_85" HPOS="218" VPOS="826" WIDTH="55" HEIGHT="20" WC="0.96" CONTENT="1200"/><SP WIDTH="8" VPOS="826" HPOS="273"/>
							<String ID="string_86" HPOS="281" VPOS="826" WIDTH="41" HEIGHT="19" WC="0.96" CONTENT="000"/><SP WIDTH="18" VPOS="826" HPOS="322"/>
							<String ID="string_87" HPOS="340" VPOS="826" WIDTH="32" HEIGHT="19" WC="0.94" CONTENT="kr."/><SP WIDTH="20" VPOS="826" HPOS="372"/>
							<String ID="string_88" HPOS="392" VPOS="825" WIDTH="33" HEIGHT="20" WC="0.96" CONTENT="för"/><SP WIDTH="18" VPOS="825" HPOS="425"/>
							<String ID="string_89" HPOS="443" VPOS="825" WIDTH="143" HEIGHT="20" WC="0.96" CONTENT="utlämnande"/><SP WIDTH="18" VPOS="825" HPOS="586"/>
							<String ID="string_90" HPOS="604" VPOS="831" WIDTH="28" HEIGHT="14" WC="0.96" CONTENT="av"/><SP WIDTH="18" VPOS="831" HPOS="632"/>
							<String ID="string_91" HPOS="650" VPOS="825" WIDTH="134" HEIGHT="27" WC="0.96" CONTENT="statsbidrag"/><SP WIDTH="17" VPOS="825" HPOS="784"/>
							<String ID="string_92" HPOS="801" VPOS="825" WIDTH="33" HEIGHT="20" WC="0.92" CONTENT="till"/><SP WIDTH="19" VPOS="825" HPOS="834"/>
							<String ID="string_93" HPOS="853" VPOS="825" WIDTH="104" HEIGHT="26" WC="0.91" CONTENT="nyodling"/><SP WIDTH="18" VPOS="825" HPOS="957"/>
							<String ID="string_94" HPOS="975" VPOS="826" WIDTH="39" HEIGHT="19" WC="0.96" CONTENT="och"/>
						</TextLine>
						<TextLine ID="line_16" HPOS="216" VPOS="855" WIDTH="798" HEIGHT="26">
							<String ID="string_95" HPOS="216" VPOS="855" WIDTH="194" HEIGHT="26" WC="0.91" CONTENT="betesförbättring"/><SP WIDTH="16" VPOS="855" HPOS="410"/>
							<String ID="string_96" HPOS="426" VPOS="857" WIDTH="104" HEIGHT="18" WC="0.93" CONTENT="ävensom"/><SP WIDTH="18" VPOS="857" HPOS="530"/>
							<String ID="string_97" HPOS="548" VPOS="855" WIDTH="135" HEIGHT="26" WC="0.92" CONTENT="stenröjning"/><SP WIDTH="17" VPOS="855" HPOS="683"/>
							<String ID="string_98" HPOS="700" VPOS="855" WIDTH="11" HEIGHT="20" WC="0.92" CONTENT="å"/><SP WIDTH="19" VPOS="855" HPOS="711"/>
							<String ID="string_99" HPOS="730" VPOS="855" WIDTH="155" HEIGHT="26" WC="0.96" CONTENT="ofullständiga"/><SP WIDTH="16" VPOS="855" HPOS="885"/>
							<String ID="string_100" HPOS="901" VPOS="855" WIDTH="113" HEIGHT="26" WC="0.96" CONTENT="jordbruk;"/>
						</TextLine>
						<TextLine ID="line_17" HPOS="215" VPOS="884" WIDTH="800" HEIGHT="28">
							<String ID="string_101" HPOS="215" VPOS="886" WIDTH="40" HEIGHT="19" WC="0.93" CONTENT="och"/><SP WIDTH="15" VPOS="886" HPOS="255"/>
							<String ID="string_102" HPOS="270" VPOS="885" WIDTH="111" HEIGHT="27" WC="0.92" CONTENT="medgiver"/><SP WIDTH="15" VPOS="885" HPOS="381"/>
							<String ID="string_103" HPOS="396" VPOS="885" WIDTH="49" HEIGHT="23" WC="0.92" CONTENT="RD,"/><SP WIDTH="15" VPOS="885" HPOS="445"/>
							<String ID="string_104" HPOS="460" VPOS="886" WIDTH="35" HEIGHT="19" WC="0.93" CONTENT="att"/><SP WIDTH="15" VPOS="886" HPOS="495"/>
							<String ID="string_105" HPOS="510" VPOS="885" WIDTH="63" HEIGHT="20" WC="0.91" CONTENT="KM:t"/><SP WIDTH="14" VPOS="885" HPOS="573"/>
							<String ID="string_106" HPOS="587" VPOS="885" WIDTH="35" HEIGHT="20" WC="0.96" CONTENT="må"/><SP WIDTH="16" VPOS="885" HPOS="622"/>
							<String ID="string_107" HPOS="638" VPOS="885" WIDTH="68" HEIGHT="20" WC="0.96" CONTENT="under"/><SP WIDTH="16" VPOS="885" HPOS="706"/>
							<String ID="string_108" HPOS="722" VPOS="884" WIDTH="52" HEIGHT="21" WC="0.95" CONTENT="1935"/><SP WIDTH="15" VPOS="884" HPOS="774"/>
							<String ID="string_109" HPOS="789" VPOS="885" WIDTH="79" HEIGHT="26" WC="0.93" CONTENT="bevilja"/><SP WIDTH="15" VPOS="885" HPOS="868"/>
							<String ID="string_110" HPOS="883" VPOS="885" WIDTH="132" HEIGHT="26" WC="0.90" CONTENT="statsanslag"/>
						</TextLine>
						<TextLine ID="line_18" HPOS="215" VPOS="915" WIDTH="800" HEIGHT="26">
							<String ID="string_111" HPOS="215" VPOS="915" WIDTH="56" HEIGHT="20" WC="0.96" CONTENT="intill"/><SP WIDTH="16" VPOS="915" HPOS="271"/>
							<String ID="string_112" HPOS="287" VPOS="915" WIDTH="39" HEIGHT="20" WC="0.96" CONTENT="100"/><SP WIDTH="8" VPOS="915" HPOS="326"/>
							<String ID="string_113" HPOS="334" VPOS="915" WIDTH="41" HEIGHT="20" WC="0.95" CONTENT="000"/><SP WIDTH="13" VPOS="915" HPOS="375"/>
							<String ID="string_114" HPOS="388" VPOS="915" WIDTH="32" HEIGHT="20" WC="0.96" CONTENT="kr."/><SP WIDTH="15" VPOS="915" HPOS="420"/>
							<String ID="string_115" HPOS="435" VPOS="915" WIDTH="34" HEIGHT="20" WC="0.96" CONTENT="för"/><SP WIDTH="13" VPOS="915" HPOS="469"/>
							<String ID="string_116" HPOS="482" VPOS="915" WIDTH="142" HEIGHT="20" WC="0.96" CONTENT="utlämnande"/><SP WIDTH="14" VPOS="915" HPOS="624"/>
							<String ID="string_117" HPOS="638" VPOS="921" WIDTH="27" HEIGHT="14" WC="0.96" CONTENT="av"/><SP WIDTH="14" VPOS="921" HPOS="665"/>
							<String ID="string_118" HPOS="679" VPOS="915" WIDTH="134" HEIGHT="26" WC="0.96" CONTENT="statsbidrag"/><SP WIDTH="13" VPOS="915" HPOS="813"/>
							<String ID="string_119" HPOS="826" VPOS="915" WIDTH="33" HEIGHT="19" WC="0.93" CONTENT="till"/><SP WIDTH="13" VPOS="915" HPOS="859"/>
							<String ID="string_120" HPOS="872" VPOS="915" WIDTH="143" HEIGHT="26" WC="0.92" CONTENT="jordförbätt-"/>
						</TextLine>
						<TextLine ID="line_19" HPOS="215" VPOS="944" WIDTH="799" HEIGHT="28">
							<String ID="string_121" HPOS="215" VPOS="945" WIDTH="47" HEIGHT="27" WC="0.93" CONTENT="ring"/><SP WIDTH="11" VPOS="945" HPOS="262"/>
							<String ID="string_122" HPOS="273" VPOS="945" WIDTH="11" HEIGHT="20" WC="0.93" CONTENT="å"/><SP WIDTH="12" VPOS="945" HPOS="284"/>
							<String ID="string_123" HPOS="296" VPOS="945" WIDTH="155" HEIGHT="26" WC="0.96" CONTENT="ofullständiga"/><SP WIDTH="10" VPOS="945" HPOS="451"/>
							<String ID="string_124" HPOS="461" VPOS="945" WIDTH="107" HEIGHT="26" WC="0.96" CONTENT="jordbruk"/><SP WIDTH="11" VPOS="945" HPOS="568"/>
							<String ID="string_125" HPOS="579" VPOS="950" WIDTH="77" HEIGHT="20" WC="0.93" CONTENT="genom"/><SP WIDTH="11" VPOS="950" HPOS="656"/>
							<String ID="string_126" HPOS="667" VPOS="944" WIDTH="120" HEIGHT="27" WC="0.92" CONTENT="påförande"/><SP WIDTH="11" VPOS="944" HPOS="787"/>
							<String ID="string_127" HPOS="798" VPOS="951" WIDTH="28" HEIGHT="14" WC="0.93" CONTENT="av"/><SP WIDTH="10" VPOS="951" HPOS="826"/>
							<String ID="string_128" HPOS="836" VPOS="945" WIDTH="140" HEIGHT="26" WC="0.91" CONTENT="mineraljord"/><SP WIDTH="11" VPOS="945" HPOS="976"/>
							<String ID="string_129" HPOS="987" VPOS="945" WIDTH="27" HEIGHT="26" WC="0.96" CONTENT="på"/>
						</TextLine>
						<TextLine ID="line_20" HPOS="214" VPOS="974" WIDTH="801" HEIGHT="27">
							<String ID="string_130" HPOS="214" VPOS="975" WIDTH="98" HEIGHT="26" WC="0.89" CONTENT="myrjord"/><SP WIDTH="17" VPOS="975" HPOS="312"/>
							<String ID="string_131" HPOS="329" VPOS="975" WIDTH="167" HEIGHT="26" WC="0.91" CONTENT="(jordkörning);"/><SP WIDTH="18" VPOS="975" HPOS="496"/>
							<String ID="string_132" HPOS="514" VPOS="975" WIDTH="39" HEIGHT="20" WC="0.97" CONTENT="och"/><SP WIDTH="17" VPOS="975" HPOS="553"/>
							<String ID="string_133" HPOS="570" VPOS="975" WIDTH="88" HEIGHT="20" WC="0.93" CONTENT="anvisar"/><SP WIDTH="16" VPOS="975" HPOS="658"/>
							<String ID="string_134" HPOS="674" VPOS="974" WIDTH="42" HEIGHT="20" WC="0.91" CONTENT="RD"/><SP WIDTH="17" VPOS="974" HPOS="716"/>
							<String ID="string_135" HPOS="733" VPOS="974" WIDTH="34" HEIGHT="20" WC="0.93" CONTENT="till"/><SP WIDTH="16" VPOS="974" HPOS="767"/>
							<String ID="string_136" HPOS="783" VPOS="975" WIDTH="110" HEIGHT="25" WC="0.90" CONTENT="nyodling,"/><SP WIDTH="18" VPOS="975" HPOS="893"/>
							<String ID="string_137" HPOS="911" VPOS="974" WIDTH="104" HEIGHT="20" WC="0.91" CONTENT="betesför-"/>
						</TextLine>
						<TextLine ID="line_21" HPOS="215" VPOS="1004" WIDTH="800" HEIGHT="27">
							<String ID="string_138" HPOS="215" VPOS="1005" WIDTH="104" HEIGHT="26" WC="0.93" CONTENT="bättring,"/><SP WIDTH="19" VPOS="1005" HPOS="319"/>
							<String ID="string_139" HPOS="338" VPOS="1005" WIDTH="136" HEIGHT="26" WC="0.92" CONTENT="stenröjning"/><SP WIDTH="17" VPOS="1005" HPOS="474"/>
							<String ID="string_140" HPOS="491" VPOS="1005" WIDTH="40" HEIGHT="20" WC="0.93" CONTENT="och"/><SP WIDTH="17" VPOS="1005" HPOS="531"/>
							<String ID="string_141" HPOS="548" VPOS="1004" WIDTH="142" HEIGHT="27" WC="0.91" CONTENT="jordkörning"/><SP WIDTH="17" VPOS="1004" HPOS="690"/>
							<String ID="string_142" HPOS="707" VPOS="1005" WIDTH="12" HEIGHT="19" WC="0.89" CONTENT="å"/><SP WIDTH="18" VPOS="1005" HPOS="719"/>
							<String ID="string_143" HPOS="737" VPOS="1004" WIDTH="155" HEIGHT="27" WC="0.96" CONTENT="ofullständiga"/><SP WIDTH="17" VPOS="1004" HPOS="892"/>
							<String ID="string_144" HPOS="909" VPOS="1004" WIDTH="106" HEIGHT="26" WC="0.96" CONTENT="jordbruk"/>
						</TextLine>
						<TextLine ID="line_22" HPOS="215" VPOS="1034" WIDTH="800" HEIGHT="26">
							<String ID="string_145" HPOS="215" VPOS="1036" WIDTH="32" HEIGHT="18" WC="0.96" CONTENT="ett"/><SP WIDTH="11" VPOS="1036" HPOS="247"/>
							<String ID="string_146" HPOS="258" VPOS="1036" WIDTH="62" HEIGHT="19" WC="0.96" CONTENT="extra"/><SP WIDTH="12" VPOS="1036" HPOS="320"/>
							<String ID="string_147" HPOS="332" VPOS="1034" WIDTH="76" HEIGHT="26" WC="0.96" CONTENT="anslag"/><SP WIDTH="10" VPOS="1034" HPOS="408"/>
							<String ID="string_148" HPOS="418" VPOS="1041" WIDTH="29" HEIGHT="13" WC="0.95" CONTENT="av"/><SP WIDTH="11" VPOS="1041" HPOS="447"/>
							<String ID="string_149" HPOS="458" VPOS="1034" WIDTH="40" HEIGHT="20" WC="0.96" CONTENT="500"/><SP WIDTH="9" VPOS="1034" HPOS="498"/>
							<String ID="string_150" HPOS="507" VPOS="1034" WIDTH="41" HEIGHT="20" WC="0.96" CONTENT="000"/><SP WIDTH="11" VPOS="1034" HPOS="548"/>
							<String ID="string_151" HPOS="559" VPOS="1034" WIDTH="31" HEIGHT="20" WC="0.92" CONTENT="kr."/><SP WIDTH="13" VPOS="1034" HPOS="590"/>
							<String ID="string_152" HPOS="603" VPOS="1034" WIDTH="33" HEIGHT="26" WC="0.92" CONTENT="(f);"/><SP WIDTH="13" VPOS="1034" HPOS="636"/>
							<String ID="string_153" HPOS="649" VPOS="1034" WIDTH="39" HEIGHT="20" WC="0.93" CONTENT="och"/><SP WIDTH="12" VPOS="1034" HPOS="688"/>
							<String ID="string_154" HPOS="700" VPOS="1034" WIDTH="111" HEIGHT="26" WC="0.92" CONTENT="medgiver"/><SP WIDTH="11" VPOS="1034" HPOS="811"/>
							<String ID="string_155" HPOS="822" VPOS="1034" WIDTH="49" HEIGHT="23" WC="0.91" CONTENT="RD,"/><SP WIDTH="13" VPOS="1034" HPOS="871"/>
							<String ID="string_156" HPOS="884" VPOS="1036" WIDTH="34" HEIGHT="18" WC="0.92" CONTENT="att"/><SP WIDTH="11" VPOS="1036" HPOS="918"/>
							<String ID="string_157" HPOS="929" VPOS="1035" WIDTH="12" HEIGHT="19" WC="0.92" CONTENT="å"/><SP WIDTH="12" VPOS="1035" HPOS="941"/>
							<String ID="string_158" HPOS="953" VPOS="1036" WIDTH="62" HEIGHT="19" WC="0.96" CONTENT="extra"/>
						</TextLine>
						<TextLine ID="line_23" HPOS="214" VPOS="1063" WIDTH="800" HEIGHT="27">
							<String ID="string_159" HPOS="214" VPOS="1064" WIDTH="245" HEIGHT="26" WC="0.91" CONTENT="reservationsanslaget"/><SP WIDTH="14" VPOS="1064" HPOS="459"/>
							<String ID="string_160" HPOS="473" VPOS="1063" WIDTH="34" HEIGHT="20" WC="0.96" CONTENT="för"/><SP WIDTH="14" VPOS="1063" HPOS="507"/>
							<String ID="string_161" HPOS="521" VPOS="1063" WIDTH="142" HEIGHT="20" WC="0.96" CONTENT="utlämnande"/><SP WIDTH="14" VPOS="1063" HPOS="663"/>
							<String ID="string_162" HPOS="677" VPOS="1069" WIDTH="28" HEIGHT="14" WC="0.96" CONTENT="av"/><SP WIDTH="15" VPOS="1069" HPOS="705"/>
							<String ID="string_163" HPOS="720" VPOS="1063" WIDTH="76" HEIGHT="26" WC="0.95" CONTENT="bidrag"/><SP WIDTH="13" VPOS="1063" HPOS="796"/>
							<String ID="string_164" HPOS="809" VPOS="1063" WIDTH="34" HEIGHT="20" WC="0.93" CONTENT="till"/><SP WIDTH="14" VPOS="1063" HPOS="843"/>
							<String ID="string_165" HPOS="857" VPOS="1063" WIDTH="104" HEIGHT="27" WC="0.92" CONTENT="nyodling"/><SP WIDTH="14" VPOS="1063" HPOS="961"/>
							<String ID="string_166" HPOS="975" VPOS="1064" WIDTH="39" HEIGHT="19" WC="0.96" CONTENT="och"/>
						</TextLine>
						<TextLine ID="line_24" HPOS="214" VPOS="1093" WIDTH="800" HEIGHT="27">
							<String ID="string_167" HPOS="214" VPOS="1093" WIDTH="196" HEIGHT="27" WC="0.90" CONTENT="betesförbättring"/><SP WIDTH="18" VPOS="1093" HPOS="410"/>
							<String ID="string_168" HPOS="428" VPOS="1095" WIDTH="103" HEIGHT="18" WC="0.93" CONTENT="ävensom"/><SP WIDTH="20" VPOS="1095" HPOS="531"/>
							<String ID="string_169" HPOS="551" VPOS="1093" WIDTH="135" HEIGHT="26" WC="0.91" CONTENT="stenröjning"/><SP WIDTH="18" VPOS="1093" HPOS="686"/>
							<String ID="string_170" HPOS="704" VPOS="1094" WIDTH="12" HEIGHT="19" WC="0.90" CONTENT="å"/><SP WIDTH="20" VPOS="1094" HPOS="716"/>
							<String ID="string_171" HPOS="736" VPOS="1093" WIDTH="154" HEIGHT="26" WC="0.96" CONTENT="ofullständiga"/><SP WIDTH="18" VPOS="1093" HPOS="890"/>
							<String ID="string_172" HPOS="908" VPOS="1093" WIDTH="106" HEIGHT="26" WC="0.96" CONTENT="jordbruk"/>
						</TextLine>
						<TextLine ID="line_25" HPOS="214" VPOS="1122" WIDTH="800" HEIGHT="27">
							<String ID="string_173" HPOS="214" VPOS="1123" WIDTH="36" HEIGHT="20" WC="0.96" CONTENT="vid"/><SP WIDTH="16" VPOS="1123" HPOS="250"/>
							<String ID="string_174" HPOS="266" VPOS="1123" WIDTH="109" HEIGHT="26" WC="0.95" CONTENT="utgången"/><SP WIDTH="15" VPOS="1123" HPOS="375"/>
							<String ID="string_175" HPOS="390" VPOS="1129" WIDTH="28" HEIGHT="14" WC="0.96" CONTENT="av"/><SP WIDTH="14" VPOS="1129" HPOS="418"/>
							<String ID="string_176" HPOS="432" VPOS="1123" WIDTH="131" HEIGHT="26" WC="0.93" CONTENT="budgetåret"/><SP WIDTH="15" VPOS="1123" HPOS="563"/>
							<String ID="string_177" HPOS="578" VPOS="1122" WIDTH="118" HEIGHT="27" WC="0.93" CONTENT="1933/1934"/><SP WIDTH="14" VPOS="1122" HPOS="696"/>
							<String ID="string_178" HPOS="710" VPOS="1123" WIDTH="118" HEIGHT="26" WC="0.92" CONTENT="förefintlig"/><SP WIDTH="13" VPOS="1123" HPOS="828"/>
							<String ID="string_179" HPOS="841" VPOS="1123" WIDTH="125" HEIGHT="26" WC="0.95" CONTENT="behållning"/><SP WIDTH="13" VPOS="1123" HPOS="966"/>
							<String ID="string_180" HPOS="979" VPOS="1123" WIDTH="35" HEIGHT="20" WC="0.96" CONTENT="må"/>
						</TextLine>
						<TextLine ID="line_26" HPOS="214" VPOS="1152" WIDTH="801" HEIGHT="27">
							<String ID="string_181" HPOS="214" VPOS="1153" WIDTH="111" HEIGHT="20" WC="0.95" CONTENT="överföras"/><SP WIDTH="18" VPOS="1153" HPOS="325"/>
							<String ID="string_182" HPOS="343" VPOS="1153" WIDTH="33" HEIGHT="20" WC="0.93" CONTENT="till"/><SP WIDTH="19" VPOS="1153" HPOS="376"/>
							<String ID="string_183" HPOS="395" VPOS="1153" WIDTH="143" HEIGHT="20" WC="0.92" CONTENT="förenämnda"/><SP WIDTH="19" VPOS="1153" HPOS="538"/>
							<String ID="string_184" HPOS="557" VPOS="1154" WIDTH="61" HEIGHT="18" WC="0.92" CONTENT="extra"/><SP WIDTH="19" VPOS="1154" HPOS="618"/>
							<String ID="string_185" HPOS="637" VPOS="1152" WIDTH="173" HEIGHT="27" WC="0.91" CONTENT="förslagsanslag;"/><SP WIDTH="20" VPOS="1152" HPOS="810"/>
							<String ID="string_186" HPOS="830" VPOS="1153" WIDTH="40" HEIGHT="19" WC="0.96" CONTENT="och"/><SP WIDTH="18" VPOS="1153" HPOS="870"/>
							<String ID="string_187" HPOS="888" VPOS="1153" WIDTH="127" HEIGHT="26" WC="0.95" CONTENT="godkänner"/>
						</TextLine>
						<TextLine ID="line_27" HPOS="214" VPOS="1182" WIDTH="801" HEIGHT="27">
							<String ID="string_188" HPOS="214" VPOS="1183" WIDTH="42" HEIGHT="19" WC="0.92" CONTENT="RD"/><SP WIDTH="11" VPOS="1183" HPOS="256"/>
							<String ID="string_189" HPOS="267" VPOS="1182" WIDTH="93" HEIGHT="27" WC="0.96" CONTENT="ändring"/><SP WIDTH="10" VPOS="1182" HPOS="360"/>
							<String ID="string_190" HPOS="370" VPOS="1183" WIDTH="6" HEIGHT="19" WC="0.96" CONTENT="i"/><SP WIDTH="10" VPOS="1183" HPOS="376"/>
							<String ID="string_191" HPOS="386" VPOS="1183" WIDTH="110" HEIGHT="20" WC="0.94" CONTENT="allmänna"/><SP WIDTH="11" VPOS="1183" HPOS="496"/>
							<String ID="string_192" HPOS="507" VPOS="1183" WIDTH="122" HEIGHT="25" WC="0.96" CONTENT="grunderna"/><SP WIDTH="11" VPOS="1183" HPOS="629"/>
							<String ID="string_193" HPOS="640" VPOS="1182" WIDTH="33" HEIGHT="20" WC="0.96" CONTENT="för"/><SP WIDTH="10" VPOS="1182" HPOS="673"/>
							<String ID="string_194" HPOS="683" VPOS="1183" WIDTH="40" HEIGHT="19" WC="0.93" CONTENT="den"/><SP WIDTH="12" VPOS="1183" HPOS="723"/>
							<String ID="string_195" HPOS="735" VPOS="1182" WIDTH="206" HEIGHT="20" WC="0.92" CONTENT="statsunderstödda"/><SP WIDTH="10" VPOS="1182" HPOS="941"/>
							<String ID="string_196" HPOS="951" VPOS="1188" WIDTH="64" HEIGHT="21" WC="0.92" CONTENT="egna-"/>
						</TextLine>
						<TextLine ID="line_28" HPOS="215" VPOS="1213" WIDTH="235" HEIGHT="19">
							<String ID="string_197" HPOS="215" VPOS="1213" WIDTH="235" HEIGHT="19" WC="0.90" CONTENT="hemsverksamheten."/>
						</TextLine>
					</TextBlock>
				</ComposedBlock>
				<ComposedBlock ID="cblock_9" HPOS="160" VPOS="1271" WIDTH="854" HEIGHT="56">
					<TextBlock ID="block_10" HPOS="160" VPOS="1271" WIDTH="854" HEIGHT="56">
						<TextLine ID="line_29" HPOS="160" VPOS="1271" WIDTH="854" HEIGHT="27">
							<String ID="string_198" HPOS="160" VPOS="1274" WIDTH="24" HEIGHT="17" WC="0.96" CONTENT="20"/><SP WIDTH="16" VPOS="1274" HPOS="184"/>
							<String ID="string_199" HPOS="200" VPOS="1272" WIDTH="75" HEIGHT="20" WC="0.96" CONTENT="Såsom"/><SP WIDTH="17" VPOS="1272" HPOS="275"/>
							<String ID="string_200" HPOS="292" VPOS="1272" WIDTH="76" HEIGHT="26" WC="0.96" CONTENT="bidrag"/><SP WIDTH="15" VPOS="1272" HPOS="368"/>
							<String ID="string_201" HPOS="383" VPOS="1272" WIDTH="34" HEIGHT="19" WC="0.93" CONTENT="till"/><SP WIDTH="15" VPOS="1272" HPOS="417"/>
							<String ID="string_202" HPOS="432" VPOS="1272" WIDTH="297" HEIGHT="26" WC="0.91" CONTENT="gödselvårdsanläggningar"/><SP WIDTH="16" VPOS="1272" HPOS="729"/>
							<String ID="string_203" HPOS="745" VPOS="1271" WIDTH="87" HEIGHT="20" WC="0.96" CONTENT="anvisas"/><SP WIDTH="16" VPOS="1271" HPOS="832"/>
							<String ID="string_204" HPOS="848" VPOS="1273" WIDTH="33" HEIGHT="18" WC="0.96" CONTENT="ett"/><SP WIDTH="15" VPOS="1273" HPOS="881"/>
							<String ID="string_205" HPOS="896" VPOS="1272" WIDTH="75" HEIGHT="26" WC="0.96" CONTENT="anslag"/><SP WIDTH="15" VPOS="1272" HPOS="971"/>
							<String ID="string_206" HPOS="986" VPOS="1278" WIDTH="28" HEIGHT="13" WC="0.96" CONTENT="av"/>
						</TextLine>
						<TextLine ID="line_30" HPOS="214" VPOS="1301" WIDTH="187" HEIGHT="26">
							<String ID="string_207" HPOS="214" VPOS="1301" WIDTH="40" HEIGHT="20" WC="0.96" CONTENT="700"/><SP WIDTH="9" VPOS="1301" HPOS="254"/>
							<String ID="string_208" HPOS="263" VPOS="1301" WIDTH="41" HEIGHT="20" WC="0.95" CONTENT="000"/><SP WIDTH="14" VPOS="1301" HPOS="304"/>
							<String ID="string_209" HPOS="318" VPOS="1302" WIDTH="32" HEIGHT="19" WC="0.93" CONTENT="kr."/><SP WIDTH="16" VPOS="1302" HPOS="350"/>
							<String ID="string_210" HPOS="366" VPOS="1302" WIDTH="35" HEIGHT="25" WC="0.86" CONTENT="(r)."/>
						</TextLine>
					</TextBlock>
				</ComposedBlock>
				<ComposedBlock ID="cblock_10" HPOS="160" VPOS="1390" WIDTH="853" HEIGHT="56">
					<TextBlock ID="block_11" HPOS="160" VPOS="1390" WIDTH="853" HEIGHT="56">
						<TextLine ID="line_31" HPOS="160" VPOS="1390" WIDTH="853" HEIGHT="27">
							<String ID="string_211" HPOS="160" VPOS="1393" WIDTH="22" HEIGHT="17" WC="0.96" CONTENT="21"/><SP WIDTH="17" VPOS="1393" HPOS="182"/>
							<String ID="string_212" HPOS="199" VPOS="1391" WIDTH="81" HEIGHT="26" WC="0.93" CONTENT="Avslag"/><SP WIDTH="14" VPOS="1391" HPOS="280"/>
							<String ID="string_213" HPOS="294" VPOS="1391" WIDTH="12" HEIGHT="19" WC="0.92" CONTENT="å"/><SP WIDTH="14" VPOS="1391" HPOS="306"/>
							<String ID="string_214" HPOS="320" VPOS="1391" WIDTH="83" HEIGHT="19" WC="0.96" CONTENT="motion"/><SP WIDTH="14" VPOS="1391" HPOS="403"/>
							<String ID="string_215" HPOS="417" VPOS="1396" WIDTH="49" HEIGHT="21" WC="0.96" CONTENT="ang."/><SP WIDTH="15" VPOS="1396" HPOS="466"/>
							<String ID="string_216" HPOS="481" VPOS="1391" WIDTH="66" HEIGHT="26" WC="0.96" CONTENT="årliga"/><SP WIDTH="15" VPOS="1391" HPOS="547"/>
							<String ID="string_217" HPOS="562" VPOS="1390" WIDTH="141" HEIGHT="27" WC="0.96" CONTENT="utredningar"/><SP WIDTH="14" VPOS="1390" HPOS="703"/>
							<String ID="string_218" HPOS="717" VPOS="1396" WIDTH="34" HEIGHT="14" WC="0.96" CONTENT="om"/><SP WIDTH="14" VPOS="1396" HPOS="751"/>
							<String ID="string_219" HPOS="765" VPOS="1391" WIDTH="140" HEIGHT="26" WC="0.93" CONTENT="jordbrukets"/><SP WIDTH="15" VPOS="1391" HPOS="905"/>
							<String ID="string_220" HPOS="920" VPOS="1391" WIDTH="93" HEIGHT="25" WC="0.92" CONTENT="produk-"/>
						</TextLine>
						<TextLine ID="line_32" HPOS="214" VPOS="1420" WIDTH="540" HEIGHT="26">
							<String ID="string_221" HPOS="214" VPOS="1421" WIDTH="177" HEIGHT="19" WC="0.93" CONTENT="tionskostnader"/><SP WIDTH="13" VPOS="1421" HPOS="391"/>
							<String ID="string_222" HPOS="404" VPOS="1421" WIDTH="33" HEIGHT="19" WC="0.96" CONTENT="för"/><SP WIDTH="13" VPOS="1421" HPOS="437"/>
							<String ID="string_223" HPOS="450" VPOS="1421" WIDTH="26" HEIGHT="19" WC="0.96" CONTENT="de"/><SP WIDTH="13" VPOS="1421" HPOS="476"/>
							<String ID="string_224" HPOS="489" VPOS="1420" WIDTH="119" HEIGHT="26" WC="0.96" CONTENT="viktigaste"/><SP WIDTH="12" VPOS="1420" HPOS="608"/>
							<String ID="string_225" HPOS="620" VPOS="1420" WIDTH="134" HEIGHT="20" WC="0.96" CONTENT="livsmedlen."/>
						</TextLine>
					</TextBlock>
				</ComposedBlock>
				<ComposedBlock ID="cblock_11" HPOS="160" VPOS="1479" WIDTH="855" HEIGHT="592">
					<TextBlock ID="block_12" HPOS="160" VPOS="1479" WIDTH="855" HEIGHT="592">
						<TextLine ID="line_33" HPOS="160" VPOS="1479" WIDTH="852" HEIGHT="27">
							<String ID="string_226" HPOS="160" VPOS="1482" WIDTH="24" HEIGHT="17" WC="0.91" CONTENT="22"/><SP WIDTH="16" VPOS="1482" HPOS="184"/>
							<String ID="string_227" HPOS="200" VPOS="1480" WIDTH="41" HEIGHT="20" WC="0.91" CONTENT="RD"/><SP WIDTH="16" VPOS="1480" HPOS="241"/>
							<String ID="string_228" HPOS="257" VPOS="1481" WIDTH="90" HEIGHT="25" WC="0.96" CONTENT="antager"/><SP WIDTH="15" VPOS="1481" HPOS="347"/>
							<String ID="string_229" HPOS="362" VPOS="1480" WIDTH="79" HEIGHT="26" WC="0.96" CONTENT="förslag"/><SP WIDTH="14" VPOS="1480" HPOS="441"/>
							<String ID="string_230" HPOS="455" VPOS="1480" WIDTH="33" HEIGHT="19" WC="0.96" CONTENT="till"/><SP WIDTH="14" VPOS="1480" HPOS="488"/>
							<String ID="string_231" HPOS="502" VPOS="1480" WIDTH="126" HEIGHT="26" WC="0.96" CONTENT="förordning"/><SP WIDTH="14" VPOS="1480" HPOS="628"/>
							<String ID="string_232" HPOS="642" VPOS="1485" WIDTH="35" HEIGHT="14" WC="0.91" CONTENT="om"/><SP WIDTH="15" VPOS="1485" HPOS="677"/>
							<String ID="string_233" HPOS="692" VPOS="1479" WIDTH="158" HEIGHT="26" WC="0.91" CONTENT="införselavgift"/><SP WIDTH="15" VPOS="1479" HPOS="850"/>
							<String ID="string_234" HPOS="865" VPOS="1480" WIDTH="11" HEIGHT="19" WC="0.93" CONTENT="å"/><SP WIDTH="16" VPOS="1480" HPOS="876"/>
							<String ID="string_235" HPOS="892" VPOS="1480" WIDTH="66" HEIGHT="19" WC="0.96" CONTENT="havre"/><SP WIDTH="15" VPOS="1480" HPOS="958"/>
							<String ID="string_236" HPOS="973" VPOS="1480" WIDTH="39" HEIGHT="19" WC="0.96" CONTENT="och"/>
						</TextLine>
						<TextLine ID="line_34" HPOS="213" VPOS="1509" WIDTH="799" HEIGHT="26">
							<String ID="string_237" HPOS="213" VPOS="1510" WIDTH="56" HEIGHT="25" WC="0.96" CONTENT="majs"/><SP WIDTH="16" VPOS="1510" HPOS="269"/>
							<String ID="string_238" HPOS="285" VPOS="1510" WIDTH="69" HEIGHT="25" WC="0.96" CONTENT="jämte"/><SP WIDTH="17" VPOS="1510" HPOS="354"/>
							<String ID="string_239" HPOS="371" VPOS="1510" WIDTH="58" HEIGHT="19" WC="0.96" CONTENT="vissa"/><SP WIDTH="17" VPOS="1510" HPOS="429"/>
							<String ID="string_240" HPOS="446" VPOS="1510" WIDTH="68" HEIGHT="19" WC="0.96" CONTENT="andra"/><SP WIDTH="17" VPOS="1510" HPOS="514"/>
							<String ID="string_241" HPOS="531" VPOS="1509" WIDTH="139" HEIGHT="23" WC="0.95" CONTENT="fodermedel,"/><SP WIDTH="18" VPOS="1509" HPOS="670"/>
							<String ID="string_242" HPOS="688" VPOS="1509" WIDTH="80" HEIGHT="26" WC="0.96" CONTENT="förslag"/><SP WIDTH="16" VPOS="1509" HPOS="768"/>
							<String ID="string_243" HPOS="784" VPOS="1509" WIDTH="33" HEIGHT="20" WC="0.95" CONTENT="till"/><SP WIDTH="17" VPOS="1509" HPOS="817"/>
							<String ID="string_244" HPOS="834" VPOS="1509" WIDTH="126" HEIGHT="26" WC="0.96" CONTENT="förordning"/><SP WIDTH="17" VPOS="1509" HPOS="960"/>
							<String ID="string_245" HPOS="977" VPOS="1515" WIDTH="35" HEIGHT="14" WC="0.96" CONTENT="om"/>
						</TextLine>
						<TextLine ID="line_35" HPOS="213" VPOS="1539" WIDTH="800" HEIGHT="26">
							<String ID="string_246" HPOS="213" VPOS="1539" WIDTH="91" HEIGHT="20" WC="0.96" CONTENT="särskild"/><SP WIDTH="14" VPOS="1539" HPOS="304"/>
							<String ID="string_247" HPOS="318" VPOS="1539" WIDTH="70" HEIGHT="26" WC="0.96" CONTENT="avgift"/><SP WIDTH="13" VPOS="1539" HPOS="388"/>
							<String ID="string_248" HPOS="401" VPOS="1539" WIDTH="34" HEIGHT="20" WC="0.96" CONTENT="för"/><SP WIDTH="12" VPOS="1539" HPOS="435"/>
							<String ID="string_249" HPOS="447" VPOS="1539" WIDTH="44" HEIGHT="20" WC="0.96" CONTENT="viss"/><SP WIDTH="13" VPOS="1539" HPOS="491"/>
							<String ID="string_250" HPOS="504" VPOS="1539" WIDTH="104" HEIGHT="20" WC="0.96" CONTENT="utländsk"/><SP WIDTH="13" VPOS="1539" HPOS="608"/>
							<String ID="string_251" HPOS="621" VPOS="1539" WIDTH="67" HEIGHT="20" WC="0.96" CONTENT="havre"/><SP WIDTH="13" VPOS="1539" HPOS="688"/>
							<String ID="string_252" HPOS="701" VPOS="1539" WIDTH="40" HEIGHT="20" WC="0.96" CONTENT="och"/><SP WIDTH="14" VPOS="1539" HPOS="741"/>
							<String ID="string_253" HPOS="755" VPOS="1539" WIDTH="63" HEIGHT="26" WC="0.94" CONTENT="majs,"/><SP WIDTH="14" VPOS="1539" HPOS="818"/>
							<String ID="string_254" HPOS="832" VPOS="1539" WIDTH="80" HEIGHT="26" WC="0.96" CONTENT="förslag"/><SP WIDTH="13" VPOS="1539" HPOS="912"/>
							<String ID="string_255" HPOS="925" VPOS="1539" WIDTH="32" HEIGHT="20" WC="0.93" CONTENT="till"/><SP WIDTH="14" VPOS="1539" HPOS="957"/>
							<String ID="string_256" HPOS="971" VPOS="1539" WIDTH="42" HEIGHT="20" WC="0.91" CONTENT="för-"/>
						</TextLine>
						<TextLine ID="line_36" HPOS="213" VPOS="1568" WIDTH="799" HEIGHT="27">
							<String ID="string_257" HPOS="213" VPOS="1569" WIDTH="93" HEIGHT="26" WC="0.96" CONTENT="ordning"/><SP WIDTH="13" VPOS="1569" HPOS="306"/>
							<String ID="string_258" HPOS="319" VPOS="1575" WIDTH="34" HEIGHT="14" WC="0.96" CONTENT="om"/><SP WIDTH="14" VPOS="1575" HPOS="353"/>
							<String ID="string_259" HPOS="367" VPOS="1569" WIDTH="61" HEIGHT="20" WC="0.93" CONTENT="skatt"/><SP WIDTH="13" VPOS="1569" HPOS="428"/>
							<String ID="string_260" HPOS="441" VPOS="1569" WIDTH="11" HEIGHT="20" WC="0.93" CONTENT="å"/><SP WIDTH="14" VPOS="1569" HPOS="452"/>
							<String ID="string_261" HPOS="466" VPOS="1569" WIDTH="30" HEIGHT="20" WC="0.96" CONTENT="kli"/><SP WIDTH="13" VPOS="1569" HPOS="496"/>
							<String ID="string_262" HPOS="509" VPOS="1569" WIDTH="49" HEIGHT="20" WC="0.96" CONTENT="med"/><SP WIDTH="14" VPOS="1569" HPOS="558"/>
							<String ID="string_263" HPOS="572" VPOS="1569" WIDTH="71" HEIGHT="20" WC="0.96" CONTENT="nedan"/><SP WIDTH="13" VPOS="1569" HPOS="643"/>
							<String ID="string_264" HPOS="656" VPOS="1568" WIDTH="94" HEIGHT="27" WC="0.96" CONTENT="angivna"/><SP WIDTH="14" VPOS="1568" HPOS="750"/>
							<String ID="string_265" HPOS="764" VPOS="1569" WIDTH="117" HEIGHT="26" WC="0.96" CONTENT="ändringar"/><SP WIDTH="13" VPOS="1569" HPOS="881"/>
							<String ID="string_266" HPOS="894" VPOS="1569" WIDTH="6" HEIGHT="19" WC="0.95" CONTENT="i"/><SP WIDTH="13" VPOS="1569" HPOS="900"/>
							<String ID="string_267" HPOS="913" VPOS="1569" WIDTH="19" HEIGHT="23" WC="0.96" CONTENT="2,"/><SP WIDTH="15" VPOS="1569" HPOS="932"/>
							<String ID="string_268" HPOS="947" VPOS="1569" WIDTH="11" HEIGHT="20" WC="0.96" CONTENT="5"/><SP WIDTH="14" VPOS="1569" HPOS="958"/>
							<String ID="string_269" HPOS="972" VPOS="1569" WIDTH="40" HEIGHT="20" WC="0.96" CONTENT="och"/>
						</TextLine>
						<TextLine ID="line_37" HPOS="213" VPOS="1598" WIDTH="800" HEIGHT="27">
							<String ID="string_270" HPOS="213" VPOS="1599" WIDTH="12" HEIGHT="19" WC="0.96" CONTENT="6"/><SP WIDTH="14" VPOS="1599" HPOS="225"/>
							<String ID="string_271" HPOS="239" VPOS="1599" WIDTH="27" HEIGHT="25" WC="0.94" CONTENT="$$,"/><SP WIDTH="14" VPOS="1599" HPOS="266"/>
							<String ID="string_272" HPOS="280" VPOS="1599" WIDTH="80" HEIGHT="26" WC="0.96" CONTENT="förslag"/><SP WIDTH="13" VPOS="1599" HPOS="360"/>
							<String ID="string_273" HPOS="373" VPOS="1599" WIDTH="33" HEIGHT="19" WC="0.96" CONTENT="till"/><SP WIDTH="13" VPOS="1599" HPOS="406"/>
							<String ID="string_274" HPOS="419" VPOS="1599" WIDTH="126" HEIGHT="26" WC="0.96" CONTENT="förordning"/><SP WIDTH="13" VPOS="1599" HPOS="545"/>
							<String ID="string_275" HPOS="558" VPOS="1605" WIDTH="35" HEIGHT="13" WC="0.92" CONTENT="om"/><SP WIDTH="13" VPOS="1605" HPOS="593"/>
							<String ID="string_276" HPOS="606" VPOS="1599" WIDTH="128" HEIGHT="26" WC="0.92" CONTENT="veteavgift,"/><SP WIDTH="15" VPOS="1599" HPOS="734"/>
							<String ID="string_277" HPOS="749" VPOS="1598" WIDTH="79" HEIGHT="27" WC="0.95" CONTENT="förslag"/><SP WIDTH="12" VPOS="1598" HPOS="828"/>
							<String ID="string_278" HPOS="840" VPOS="1599" WIDTH="34" HEIGHT="19" WC="0.96" CONTENT="till"/><SP WIDTH="13" VPOS="1599" HPOS="874"/>
							<String ID="string_279" HPOS="887" VPOS="1598" WIDTH="126" HEIGHT="27" WC="0.96" CONTENT="förordning"/>
						</TextLine>
						<TextLine ID="line_38" HPOS="213" VPOS="1628" WIDTH="799" HEIGHT="26">
							<String ID="string_280" HPOS="213" VPOS="1634" WIDTH="48" HEIGHT="20" WC="0.95" CONTENT="ang."/><SP WIDTH="17" VPOS="1634" HPOS="261"/>
							<String ID="string_281" HPOS="278" VPOS="1628" WIDTH="79" HEIGHT="20" WC="0.95" CONTENT="villkor"/><SP WIDTH="15" VPOS="1628" HPOS="357"/>
							<String ID="string_282" HPOS="372" VPOS="1628" WIDTH="5" HEIGHT="20" WC="0.96" CONTENT="i"/><SP WIDTH="16" VPOS="1628" HPOS="377"/>
							<String ID="string_283" HPOS="393" VPOS="1628" WIDTH="58" HEIGHT="20" WC="0.96" CONTENT="vissa"/><SP WIDTH="15" VPOS="1628" HPOS="451"/>
							<String ID="string_284" HPOS="466" VPOS="1628" WIDTH="38" HEIGHT="20" WC="0.96" CONTENT="fall"/><SP WIDTH="15" VPOS="1628" HPOS="504"/>
							<String ID="string_285" HPOS="519" VPOS="1628" WIDTH="33" HEIGHT="20" WC="0.96" CONTENT="för"/><SP WIDTH="15" VPOS="1628" HPOS="552"/>
							<String ID="string_286" HPOS="567" VPOS="1628" WIDTH="87" HEIGHT="20" WC="0.96" CONTENT="införsel"/><SP WIDTH="16" VPOS="1628" HPOS="654"/>
							<String ID="string_287" HPOS="670" VPOS="1634" WIDTH="28" HEIGHT="14" WC="0.96" CONTENT="av"/><SP WIDTH="15" VPOS="1634" HPOS="698"/>
							<String ID="string_288" HPOS="713" VPOS="1628" WIDTH="132" HEIGHT="20" WC="0.95" CONTENT="fodermedel"/><SP WIDTH="16" VPOS="1628" HPOS="845"/>
							<String ID="string_289" HPOS="861" VPOS="1630" WIDTH="57" HEIGHT="18" WC="0.96" CONTENT="samt"/><SP WIDTH="15" VPOS="1630" HPOS="918"/>
							<String ID="string_290" HPOS="933" VPOS="1628" WIDTH="79" HEIGHT="20" WC="0.96" CONTENT="förbud"/>
						</TextLine>
						<TextLine ID="line_39" HPOS="213" VPOS="1658" WIDTH="800" HEIGHT="26">
							<String ID="string_291" HPOS="213" VPOS="1660" WIDTH="47" HEIGHT="18" WC="0.96" CONTENT="mot"/><SP WIDTH="15" VPOS="1660" HPOS="260"/>
							<String ID="string_292" HPOS="275" VPOS="1658" WIDTH="43" HEIGHT="20" WC="0.96" CONTENT="viss"/><SP WIDTH="15" VPOS="1658" HPOS="318"/>
							<String ID="string_293" HPOS="333" VPOS="1658" WIDTH="142" HEIGHT="26" WC="0.96" CONTENT="användning"/><SP WIDTH="14" VPOS="1658" HPOS="475"/>
							<String ID="string_294" HPOS="489" VPOS="1664" WIDTH="28" HEIGHT="14" WC="0.93" CONTENT="av"/><SP WIDTH="15" VPOS="1664" HPOS="517"/>
							<String ID="string_295" HPOS="532" VPOS="1658" WIDTH="144" HEIGHT="20" WC="0.92" CONTENT="denaturerad"/><SP WIDTH="16" VPOS="1658" HPOS="676"/>
							<String ID="string_296" HPOS="692" VPOS="1658" WIDTH="122" HEIGHT="26" WC="0.96" CONTENT="spannmål,"/><SP WIDTH="15" VPOS="1658" HPOS="814"/>
							<String ID="string_297" HPOS="829" VPOS="1658" WIDTH="80" HEIGHT="26" WC="0.96" CONTENT="förslag"/><SP WIDTH="14" VPOS="1658" HPOS="909"/>
							<String ID="string_298" HPOS="923" VPOS="1658" WIDTH="33" HEIGHT="20" WC="0.93" CONTENT="till"/><SP WIDTH="14" VPOS="1658" HPOS="956"/>
							<String ID="string_299" HPOS="970" VPOS="1658" WIDTH="43" HEIGHT="20" WC="0.92" CONTENT="för-"/>
						</TextLine>
						<TextLine ID="line_40" HPOS="213" VPOS="1688" WIDTH="799" HEIGHT="26">
							<String ID="string_300" HPOS="213" VPOS="1688" WIDTH="92" HEIGHT="26" WC="0.96" CONTENT="ordning"/><SP WIDTH="13" VPOS="1688" HPOS="305"/>
							<String ID="string_301" HPOS="318" VPOS="1693" WIDTH="49" HEIGHT="21" WC="0.96" CONTENT="ang."/><SP WIDTH="14" VPOS="1693" HPOS="367"/>
							<String ID="string_302" HPOS="381" VPOS="1688" WIDTH="83" HEIGHT="20" WC="0.96" CONTENT="ändrad"/><SP WIDTH="14" VPOS="1688" HPOS="464"/>
							<String ID="string_303" HPOS="478" VPOS="1688" WIDTH="81" HEIGHT="26" WC="0.96" CONTENT="lydelse"/><SP WIDTH="13" VPOS="1688" HPOS="559"/>
							<String ID="string_304" HPOS="572" VPOS="1694" WIDTH="28" HEIGHT="14" WC="0.96" CONTENT="av"/><SP WIDTH="13" VPOS="1694" HPOS="600"/>
							<String ID="string_305" HPOS="613" VPOS="1689" WIDTH="12" HEIGHT="19" WC="0.96" CONTENT="2"/><SP WIDTH="14" VPOS="1689" HPOS="625"/>
							<String ID="string_306" HPOS="639" VPOS="1688" WIDTH="39" HEIGHT="20" WC="0.96" CONTENT="och"/><SP WIDTH="16" VPOS="1688" HPOS="678"/>
							<String ID="string_307" HPOS="694" VPOS="1688" WIDTH="22" HEIGHT="19" WC="0.94" CONTENT="11"/><SP WIDTH="15" VPOS="1688" HPOS="716"/>
							<String ID="string_308" HPOS="731" VPOS="1688" WIDTH="20" HEIGHT="25" WC="0.96" CONTENT="$$"/><SP WIDTH="13" VPOS="1688" HPOS="751"/>
							<String ID="string_309" HPOS="764" VPOS="1688" WIDTH="153" HEIGHT="26" WC="0.96" CONTENT="förordningen"/><SP WIDTH="15" VPOS="1688" HPOS="917"/>
							<String ID="string_310" HPOS="932" VPOS="1688" WIDTH="40" HEIGHT="20" WC="0.96" CONTENT="den"/><SP WIDTH="16" VPOS="1688" HPOS="972"/>
							<String ID="string_311" HPOS="988" VPOS="1688" WIDTH="24" HEIGHT="20" WC="0.96" CONTENT="14"/>
						</TextLine>
						<TextLine ID="line_41" HPOS="212" VPOS="1717" WIDTH="801" HEIGHT="27">
							<String ID="string_312" HPOS="212" VPOS="1718" WIDTH="48" HEIGHT="26" WC="0.96" CONTENT="juni"/><SP WIDTH="15" VPOS="1718" HPOS="260"/>
							<String ID="string_313" HPOS="275" VPOS="1718" WIDTH="52" HEIGHT="19" WC="0.96" CONTENT="1933"/><SP WIDTH="13" VPOS="1718" HPOS="327"/>
							<String ID="string_314" HPOS="340" VPOS="1718" WIDTH="35" HEIGHT="26" WC="0.95" CONTENT="(nr"/><SP WIDTH="12" VPOS="1718" HPOS="375"/>
							<String ID="string_315" HPOS="387" VPOS="1718" WIDTH="49" HEIGHT="25" WC="0.96" CONTENT="329)"/><SP WIDTH="14" VPOS="1718" HPOS="436"/>
							<String ID="string_316" HPOS="450" VPOS="1724" WIDTH="35" HEIGHT="13" WC="0.96" CONTENT="om"/><SP WIDTH="13" VPOS="1724" HPOS="485"/>
							<String ID="string_317" HPOS="498" VPOS="1718" WIDTH="60" HEIGHT="20" WC="0.93" CONTENT="skatt"/><SP WIDTH="13" VPOS="1718" HPOS="558"/>
							<String ID="string_318" HPOS="571" VPOS="1718" WIDTH="12" HEIGHT="20" WC="0.91" CONTENT="å"/><SP WIDTH="13" VPOS="1718" HPOS="583"/>
							<String ID="string_319" HPOS="596" VPOS="1718" WIDTH="113" HEIGHT="26" WC="0.91" CONTENT="oljekakor"/><SP WIDTH="12" VPOS="1718" HPOS="709"/>
							<String ID="string_320" HPOS="721" VPOS="1718" WIDTH="40" HEIGHT="20" WC="0.96" CONTENT="och"/><SP WIDTH="13" VPOS="1718" HPOS="761"/>
							<String ID="string_321" HPOS="774" VPOS="1718" WIDTH="57" HEIGHT="20" WC="0.96" CONTENT="vissa"/><SP WIDTH="13" VPOS="1718" HPOS="831"/>
							<String ID="string_322" HPOS="844" VPOS="1717" WIDTH="46" HEIGHT="27" WC="0.96" CONTENT="slag"/><SP WIDTH="12" VPOS="1717" HPOS="890"/>
							<String ID="string_323" HPOS="902" VPOS="1724" WIDTH="27" HEIGHT="14" WC="0.93" CONTENT="av"/><SP WIDTH="14" VPOS="1724" HPOS="929"/>
							<String ID="string_324" HPOS="943" VPOS="1718" WIDTH="70" HEIGHT="20" WC="0.91" CONTENT="foder-"/>
						</TextLine>
						<TextLine ID="line_42" HPOS="213" VPOS="1747" WIDTH="798" HEIGHT="27">
							<String ID="string_325" HPOS="213" VPOS="1747" WIDTH="60" HEIGHT="27" WC="0.96" CONTENT="mjöl;"/><SP WIDTH="19" VPOS="1747" HPOS="273"/>
							<String ID="string_326" HPOS="292" VPOS="1748" WIDTH="40" HEIGHT="19" WC="0.97" CONTENT="och"/><SP WIDTH="18" VPOS="1748" HPOS="332"/>
							<String ID="string_327" HPOS="350" VPOS="1749" WIDTH="91" HEIGHT="25" WC="0.93" CONTENT="antager"/><SP WIDTH="18" VPOS="1749" HPOS="441"/>
							<String ID="string_328" HPOS="459" VPOS="1747" WIDTH="42" HEIGHT="20" WC="0.90" CONTENT="RD"/><SP WIDTH="18" VPOS="1747" HPOS="501"/>
							<String ID="string_329" HPOS="519" VPOS="1747" WIDTH="34" HEIGHT="20" WC="0.96" CONTENT="för"/><SP WIDTH="17" VPOS="1747" HPOS="553"/>
							<String ID="string_330" HPOS="570" VPOS="1748" WIDTH="32" HEIGHT="19" WC="0.96" CONTENT="sin"/><SP WIDTH="18" VPOS="1748" HPOS="602"/>
							<String ID="string_331" HPOS="620" VPOS="1747" WIDTH="34" HEIGHT="20" WC="0.96" CONTENT="del"/><SP WIDTH="18" VPOS="1747" HPOS="654"/>
							<String ID="string_332" HPOS="672" VPOS="1747" WIDTH="80" HEIGHT="27" WC="0.96" CONTENT="förslag"/><SP WIDTH="17" VPOS="1747" HPOS="752"/>
							<String ID="string_333" HPOS="769" VPOS="1747" WIDTH="33" HEIGHT="20" WC="0.96" CONTENT="till"/><SP WIDTH="17" VPOS="1747" HPOS="802"/>
							<String ID="string_334" HPOS="819" VPOS="1747" WIDTH="127" HEIGHT="27" WC="0.96" CONTENT="förordning"/><SP WIDTH="17" VPOS="1747" HPOS="946"/>
							<String ID="string_335" HPOS="963" VPOS="1753" WIDTH="48" HEIGHT="21" WC="0.96" CONTENT="ang."/>
						</TextLine>
						<TextLine ID="line_43" HPOS="213" VPOS="1777" WIDTH="799" HEIGHT="27">
							<String ID="string_336" HPOS="213" VPOS="1777" WIDTH="83" HEIGHT="20" WC="0.96" CONTENT="ändrad"/><SP WIDTH="12" VPOS="1777" HPOS="296"/>
							<String ID="string_337" HPOS="308" VPOS="1777" WIDTH="81" HEIGHT="26" WC="0.95" CONTENT="lydelse"/><SP WIDTH="11" VPOS="1777" HPOS="389"/>
							<String ID="string_338" HPOS="400" VPOS="1783" WIDTH="28" HEIGHT="14" WC="0.96" CONTENT="av"/><SP WIDTH="11" VPOS="1783" HPOS="428"/>
							<String ID="string_339" HPOS="439" VPOS="1778" WIDTH="12" HEIGHT="19" WC="0.89" CONTENT="2"/><SP WIDTH="11" VPOS="1778" HPOS="451"/>
							<String ID="string_340" HPOS="462" VPOS="1778" WIDTH="9" HEIGHT="25" WC="0.89" CONTENT="$"/><SP WIDTH="10" VPOS="1778" HPOS="471"/>
							<String ID="string_341" HPOS="481" VPOS="1777" WIDTH="153" HEIGHT="26" WC="0.96" CONTENT="förordningen"/><SP WIDTH="13" VPOS="1777" HPOS="634"/>
							<String ID="string_342" HPOS="647" VPOS="1777" WIDTH="40" HEIGHT="20" WC="0.96" CONTENT="den"/><SP WIDTH="12" VPOS="1777" HPOS="687"/>
							<String ID="string_343" HPOS="699" VPOS="1777" WIDTH="26" HEIGHT="20" WC="0.96" CONTENT="26"/><SP WIDTH="10" VPOS="1777" HPOS="725"/>
							<String ID="string_344" HPOS="735" VPOS="1777" WIDTH="47" HEIGHT="27" WC="0.96" CONTENT="juni"/><SP WIDTH="13" VPOS="1777" HPOS="782"/>
							<String ID="string_345" HPOS="795" VPOS="1777" WIDTH="52" HEIGHT="20" WC="0.96" CONTENT="1933"/><SP WIDTH="11" VPOS="1777" HPOS="847"/>
							<String ID="string_346" HPOS="858" VPOS="1777" WIDTH="35" HEIGHT="26" WC="0.95" CONTENT="(nr"/><SP WIDTH="10" VPOS="1777" HPOS="893"/>
							<String ID="string_347" HPOS="903" VPOS="1777" WIDTH="49" HEIGHT="26" WC="0.96" CONTENT="387)"/><SP WIDTH="11" VPOS="1777" HPOS="952"/>
							<String ID="string_348" HPOS="963" VPOS="1783" WIDTH="49" HEIGHT="21" WC="0.96" CONTENT="ang."/>
						</TextLine>
						<TextLine ID="line_44" HPOS="213" VPOS="1807" WIDTH="801" HEIGHT="26">
							<String ID="string_349" HPOS="213" VPOS="1807" WIDTH="198" HEIGHT="26" WC="0.90" CONTENT="slaktdjursavgift;"/><SP WIDTH="11" VPOS="1807" HPOS="411"/>
							<String ID="string_350" HPOS="422" VPOS="1807" WIDTH="40" HEIGHT="20" WC="0.93" CONTENT="och"/><SP WIDTH="9" VPOS="1807" HPOS="462"/>
							<String ID="string_351" HPOS="471" VPOS="1807" WIDTH="111" HEIGHT="26" WC="0.92" CONTENT="medgiver"/><SP WIDTH="10" VPOS="1807" HPOS="582"/>
							<String ID="string_352" HPOS="592" VPOS="1807" WIDTH="49" HEIGHT="23" WC="0.92" CONTENT="RD,"/><SP WIDTH="10" VPOS="1807" HPOS="641"/>
							<String ID="string_353" HPOS="651" VPOS="1808" WIDTH="35" HEIGHT="19" WC="0.93" CONTENT="att"/><SP WIDTH="9" VPOS="1808" HPOS="686"/>
							<String ID="string_354" HPOS="695" VPOS="1807" WIDTH="64" HEIGHT="20" WC="0.92" CONTENT="KM:t"/><SP WIDTH="9" VPOS="1807" HPOS="759"/>
							<String ID="string_355" HPOS="768" VPOS="1807" WIDTH="35" HEIGHT="20" WC="0.96" CONTENT="må"/><SP WIDTH="9" VPOS="1807" HPOS="803"/>
							<String ID="string_356" HPOS="812" VPOS="1807" WIDTH="91" HEIGHT="26" WC="0.96" CONTENT="vidtaga"/><SP WIDTH="9" VPOS="1807" HPOS="903"/>
							<String ID="string_357" HPOS="912" VPOS="1807" WIDTH="102" HEIGHT="26" WC="0.95" CONTENT="åtgärder"/>
						</TextLine>
						<TextLine ID="line_45" HPOS="213" VPOS="1837" WIDTH="801" HEIGHT="26">
							<String ID="string_358" HPOS="213" VPOS="1837" WIDTH="33" HEIGHT="20" WC="0.96" CONTENT="för"/><SP WIDTH="12" VPOS="1837" HPOS="246"/>
							<String ID="string_359" HPOS="258" VPOS="1837" WIDTH="104" HEIGHT="26" WC="0.96" CONTENT="reglering"/><SP WIDTH="11" VPOS="1837" HPOS="362"/>
							<String ID="string_360" HPOS="373" VPOS="1843" WIDTH="29" HEIGHT="14" WC="0.96" CONTENT="av"/><SP WIDTH="11" VPOS="1843" HPOS="402"/>
							<String ID="string_361" HPOS="413" VPOS="1837" WIDTH="102" HEIGHT="20" WC="0.96" CONTENT="införseln"/><SP WIDTH="12" VPOS="1837" HPOS="515"/>
							<String ID="string_362" HPOS="527" VPOS="1837" WIDTH="33" HEIGHT="20" WC="0.96" CONTENT="till"/><SP WIDTH="11" VPOS="1837" HPOS="560"/>
							<String ID="string_363" HPOS="571" VPOS="1837" WIDTH="57" HEIGHT="20" WC="0.96" CONTENT="riket"/><SP WIDTH="11" VPOS="1837" HPOS="628"/>
							<String ID="string_364" HPOS="639" VPOS="1843" WIDTH="28" HEIGHT="14" WC="0.96" CONTENT="av"/><SP WIDTH="11" VPOS="1843" HPOS="667"/>
							<String ID="string_365" HPOS="678" VPOS="1837" WIDTH="50" HEIGHT="20" WC="0.96" CONTENT="kött"/><SP WIDTH="12" VPOS="1837" HPOS="728"/>
							<String ID="string_366" HPOS="740" VPOS="1837" WIDTH="39" HEIGHT="20" WC="0.96" CONTENT="och"/><SP WIDTH="13" VPOS="1837" HPOS="779"/>
							<String ID="string_367" HPOS="792" VPOS="1837" WIDTH="62" HEIGHT="23" WC="0.96" CONTENT="fläsk;"/><SP WIDTH="13" VPOS="1837" HPOS="854"/>
							<String ID="string_368" HPOS="867" VPOS="1837" WIDTH="40" HEIGHT="20" WC="0.96" CONTENT="och"/><SP WIDTH="11" VPOS="1837" HPOS="907"/>
							<String ID="string_369" HPOS="918" VPOS="1837" WIDTH="96" HEIGHT="20" WC="0.96" CONTENT="besluter"/>
						</TextLine>
						<TextLine ID="line_46" HPOS="213" VPOS="1867" WIDTH="801" HEIGHT="26">
							<String ID="string_370" HPOS="213" VPOS="1867" WIDTH="50" HEIGHT="23" WC="0.89" CONTENT="RD,"/><SP WIDTH="11" VPOS="1867" HPOS="263"/>
							<String ID="string_371" HPOS="274" VPOS="1868" WIDTH="34" HEIGHT="19" WC="0.96" CONTENT="att"/><SP WIDTH="12" VPOS="1868" HPOS="308"/>
							<String ID="string_372" HPOS="320" VPOS="1867" WIDTH="152" HEIGHT="26" WC="0.96" CONTENT="förordningen"/><SP WIDTH="11" VPOS="1867" HPOS="472"/>
							<String ID="string_373" HPOS="483" VPOS="1867" WIDTH="41" HEIGHT="20" WC="0.96" CONTENT="den"/><SP WIDTH="13" VPOS="1867" HPOS="524"/>
							<String ID="string_374" HPOS="537" VPOS="1867" WIDTH="24" HEIGHT="19" WC="0.96" CONTENT="10"/><SP WIDTH="11" VPOS="1867" HPOS="561"/>
							<String ID="string_375" HPOS="572" VPOS="1867" WIDTH="52" HEIGHT="20" WC="0.95" CONTENT="febr."/><SP WIDTH="14" VPOS="1867" HPOS="624"/>
							<String ID="string_376" HPOS="638" VPOS="1867" WIDTH="52" HEIGHT="20" WC="0.96" CONTENT="1933"/><SP WIDTH="11" VPOS="1867" HPOS="690"/>
							<String ID="string_377" HPOS="701" VPOS="1867" WIDTH="35" HEIGHT="26" WC="0.96" CONTENT="(nr"/><SP WIDTH="9" VPOS="1867" HPOS="736"/>
							<String ID="string_378" HPOS="745" VPOS="1867" WIDTH="35" HEIGHT="25" WC="0.96" CONTENT="29)"/><SP WIDTH="11" VPOS="1867" HPOS="780"/>
							<String ID="string_379" HPOS="791" VPOS="1867" WIDTH="49" HEIGHT="20" WC="0.96" CONTENT="med"/><SP WIDTH="11" VPOS="1867" HPOS="840"/>
							<String ID="string_380" HPOS="851" VPOS="1867" WIDTH="163" HEIGHT="20" WC="0.96" CONTENT="bestämmelser"/>
						</TextLine>
						<TextLine ID="line_47" HPOS="213" VPOS="1896" WIDTH="801" HEIGHT="27">
							<String ID="string_381" HPOS="213" VPOS="1902" WIDTH="35" HEIGHT="14" WC="0.92" CONTENT="om"/><SP WIDTH="15" VPOS="1902" HPOS="248"/>
							<String ID="string_382" HPOS="263" VPOS="1896" WIDTH="192" HEIGHT="27" WC="0.92" CONTENT="införselmonopol"/><SP WIDTH="13" VPOS="1896" HPOS="455"/>
							<String ID="string_383" HPOS="468" VPOS="1896" WIDTH="12" HEIGHT="21" WC="0.92" CONTENT="å"/><SP WIDTH="14" VPOS="1896" HPOS="480"/>
							<String ID="string_384" HPOS="494" VPOS="1896" WIDTH="78" HEIGHT="27" WC="0.92" CONTENT="mjölk-"/><SP WIDTH="14" VPOS="1896" HPOS="572"/>
							<String ID="string_385" HPOS="586" VPOS="1897" WIDTH="39" HEIGHT="20" WC="0.96" CONTENT="och"/><SP WIDTH="15" VPOS="1897" HPOS="625"/>
							<String ID="string_386" HPOS="640" VPOS="1896" WIDTH="196" HEIGHT="26" WC="0.96" CONTENT="mejeriprodukter"/><SP WIDTH="13" VPOS="1896" HPOS="836"/>
							<String ID="string_387" HPOS="849" VPOS="1896" WIDTH="55" HEIGHT="21" WC="0.96" CONTENT="skall"/><SP WIDTH="13" VPOS="1896" HPOS="904"/>
							<String ID="string_388" HPOS="917" VPOS="1898" WIDTH="40" HEIGHT="25" WC="0.90" CONTENT="äga"/><SP WIDTH="14" VPOS="1898" HPOS="957"/>
							<String ID="string_389" HPOS="971" VPOS="1897" WIDTH="43" HEIGHT="19" WC="0.90" CONTENT="för-"/>
						</TextLine>
						<TextLine ID="line_48" HPOS="213" VPOS="1926" WIDTH="801" HEIGHT="27">
							<String ID="string_390" HPOS="213" VPOS="1926" WIDTH="65" HEIGHT="26" WC="0.96" CONTENT="längd"/><SP WIDTH="15" VPOS="1926" HPOS="278"/>
							<String ID="string_391" HPOS="293" VPOS="1926" WIDTH="101" HEIGHT="27" WC="0.96" CONTENT="giltighet"/><SP WIDTH="15" VPOS="1926" HPOS="394"/>
							<String ID="string_392" HPOS="409" VPOS="1926" WIDTH="69" HEIGHT="21" WC="0.96" CONTENT="under"/><SP WIDTH="14" VPOS="1926" HPOS="478"/>
							<String ID="string_393" HPOS="492" VPOS="1926" WIDTH="60" HEIGHT="20" WC="0.96" CONTENT="tiden"/><SP WIDTH="16" VPOS="1926" HPOS="552"/>
							<String ID="string_394" HPOS="568" VPOS="1928" WIDTH="84" HEIGHT="18" WC="0.29" CONTENT="t.o.m."/><SP WIDTH="17" VPOS="1928" HPOS="652"/>
							<String ID="string_395" HPOS="669" VPOS="1927" WIDTH="41" HEIGHT="19" WC="0.95" CONTENT="den"/><SP WIDTH="16" VPOS="1927" HPOS="710"/>
							<String ID="string_396" HPOS="726" VPOS="1926" WIDTH="26" HEIGHT="20" WC="0.95" CONTENT="30"/><SP WIDTH="15" VPOS="1926" HPOS="752"/>
							<String ID="string_397" HPOS="767" VPOS="1926" WIDTH="47" HEIGHT="26" WC="0.96" CONTENT="juni"/><SP WIDTH="17" VPOS="1926" HPOS="814"/>
							<String ID="string_398" HPOS="831" VPOS="1926" WIDTH="59" HEIGHT="24" WC="0.96" CONTENT="1937;"/><SP WIDTH="17" VPOS="1926" HPOS="890"/>
							<String ID="string_399" HPOS="907" VPOS="1926" WIDTH="40" HEIGHT="20" WC="0.93" CONTENT="och"/><SP WIDTH="15" VPOS="1926" HPOS="947"/>
							<String ID="string_400" HPOS="962" VPOS="1926" WIDTH="52" HEIGHT="26" WC="0.92" CONTENT="god-"/>
						</TextLine>
						<TextLine ID="line_49" HPOS="212" VPOS="1956" WIDTH="801" HEIGHT="26">
							<String ID="string_401" HPOS="212" VPOS="1956" WIDTH="135" HEIGHT="20" WC="0.80" CONTENT="känner&#39;RD"/><SP WIDTH="10" VPOS="1956" HPOS="347"/>
							<String ID="string_402" HPOS="357" VPOS="1956" WIDTH="80" HEIGHT="26" WC="0.96" CONTENT="förslag"/><SP WIDTH="9" VPOS="1956" HPOS="437"/>
							<String ID="string_403" HPOS="446" VPOS="1956" WIDTH="33" HEIGHT="20" WC="0.96" CONTENT="till"/><SP WIDTH="9" VPOS="1956" HPOS="479"/>
							<String ID="string_404" HPOS="488" VPOS="1956" WIDTH="117" HEIGHT="26" WC="0.96" CONTENT="ändringar"/><SP WIDTH="9" VPOS="1956" HPOS="605"/>
							<String ID="string_405" HPOS="614" VPOS="1956" WIDTH="6" HEIGHT="20" WC="0.96" CONTENT="i"/><SP WIDTH="9" VPOS="1956" HPOS="620"/>
							<String ID="string_406" HPOS="629" VPOS="1956" WIDTH="99" HEIGHT="26" WC="0.96" CONTENT="gällande"/><SP WIDTH="10" VPOS="1956" HPOS="728"/>
							<String ID="string_407" HPOS="738" VPOS="1956" WIDTH="105" HEIGHT="20" WC="0.96" CONTENT="kontrakt"/><SP WIDTH="9" VPOS="1956" HPOS="843"/>
							<String ID="string_408" HPOS="852" VPOS="1956" WIDTH="79" HEIGHT="20" WC="0.96" CONTENT="mellan"/><SP WIDTH="10" VPOS="1956" HPOS="931"/>
							<String ID="string_409" HPOS="941" VPOS="1957" WIDTH="72" HEIGHT="19" WC="0.96" CONTENT="staten"/>
						</TextLine>
						<TextLine ID="line_50" HPOS="213" VPOS="1985" WIDTH="800" HEIGHT="27">
							<String ID="string_410" HPOS="213" VPOS="1986" WIDTH="40" HEIGHT="19" WC="0.96" CONTENT="och"/><SP WIDTH="17" VPOS="1986" HPOS="253"/>
							<String ID="string_411" HPOS="270" VPOS="1986" WIDTH="98" HEIGHT="20" WC="0.93" CONTENT="Svenska"/><SP WIDTH="17" VPOS="1986" HPOS="368"/>
							<String ID="string_412" HPOS="385" VPOS="1986" WIDTH="253" HEIGHT="26" WC="0.91" CONTENT="spannmålsföreningen"/><SP WIDTH="17" VPOS="1986" HPOS="638"/>
							<String ID="string_413" HPOS="655" VPOS="1992" WIDTH="88" HEIGHT="20" WC="0.78" CONTENT="u.p.a.;"/><SP WIDTH="18" VPOS="1992" HPOS="743"/>
							<String ID="string_414" HPOS="761" VPOS="1986" WIDTH="40" HEIGHT="20" WC="0.96" CONTENT="och"/><SP WIDTH="17" VPOS="1986" HPOS="801"/>
							<String ID="string_415" HPOS="818" VPOS="1986" WIDTH="87" HEIGHT="20" WC="0.93" CONTENT="anvisar"/><SP WIDTH="16" VPOS="1986" HPOS="905"/>
							<String ID="string_416" HPOS="921" VPOS="1985" WIDTH="43" HEIGHT="21" WC="0.90" CONTENT="RD"/><SP WIDTH="16" VPOS="1985" HPOS="964"/>
							<String ID="string_417" HPOS="980" VPOS="1986" WIDTH="33" HEIGHT="19" WC="0.96" CONTENT="till"/>
						</TextLine>
						<TextLine ID="line_51" HPOS="213" VPOS="2015" WIDTH="802" HEIGHT="27">
							<String ID="string_418" HPOS="213" VPOS="2016" WIDTH="165" HEIGHT="25" WC="0.92" CONTENT="förlagskapital"/><SP WIDTH="23" VPOS="2016" HPOS="378"/>
							<String ID="string_419" HPOS="401" VPOS="2016" WIDTH="23" HEIGHT="20" WC="0.96" CONTENT="åt"/><SP WIDTH="23" VPOS="2016" HPOS="424"/>
							<String ID="string_420" HPOS="447" VPOS="2015" WIDTH="97" HEIGHT="21" WC="0.93" CONTENT="Svenska"/><SP WIDTH="22" VPOS="2015" HPOS="544"/>
							<String ID="string_421" HPOS="566" VPOS="2015" WIDTH="253" HEIGHT="27" WC="0.89" CONTENT="spannmålsföreningen"/><SP WIDTH="23" VPOS="2015" HPOS="819"/>
							<String ID="string_422" HPOS="842" VPOS="2022" WIDTH="80" HEIGHT="19" WC="0.84" CONTENT="u.p.a."/><SP WIDTH="24" VPOS="2022" HPOS="922"/>
							<String ID="string_423" HPOS="946" VPOS="2016" WIDTH="69" HEIGHT="19" WC="0.96" CONTENT="under"/>
						</TextLine>
						<TextLine ID="line_52" HPOS="213" VPOS="2045" WIDTH="800" HEIGHT="26">
							<String ID="string_424" HPOS="213" VPOS="2045" WIDTH="91" HEIGHT="26" WC="0.96" CONTENT="utgifter"/><SP WIDTH="15" VPOS="2045" HPOS="304"/>
							<String ID="string_425" HPOS="319" VPOS="2046" WIDTH="33" HEIGHT="19" WC="0.93" CONTENT="för"/><SP WIDTH="15" VPOS="2046" HPOS="352"/>
							<String ID="string_426" HPOS="367" VPOS="2045" WIDTH="168" HEIGHT="26" WC="0.92" CONTENT="kapitalökning"/><SP WIDTH="15" VPOS="2045" HPOS="535"/>
							<String ID="string_427" HPOS="550" VPOS="2047" WIDTH="33" HEIGHT="18" WC="0.96" CONTENT="ett"/><SP WIDTH="15" VPOS="2047" HPOS="583"/>
							<String ID="string_428" HPOS="598" VPOS="2045" WIDTH="75" HEIGHT="26" WC="0.96" CONTENT="anslag"/><SP WIDTH="15" VPOS="2045" HPOS="673"/>
							<String ID="string_429" HPOS="688" VPOS="2051" WIDTH="28" HEIGHT="14" WC="0.96" CONTENT="av"/><SP WIDTH="16" VPOS="2051" HPOS="716"/>
							<String ID="string_430" HPOS="732" VPOS="2045" WIDTH="26" HEIGHT="20" WC="0.94" CONTENT="65"/><SP WIDTH="9" VPOS="2045" HPOS="758"/>
							<String ID="string_431" HPOS="767" VPOS="2045" WIDTH="41" HEIGHT="20" WC="0.96" CONTENT="000"/><SP WIDTH="9" VPOS="2045" HPOS="808"/>
							<String ID="string_432" HPOS="817" VPOS="2045" WIDTH="41" HEIGHT="20" WC="0.96" CONTENT="000"/><SP WIDTH="16" VPOS="2045" HPOS="858"/>
							<String ID="string_433" HPOS="874" VPOS="2046" WIDTH="31" HEIGHT="19" WC="0.92" CONTENT="kr."/><SP WIDTH="17" VPOS="2046" HPOS="905"/>
							<String ID="string_434" HPOS="922" VPOS="2046" WIDTH="35" HEIGHT="25" WC="0.92" CONTENT="(r);"/><SP WIDTH="17" VPOS="2046" HPOS="957"/>
							<String ID="string_435" HPOS="974" VPOS="2045" WIDTH="39" HEIGHT="20" WC="0.96" CONTENT="och"/>
						</TextLine>
					</TextBlock>
				</ComposedBlock>
				<ComposedBlock ID="cblock_12" HPOS="150" VPOS="207" WIDTH="11" HEIGHT="1866">
					<TextBlock ID="block_13" HPOS="150" VPOS="207" WIDTH="11" HEIGHT="1866">
						<TextLine ID="line_53" HPOS="150" VPOS="207" WIDTH="11" HEIGHT="1866">
							<String ID="string_436" HPOS="150" VPOS="207" WIDTH="11" HEIGHT="1866" WC="0.95" CONTENT=" "/>
						</TextLine>
					</TextBlock>
				</ComposedBlock>
				<ComposedBlock ID="cblock_13" HPOS="1" VPOS="2351" WIDTH="757" HEIGHT="1">
					<TextBlock ID="block_14" HPOS="1" VPOS="2351" WIDTH="757" HEIGHT="1">
						<TextLine ID="line_54" HPOS="1" VPOS="2351" WIDTH="757" HEIGHT="1">
							<String ID="string_437" HPOS="1" VPOS="2351" WIDTH="757" HEIGHT="1" WC="0.95" CONTENT=" "/>
						</TextLine>
					</TextBlock>
				</ComposedBlock>
				<ComposedBlock ID="cblock_14" HPOS="1154" VPOS="347" WIDTH="604" HEIGHT="2">
					<TextBlock ID="block_15" HPOS="1154" VPOS="347" WIDTH="604" HEIGHT="2">
						<TextLine ID="line_55" HPOS="1154" VPOS="347" WIDTH="604" HEIGHT="2">
							<String ID="string_438" HPOS="1154" VPOS="347" WIDTH="604" HEIGHT="2" WC="0.95" CONTENT=" "/>
						</TextLine>
					</TextBlock>
				</ComposedBlock>
				<ComposedBlock ID="cblock_15" HPOS="1303" VPOS="353" WIDTH="2" HEIGHT="70">
					<TextBlock ID="block_16" HPOS="1303" VPOS="353" WIDTH="2" HEIGHT="70">
						<TextLine ID="line_56" HPOS="1303" VPOS="353" WIDTH="2" HEIGHT="70">
							<String ID="string_439" HPOS="1303" VPOS="353" WIDTH="2" HEIGHT="70" WC="0.95" CONTENT=" "/>
						</TextLine>
					</TextBlock>
				</ComposedBlock>
				<ComposedBlock ID="cblock_16" HPOS="1023" VPOS="423" WIDTH="741" HEIGHT="5">
					<TextBlock ID="block_17" HPOS="1023" VPOS="423" WIDTH="741" HEIGHT="5">
						<TextLine ID="line_57" HPOS="1023" VPOS="423" WIDTH="741" HEIGHT="5">
							<String ID="string_440" HPOS="1023" VPOS="423" WIDTH="741" HEIGHT="5" WC="0.95" CONTENT=" "/>
						</TextLine>
					</TextBlock>
				</ComposedBlock>
				<ComposedBlock ID="cblock_17" HPOS="1021" VPOS="206" WIDTH="8" HEIGHT="1866">
					<TextBlock ID="block_18" HPOS="1021" VPOS="206" WIDTH="8" HEIGHT="1866">
						<TextLine ID="line_58" HPOS="1021" VPOS="206" WIDTH="8" HEIGHT="1866">
							<String ID="string_441" HPOS="1021" VPOS="206" WIDTH="8" HEIGHT="1866" WC="0.95" CONTENT=" "/>
						</TextLine>
					</TextBlock>
				</ComposedBlock>
				<ComposedBlock ID="cblock_18" HPOS="1031" VPOS="218" WIDTH="727" HEIGHT="1856">
					<TextBlock ID="block_19" HPOS="1031" VPOS="218" WIDTH="727" HEIGHT="1856">
						<TextLine ID="line_59" HPOS="1300" VPOS="218" WIDTH="234" HEIGHT="29">
							<String ID="string_442" HPOS="1300" VPOS="218" WIDTH="107" HEIGHT="29" WC="0.90" CONTENT="Utskotts-"/><SP WIDTH="72" VPOS="218" HPOS="1407"/>
							<String ID="string_443" HPOS="1479" VPOS="221" WIDTH="55" HEIGHT="17" WC="0.92" CONTENT="Riks-"/>
						</TextLine>
						<TextLine ID="line_60" HPOS="1095" VPOS="235" WIDTH="622" HEIGHT="41">
							<String ID="string_444" HPOS="1095" VPOS="248" WIDTH="56" HEIGHT="17" WC="0.38" CONTENT="Kungl.|"/><SP WIDTH="137" VPOS="248" HPOS="1151"/>
							<String ID="string_445" HPOS="1288" VPOS="247" WIDTH="128" HEIGHT="28" WC="0.96" CONTENT="utlåtanden,"/><SP WIDTH="56" VPOS="247" HPOS="1416"/>
							<String ID="string_446" HPOS="1472" VPOS="246" WIDTH="70" HEIGHT="30" WC="0.96" CONTENT="dagens"/><SP WIDTH="62" VPOS="246" HPOS="1542"/>
							<String ID="string_447" HPOS="1604" VPOS="235" WIDTH="113" HEIGHT="38" WC="0.89" CONTENT="Kamrarnas"/>
						</TextLine>
						<TextLine ID="line_61" HPOS="1099" VPOS="265" WIDTH="633" HEIGHT="36">
							<String ID="string_448" HPOS="1099" VPOS="278" WIDTH="52" HEIGHT="18" WC="0.88" CONTENT="Maj:ts|"/><SP WIDTH="13" VPOS="278" HPOS="1151"/>
							<String ID="string_449" HPOS="1164" VPOS="270" WIDTH="91" HEIGHT="16" WC="0.96" CONTENT="Motioner"/><SP WIDTH="27" VPOS="270" HPOS="1255"/>
							<String ID="string_450" HPOS="1282" VPOS="281" WIDTH="95" HEIGHT="17" WC="0.29" CONTENT="nemorial"/><SP WIDTH="13" VPOS="281" HPOS="1377"/>
							<String ID="string_451" HPOS="1390" VPOS="281" WIDTH="43" HEIGHT="16" WC="0.81" CONTENT="eller"/><SP WIDTH="50" VPOS="281" HPOS="1433"/>
							<String ID="string_452" HPOS="1483" VPOS="266" WIDTH="37" HEIGHT="35" WC="0.11" CONTENT="kel"/><SP WIDTH="71" VPOS="266" HPOS="1520"/>
							<String ID="string_453" HPOS="1591" VPOS="265" WIDTH="141" HEIGHT="30" WC="0.96" CONTENT="förhandlingar"/>
						</TextLine>
						<TextLine ID="line_62" HPOS="1043" VPOS="299" WIDTH="661" HEIGHT="39">
							<String ID="string_454" HPOS="1043" VPOS="302" WIDTH="26" HEIGHT="20" WC="0.76" CONTENT="År"/><SP WIDTH="29" VPOS="302" HPOS="1069"/>
							<String ID="string_455" HPOS="1098" VPOS="310" WIDTH="51" HEIGHT="16" WC="0.53" CONTENT="[propir"/><SP WIDTH="143" VPOS="310" HPOS="1149"/>
							<String ID="string_456" HPOS="1292" VPOS="307" WIDTH="133" HEIGHT="31" WC="0.96" CONTENT="betänkanden"/><SP WIDTH="43" VPOS="307" HPOS="1425"/>
							<String ID="string_457" HPOS="1468" VPOS="307" WIDTH="67" HEIGHT="31" WC="0.90" CONTENT="velser"/><SP WIDTH="82" VPOS="307" HPOS="1535"/>
							<String ID="string_458" HPOS="1617" VPOS="299" WIDTH="87" HEIGHT="20" WC="0.0" CONTENT="(BrobnT"/>
						</TextLine>
						<TextLine ID="line_63" HPOS="1106" VPOS="338" WIDTH="36" HEIGHT="14">
							<String ID="string_459" HPOS="1106" VPOS="338" WIDTH="36" HEIGHT="14" WC="0.96" CONTENT="eller"/>
						</TextLine>
						<TextLine ID="line_64" HPOS="1098" VPOS="361" WIDTH="643" HEIGHT="55">
							<String ID="string_460" HPOS="1098" VPOS="368" WIDTH="102" HEIGHT="26" WC="0.0" CONTENT="SKEPURR"/><SP WIDTH="17" VPOS="368" HPOS="1200"/>
							<String ID="string_461" HPOS="1217" VPOS="377" WIDTH="36" HEIGHT="17" WC="0.69" CONTENT="JAR"/><SP WIDTH="20" VPOS="377" HPOS="1253"/>
							<String ID="string_462" HPOS="1273" VPOS="365" WIDTH="17" HEIGHT="51" WC="0.58" CONTENT="3"/><SP WIDTH="26" VPOS="365" HPOS="1290"/>
							<String ID="string_463" HPOS="1316" VPOS="365" WIDTH="16" HEIGHT="50" WC="0.0" CONTENT="z"/><SP WIDTH="24" VPOS="365" HPOS="1332"/>
							<String ID="string_464" HPOS="1356" VPOS="377" WIDTH="90" HEIGHT="16" WC="0.90" CONTENT="Nummer|"/><SP WIDTH="18" VPOS="377" HPOS="1446"/>
							<String ID="string_465" HPOS="1464" VPOS="378" WIDTH="89" HEIGHT="16" WC="0.96" CONTENT="Nummer"/><SP WIDTH="36" VPOS="378" HPOS="1553"/>
							<String ID="string_466" HPOS="1589" VPOS="361" WIDTH="36" HEIGHT="48" WC="0.13" CONTENT="rid"/><SP WIDTH="71" VPOS="361" HPOS="1625"/>
							<String ID="string_467" HPOS="1696" VPOS="365" WIDTH="45" HEIGHT="40" WC="0.24" CONTENT="nd"/>
						</TextLine>
						<TextLine ID="line_65" HPOS="1035" VPOS="430" WIDTH="700" HEIGHT="68">
							<String ID="string_468" HPOS="1035" VPOS="467" WIDTH="51" HEIGHT="20" WC="0.75" CONTENT="1934]"/><SP WIDTH="20" VPOS="467" HPOS="1086"/>
							<String ID="string_469" HPOS="1106" VPOS="468" WIDTH="17" HEIGHT="19" WC="0.93" CONTENT="1:"/><SP WIDTH="12" VPOS="468" HPOS="1123"/>
							<String ID="string_470" HPOS="1135" VPOS="470" WIDTH="10" HEIGHT="16" WC="0.78" CONTENT="9]"/><SP WIDTH="31" VPOS="470" HPOS="1145"/>
							<String ID="string_471" HPOS="1176" VPOS="480" WIDTH="24" HEIGHT="1" WC="0.75" CONTENT="—|"/><SP WIDTH="27" VPOS="480" HPOS="1200"/>
							<String ID="string_472" HPOS="1227" VPOS="480" WIDTH="27" HEIGHT="1" WC="0.91" CONTENT="—"/><SP WIDTH="23" VPOS="480" HPOS="1254"/>
							<String ID="string_473" HPOS="1277" VPOS="430" WIDTH="29" HEIGHT="68" WC="0.0" CONTENT="0"/><SP WIDTH="10" VPOS="430" HPOS="1306"/>
							<String ID="string_474" HPOS="1316" VPOS="480" WIDTH="23" HEIGHT="1" WC="0.83" CONTENT="—"/><SP WIDTH="43" VPOS="480" HPOS="1339"/>
							<String ID="string_475" HPOS="1382" VPOS="468" WIDTH="6" HEIGHT="19" WC="0.56" CONTENT="1"/><SP WIDTH="18" VPOS="468" HPOS="1388"/>
							<String ID="string_476" HPOS="1406" VPOS="471" WIDTH="44" HEIGHT="16" WC="0.22" CONTENT="s.14]"/><SP WIDTH="67" VPOS="471" HPOS="1450"/>
							<String ID="string_477" HPOS="1517" VPOS="467" WIDTH="12" HEIGHT="20" WC="0.24" CONTENT="Nä"/><SP WIDTH="36" VPOS="467" HPOS="1529"/>
							<String ID="string_478" HPOS="1565" VPOS="467" WIDTH="54" HEIGHT="20" WC="0.0" CONTENT="dear"/><SP WIDTH="47" VPOS="467" HPOS="1619"/>
							<String ID="string_479" HPOS="1666" VPOS="467" WIDTH="32" HEIGHT="21" WC="0.23" CONTENT="ner"/><SP WIDTH="13" VPOS="467" HPOS="1698"/>
							<String ID="string_480" HPOS="1711" VPOS="470" WIDTH="24" HEIGHT="17" WC="0.36" CONTENT="10"/>
						</TextLine>
						<TextLine ID="line_66" HPOS="1095" VPOS="498" WIDTH="211" HEIGHT="20">
							<String ID="string_481" HPOS="1095" VPOS="499" WIDTH="21" HEIGHT="19" WC="0.94" CONTENT="pt"/><SP WIDTH="13" VPOS="499" HPOS="1116"/>
							<String ID="string_482" HPOS="1129" VPOS="498" WIDTH="21" HEIGHT="15" WC="0.96" CONTENT="74"/><SP WIDTH="154" VPOS="498" HPOS="1150"/>
							<String ID="string_483" HPOS="1304" VPOS="504" WIDTH="2" HEIGHT="3" WC="0.87" CONTENT="I"/>
						</TextLine>
						<TextLine ID="line_67" HPOS="1035" VPOS="577" WIDTH="699" HEIGHT="35">
							<String ID="string_484" HPOS="1035" VPOS="587" WIDTH="52" HEIGHT="20" WC="0.46" CONTENT="1934]"/><SP WIDTH="19" VPOS="587" HPOS="1087"/>
							<String ID="string_485" HPOS="1106" VPOS="587" WIDTH="39" HEIGHT="20" WC="0.23" CONTENT="1::9]"/><SP WIDTH="28" VPOS="587" HPOS="1145"/>
							<String ID="string_486" HPOS="1173" VPOS="598" WIDTH="27" HEIGHT="2" WC="0.77" CONTENT="—|"/><SP WIDTH="27" VPOS="598" HPOS="1200"/>
							<String ID="string_487" HPOS="1227" VPOS="600" WIDTH="27" HEIGHT="1" WC="0.44" CONTENT="—1"/><SP WIDTH="24" VPOS="600" HPOS="1254"/>
							<String ID="string_488" HPOS="1278" VPOS="577" WIDTH="28" HEIGHT="35" WC="0.50" CONTENT="10)"/><SP WIDTH="11" VPOS="577" HPOS="1306"/>
							<String ID="string_489" HPOS="1317" VPOS="584" WIDTH="30" HEIGHT="23" WC="0.40" CONTENT="=]"/><SP WIDTH="35" VPOS="584" HPOS="1347"/>
							<String ID="string_490" HPOS="1382" VPOS="588" WIDTH="5" HEIGHT="19" WC="0.40" CONTENT="1"/><SP WIDTH="19" VPOS="588" HPOS="1387"/>
							<String ID="string_491" HPOS="1406" VPOS="590" WIDTH="44" HEIGHT="17" WC="0.12" CONTENT="s.17l"/><SP WIDTH="67" VPOS="590" HPOS="1450"/>
							<String ID="string_492" HPOS="1517" VPOS="587" WIDTH="102" HEIGHT="19" WC="0.4" CONTENT="-9--122:6"/><SP WIDTH="47" VPOS="587" HPOS="1619"/>
							<String ID="string_493" HPOS="1666" VPOS="587" WIDTH="32" HEIGHT="20" WC="0.7" CONTENT="123:"/><SP WIDTH="13" VPOS="587" HPOS="1698"/>
							<String ID="string_494" HPOS="1711" VPOS="589" WIDTH="23" HEIGHT="17" WC="0.75" CONTENT="20"/>
						</TextLine>
						<TextLine ID="line_68" HPOS="1095" VPOS="616" WIDTH="211" HEIGHT="22">
							<String ID="string_495" HPOS="1095" VPOS="618" WIDTH="21" HEIGHT="20" WC="0.94" CONTENT="pt"/><SP WIDTH="13" VPOS="618" HPOS="1116"/>
							<String ID="string_496" HPOS="1129" VPOS="617" WIDTH="21" HEIGHT="16" WC="0.96" CONTENT="83"/><SP WIDTH="155" VPOS="617" HPOS="1150"/>
							<String ID="string_497" HPOS="1305" VPOS="616" WIDTH="1" HEIGHT="20" WC="0.80" CONTENT="I"/>
						</TextLine>
						<TextLine ID="line_69" HPOS="1304" VPOS="641" WIDTH="43" HEIGHT="16">
							<String ID="string_498" HPOS="1304" VPOS="641" WIDTH="43" HEIGHT="16" WC="0.29" CONTENT="a"/>
						</TextLine>
						<TextLine ID="line_70" HPOS="1305" VPOS="661" WIDTH="42" HEIGHT="22">
							<String ID="string_499" HPOS="1305" VPOS="661" WIDTH="42" HEIGHT="22" WC="0.38" CONTENT="frn"/>
						</TextLine>
						<TextLine ID="line_71" HPOS="1305" VPOS="680" WIDTH="43" HEIGHT="25">
							<String ID="string_500" HPOS="1313" VPOS="676" WIDTH="30" HEIGHT="39" WC="0.53" CONTENT="EN"/>
						</TextLine>
						<TextLine ID="line_72" HPOS="1035" VPOS="696" WIDTH="699" HEIGHT="31">
							<String ID="string_501" HPOS="1035" VPOS="706" WIDTH="52" HEIGHT="21" WC="0.81" CONTENT="1934]"/><SP WIDTH="19" VPOS="706" HPOS="1087"/>
							<String ID="string_502" HPOS="1106" VPOS="707" WIDTH="39" HEIGHT="19" WC="0.89" CONTENT="1:"/><SP WIDTH="28" VPOS="707" HPOS="1145"/>
							<String ID="string_503" HPOS="1173" VPOS="696" WIDTH="133" HEIGHT="30" WC="0.13" CONTENT="910]"/><SP WIDTH="16" VPOS="696" HPOS="1306"/>
							<String ID="string_504" HPOS="1322" VPOS="720" WIDTH="13" HEIGHT="1" WC="0.0" CONTENT="—]"/><SP WIDTH="47" VPOS="720" HPOS="1335"/>
							<String ID="string_505" HPOS="1382" VPOS="707" WIDTH="69" HEIGHT="20" WC="0.0" CONTENT="18:28]"/><SP WIDTH="8" VPOS="707" HPOS="1451"/>
							<String ID="string_506" HPOS="1459" VPOS="692" WIDTH="45" HEIGHT="47" WC="0.46" CONTENT="+)."/><SP WIDTH="14" VPOS="692" HPOS="1504"/>
							<String ID="string_507" HPOS="1518" VPOS="707" WIDTH="11" HEIGHT="18" WC="0.0" CONTENT="9,"/><SP WIDTH="37" VPOS="707" HPOS="1529"/>
							<String ID="string_508" HPOS="1566" VPOS="706" WIDTH="132" HEIGHT="20" WC="0.8" CONTENT="|22:40,.123:"/><SP WIDTH="16" VPOS="706" HPOS="1698"/>
							<String ID="string_509" HPOS="1714" VPOS="711" WIDTH="20" HEIGHT="15" WC="0.76" CONTENT="78"/>
						</TextLine>
						<TextLine ID="line_73" HPOS="1095" VPOS="728" WIDTH="252" HEIGHT="48">
							<String ID="string_510" HPOS="1095" VPOS="737" WIDTH="56" HEIGHT="20" WC="0.91" CONTENT="pt106"/><SP WIDTH="195" VPOS="737" HPOS="1151"/>
							<String ID="string_511" HPOS="1346" VPOS="728" WIDTH="1" HEIGHT="48" WC="0.72" CONTENT="|"/>
						</TextLine>
						<TextLine ID="line_74" HPOS="1035" VPOS="787" WIDTH="722" HEIGHT="37">
							<String ID="string_512" HPOS="1035" VPOS="796" WIDTH="50" HEIGHT="21" WC="0.68" CONTENT="1934]"/><SP WIDTH="26" VPOS="796" HPOS="1085"/>
							<String ID="string_513" HPOS="1111" VPOS="796" WIDTH="26" HEIGHT="20" WC="0.88" CONTENT="69"/><SP WIDTH="29" VPOS="796" HPOS="1137"/>
							<String ID="string_514" HPOS="1166" VPOS="795" WIDTH="40" HEIGHT="21" WC="0.0" CONTENT="|258)|"/><SP WIDTH="28" VPOS="795" HPOS="1206"/>
							<String ID="string_515" HPOS="1234" VPOS="796" WIDTH="26" HEIGHT="20" WC="0.61" CONTENT="68)"/><SP WIDTH="18" VPOS="796" HPOS="1260"/>
							<String ID="string_516" HPOS="1278" VPOS="787" WIDTH="60" HEIGHT="37" WC="0.0" CONTENT="10|—]"/><SP WIDTH="33" VPOS="787" HPOS="1338"/>
							<String ID="string_517" HPOS="1371" VPOS="796" WIDTH="20" HEIGHT="20" WC="0.96" CONTENT="49"/><SP WIDTH="101" VPOS="796" HPOS="1391"/>
							<String ID="string_518" HPOS="1492" VPOS="795" WIDTH="38" HEIGHT="20" WC="0.30" CONTENT="152."/><SP WIDTH="36" VPOS="795" HPOS="1530"/>
							<String ID="string_519" HPOS="1566" VPOS="796" WIDTH="32" HEIGHT="20" WC="0.47" CONTENT="|22:"/><SP WIDTH="12" VPOS="796" HPOS="1598"/>
							<String ID="string_520" HPOS="1610" VPOS="797" WIDTH="24" HEIGHT="18" WC="0.93" CONTENT="46"/><SP WIDTH="11" VPOS="797" HPOS="1634"/>
							<String ID="string_521" HPOS="1645" VPOS="796" WIDTH="54" HEIGHT="20" WC="0.40" CONTENT="d|23:"/><SP WIDTH="12" VPOS="796" HPOS="1699"/>
							<String ID="string_522" HPOS="1711" VPOS="798" WIDTH="23" HEIGHT="17" WC="0.91" CONTENT="78"/><SP WIDTH="12" VPOS="798" HPOS="1734"/>
							<String ID="string_523" HPOS="1746" VPOS="797" WIDTH="11" HEIGHT="19" WC="0.91" CONTENT="d"/>
						</TextLine>
						<TextLine ID="line_75" HPOS="1219" VPOS="826" WIDTH="444" HEIGHT="20">
							<String ID="string_524" HPOS="1219" VPOS="826" WIDTH="41" HEIGHT="20" WC="0.53" CONTENT="475]"/><SP WIDTH="44" VPOS="826" HPOS="1260"/>
							<String ID="string_525" HPOS="1304" VPOS="839" WIDTH="2" HEIGHT="2" WC="0.62" CONTENT="|"/><SP WIDTH="355" VPOS="839" HPOS="1306"/>
							<String ID="string_526" HPOS="1661" VPOS="836" WIDTH="2" HEIGHT="3" WC="0.71" CONTENT="I"/>
						</TextLine>
						<TextLine ID="line_76" HPOS="1304" VPOS="893" WIDTH="358" HEIGHT="25">
							<String ID="string_527" HPOS="1304" VPOS="899" WIDTH="1" HEIGHT="19" WC="0.69" CONTENT="|"/><SP WIDTH="356" VPOS="899" HPOS="1305"/>
							<String ID="string_528" HPOS="1661" VPOS="893" WIDTH="1" HEIGHT="6" WC="0.64" CONTENT="I"/>
						</TextLine>
						<TextLine ID="line_77" HPOS="1304" VPOS="921" WIDTH="1" HEIGHT="14">
							<String ID="string_529" HPOS="1304" VPOS="921" WIDTH="1" HEIGHT="14" WC="0.68" CONTENT="|"/>
						</TextLine>
						<TextLine ID="line_78" HPOS="1304" VPOS="937" WIDTH="1" HEIGHT="30">
							<String ID="string_530" HPOS="1304" VPOS="937" WIDTH="1" HEIGHT="30" WC="0.88" CONTENT="|"/>
						</TextLine>
						<TextLine ID="line_79" HPOS="1304" VPOS="969" WIDTH="1" HEIGHT="12">
							<String ID="string_531" HPOS="1304" VPOS="969" WIDTH="1" HEIGHT="12" WC="0.57" CONTENT="I"/>
						</TextLine>
						<TextLine ID="line_80" HPOS="1304" VPOS="989" WIDTH="42" HEIGHT="43">
							<String ID="string_532" HPOS="1304" VPOS="989" WIDTH="1" HEIGHT="43" WC="0.14" CONTENT="ELR"/>
						</TextLine>
						<TextLine ID="line_81" HPOS="1208" VPOS="1033" WIDTH="138" HEIGHT="22">
							<String ID="string_533" HPOS="1208" VPOS="1037" WIDTH="1" HEIGHT="18" WC="0.65" CONTENT="I"/><SP WIDTH="136" VPOS="1037" HPOS="1209"/>
							<String ID="string_534" HPOS="1345" VPOS="1033" WIDTH="1" HEIGHT="21" WC="0.69" CONTENT="I"/>
						</TextLine>
						<TextLine ID="line_82" HPOS="1208" VPOS="1051" WIDTH="138" HEIGHT="28">
							<String ID="string_535" HPOS="1208" VPOS="1056" WIDTH="1" HEIGHT="16" WC="0.58" CONTENT="I"/><SP WIDTH="95" VPOS="1056" HPOS="1209"/>
							<String ID="string_536" HPOS="1304" VPOS="1051" WIDTH="1" HEIGHT="14" WC="0.27" CONTENT="ot"/>
						</TextLine>
						<TextLine ID="line_83" HPOS="1208" VPOS="1092" WIDTH="1" HEIGHT="15">
							<String ID="string_537" HPOS="1208" VPOS="1092" WIDTH="1" HEIGHT="15" WC="0.79" CONTENT="I"/>
						</TextLine>
						<TextLine ID="line_84" HPOS="1208" VPOS="1109" WIDTH="1" HEIGHT="15">
							<String ID="string_538" HPOS="1208" VPOS="1109" WIDTH="1" HEIGHT="15" WC="0.68" CONTENT="|"/>
						</TextLine>
						<TextLine ID="line_85" HPOS="1303" VPOS="1167" WIDTH="1" HEIGHT="9">
							<String ID="string_539" HPOS="1303" VPOS="1167" WIDTH="1" HEIGHT="9" WC="0.74" CONTENT="|"/>
						</TextLine>
						<TextLine ID="line_86" HPOS="1034" VPOS="1255" WIDTH="700" HEIGHT="52">
							<String ID="string_540" HPOS="1034" VPOS="1272" WIDTH="51" HEIGHT="20" WC="0.87" CONTENT="1934]"/><SP WIDTH="34" VPOS="1272" HPOS="1085"/>
							<String ID="string_541" HPOS="1119" VPOS="1273" WIDTH="6" HEIGHT="19" WC="0.91" CONTENT="1"/><SP WIDTH="41" VPOS="1273" HPOS="1125"/>
							<String ID="string_542" HPOS="1166" VPOS="1259" WIDTH="42" HEIGHT="33" WC="0.74" CONTENT="169|"/><SP WIDTH="10" VPOS="1259" HPOS="1208"/>
							<String ID="string_543" HPOS="1218" VPOS="1255" WIDTH="40" HEIGHT="47" WC="0.95" CONTENT="313"/><SP WIDTH="18" VPOS="1255" HPOS="1258"/>
							<String ID="string_544" HPOS="1276" VPOS="1272" WIDTH="65" HEIGHT="35" WC="0.79" CONTENT="10—"/><SP WIDTH="23" VPOS="1272" HPOS="1341"/>
							<String ID="string_545" HPOS="1364" VPOS="1273" WIDTH="85" HEIGHT="20" WC="0.48" CONTENT="53-s.18)"/><SP WIDTH="42" VPOS="1273" HPOS="1449"/>
							<String ID="string_546" HPOS="1491" VPOS="1273" WIDTH="37" HEIGHT="20" WC="0.44" CONTENT="1183"/><SP WIDTH="36" VPOS="1273" HPOS="1528"/>
							<String ID="string_547" HPOS="1564" VPOS="1272" WIDTH="54" HEIGHT="20" WC="0.21" CONTENT="-125::2-"/><SP WIDTH="47" VPOS="1272" HPOS="1618"/>
							<String ID="string_548" HPOS="1665" VPOS="1271" WIDTH="33" HEIGHT="20" WC="0.32" CONTENT="126:"/><SP WIDTH="12" VPOS="1271" HPOS="1698"/>
							<String ID="string_549" HPOS="1710" VPOS="1274" WIDTH="24" HEIGHT="17" WC="0.80" CONTENT="70"/>
						</TextLine>
						<TextLine ID="line_87" HPOS="1105" VPOS="1303" WIDTH="37" HEIGHT="15">
							<String ID="string_550" HPOS="1105" VPOS="1303" WIDTH="37" HEIGHT="15" WC="0.90" CONTENT="Ufk"/>
						</TextLine>
						<TextLine ID="line_88" HPOS="1093" VPOS="1327" WIDTH="56" HEIGHT="16">
							<String ID="string_551" HPOS="1093" VPOS="1327" WIDTH="30" HEIGHT="16" WC="0.93" CONTENT="bil."/><SP WIDTH="17" VPOS="1327" HPOS="1123"/>
							<String ID="string_552" HPOS="1140" VPOS="1327" WIDTH="9" HEIGHT="15" WC="0.96" CONTENT="7"/>
						</TextLine>
						<TextLine ID="line_89" HPOS="1093" VPOS="1351" WIDTH="568" HEIGHT="23">
							<String ID="string_553" HPOS="1093" VPOS="1352" WIDTH="20" HEIGHT="19" WC="0.96" CONTENT="pt"/><SP WIDTH="16" VPOS="1352" HPOS="1113"/>
							<String ID="string_554" HPOS="1129" VPOS="1351" WIDTH="19" HEIGHT="15" WC="0.96" CONTENT="12"/><SP WIDTH="512" VPOS="1351" HPOS="1148"/>
							<String ID="string_555" HPOS="1660" VPOS="1363" WIDTH="1" HEIGHT="11" WC="0.72" CONTENT="I"/>
						</TextLine>
						<TextLine ID="line_90" HPOS="1033" VPOS="1386" WIDTH="725" HEIGHT="37">
							<String ID="string_556" HPOS="1033" VPOS="1392" WIDTH="51" HEIGHT="19" WC="0.70" CONTENT="1934]"/><SP WIDTH="25" VPOS="1392" HPOS="1084"/>
							<String ID="string_557" HPOS="1109" VPOS="1404" WIDTH="27" HEIGHT="2" WC="0.88" CONTENT="—"/><SP WIDTH="2" VPOS="1404" HPOS="1136"/>
							<String ID="string_558" HPOS="1138" VPOS="1381" WIDTH="29" HEIGHT="46" WC="0.92" CONTENT="|"/><SP WIDTH="4" VPOS="1381" HPOS="1167"/>
							<String ID="string_559" HPOS="1171" VPOS="1403" WIDTH="27" HEIGHT="3" WC="0.34" CONTENT="—"/><SP WIDTH="20" VPOS="1403" HPOS="1198"/>
							<String ID="string_560" HPOS="1218" VPOS="1391" WIDTH="40" HEIGHT="20" WC="0.34" CONTENT="476]"/><SP WIDTH="18" VPOS="1391" HPOS="1258"/>
							<String ID="string_561" HPOS="1276" VPOS="1386" WIDTH="70" HEIGHT="33" WC="0.49" CONTENT="10)"/><SP WIDTH="-30" VPOS="1386" HPOS="1346"/>
							<String ID="string_562" HPOS="1316" VPOS="1381" WIDTH="24" HEIGHT="46" WC="0.82" CONTENT="—"/><SP WIDTH="23" VPOS="1381" HPOS="1340"/>
							<String ID="string_563" HPOS="1363" VPOS="1392" WIDTH="26" HEIGHT="20" WC="0.96" CONTENT="68"/><SP WIDTH="109" VPOS="1392" HPOS="1389"/>
							<String ID="string_564" HPOS="1498" VPOS="1404" WIDTH="22" HEIGHT="1" WC="0.89" CONTENT="—"/><SP WIDTH="44" VPOS="1404" HPOS="1520"/>
							<String ID="string_565" HPOS="1564" VPOS="1392" WIDTH="68" HEIGHT="19" WC="0.0" CONTENT="28:62"/><SP WIDTH="28" VPOS="1392" HPOS="1632"/>
							<String ID="string_566" HPOS="1660" VPOS="1391" WIDTH="38" HEIGHT="32" WC="0.34" CONTENT="30:"/><SP WIDTH="12" VPOS="1391" HPOS="1698"/>
							<String ID="string_567" HPOS="1710" VPOS="1391" WIDTH="48" HEIGHT="19" WC="0.92" CONTENT="86"/><SP WIDTH="-20" VPOS="1391" HPOS="1758"/>
							<String ID="string_568" HPOS="1738" VPOS="1381" WIDTH="18" HEIGHT="46" WC="0.91" CONTENT="d"/>
						</TextLine>
						<TextLine ID="line_91" HPOS="1302" VPOS="1422" WIDTH="359" HEIGHT="19">
							<String ID="string_569" HPOS="1344" VPOS="1424" WIDTH="1" HEIGHT="17" WC="0.44" CONTENT="od"/><SP WIDTH="315" VPOS="1424" HPOS="1345"/>
							<String ID="string_570" HPOS="1660" VPOS="1424" WIDTH="1" HEIGHT="7" WC="0.66" CONTENT="|"/>
						</TextLine>
						<TextLine ID="line_92" HPOS="1031" VPOS="1480" WIDTH="713" HEIGHT="22">
							<String ID="string_571" HPOS="1031" VPOS="1481" WIDTH="52" HEIGHT="19" WC="0.78" CONTENT="1934]"/><SP WIDTH="18" VPOS="1481" HPOS="1083"/>
							<String ID="string_572" HPOS="1101" VPOS="1481" WIDTH="40" HEIGHT="21" WC="0.96" CONTENT="257"/><SP WIDTH="36" VPOS="1481" HPOS="1141"/>
							<String ID="string_573" HPOS="1177" VPOS="1481" WIDTH="26" HEIGHT="19" WC="0.76" CONTENT="28"/><SP WIDTH="30" VPOS="1481" HPOS="1203"/>
							<String ID="string_574" HPOS="1233" VPOS="1480" WIDTH="58" HEIGHT="20" WC="0.0" CONTENT="TOJA"/><SP WIDTH="30" VPOS="1480" HPOS="1291"/>
							<String ID="string_575" HPOS="1321" VPOS="1482" WIDTH="13" HEIGHT="19" WC="0.0" CONTENT="Fail"/><SP WIDTH="154" VPOS="1482" HPOS="1334"/>
							<String ID="string_576" HPOS="1488" VPOS="1481" WIDTH="39" HEIGHT="19" WC="0.61" CONTENT="259."/><SP WIDTH="36" VPOS="1481" HPOS="1527"/>
							<String ID="string_577" HPOS="1563" VPOS="1480" WIDTH="33" HEIGHT="20" WC="0.61" CONTENT="133:"/><SP WIDTH="12" VPOS="1480" HPOS="1596"/>
							<String ID="string_578" HPOS="1608" VPOS="1482" WIDTH="24" HEIGHT="17" WC="0.93" CONTENT="37"/><SP WIDTH="11" VPOS="1482" HPOS="1632"/>
							<String ID="string_579" HPOS="1643" VPOS="1480" WIDTH="55" HEIGHT="20" WC="0.56" CONTENT="dl21:"/><SP WIDTH="13" VPOS="1480" HPOS="1698"/>
							<String ID="string_580" HPOS="1711" VPOS="1483" WIDTH="7" HEIGHT="16" WC="0.56" CONTENT="1"/><SP WIDTH="13" VPOS="1483" HPOS="1718"/>
							<String ID="string_581" HPOS="1731" VPOS="1481" WIDTH="13" HEIGHT="19" WC="0.88" CONTENT="d"/>
						</TextLine>
						<TextLine ID="line_93" HPOS="1101" VPOS="1509" WIDTH="643" HEIGHT="22">
							<String ID="string_582" HPOS="1101" VPOS="1511" WIDTH="40" HEIGHT="20" WC="0.94" CONTENT="259"/><SP WIDTH="1" VPOS="1511" HPOS="1141"/>
							<String ID="string_583" HPOS="1142" VPOS="1505" WIDTH="18" HEIGHT="36" WC="0.92" CONTENT="|"/><SP WIDTH="5" VPOS="1505" HPOS="1160"/>
							<String ID="string_584" HPOS="1165" VPOS="1510" WIDTH="42" HEIGHT="20" WC="0.39" CONTENT="176)"/><SP WIDTH="17" VPOS="1510" HPOS="1207"/>
							<String ID="string_585" HPOS="1224" VPOS="1509" WIDTH="34" HEIGHT="20" WC="0.89" CONTENT="44-"/><SP WIDTH="408" VPOS="1509" HPOS="1258"/>
							<String ID="string_586" HPOS="1666" VPOS="1510" WIDTH="32" HEIGHT="20" WC="0.54" CONTENT="35:"/><SP WIDTH="13" VPOS="1510" HPOS="1698"/>
							<String ID="string_587" HPOS="1711" VPOS="1512" WIDTH="9" HEIGHT="17" WC="0.54" CONTENT="4"/><SP WIDTH="7" VPOS="1512" HPOS="1720"/>
							<String ID="string_588" HPOS="1727" VPOS="1506" WIDTH="10" HEIGHT="34" WC="0.72" CONTENT="d"/>
						</TextLine>
						<TextLine ID="line_94" HPOS="1158" VPOS="1540" WIDTH="99" HEIGHT="20">
							<String ID="string_589" HPOS="1158" VPOS="1540" WIDTH="50" HEIGHT="20" WC="0.0" CONTENT="183-|"/><SP WIDTH="23" VPOS="1540" HPOS="1208"/>
							<String ID="string_590" HPOS="1231" VPOS="1540" WIDTH="26" HEIGHT="19" WC="0.59" CONTENT="49"/>
						</TextLine>
						<TextLine ID="line_95" HPOS="1165" VPOS="1569" WIDTH="180" HEIGHT="20">
							<String ID="string_591" HPOS="1165" VPOS="1569" WIDTH="94" HEIGHT="20" WC="0.60" CONTENT="190/326-1"/><SP WIDTH="43" VPOS="1569" HPOS="1259"/>
							<String ID="string_592" HPOS="1302" VPOS="1580" WIDTH="2" HEIGHT="9" WC="0.53" CONTENT="|"/><SP WIDTH="40" VPOS="1580" HPOS="1304"/>
							<String ID="string_593" HPOS="1344" VPOS="1576" WIDTH="1" HEIGHT="7" WC="0.25" CONTENT="|"/>
						</TextLine>
						<TextLine ID="line_96" HPOS="1163" VPOS="1599" WIDTH="182" HEIGHT="24">
							<String ID="string_594" HPOS="1163" VPOS="1599" WIDTH="95" HEIGHT="21" WC="0.7" CONTENT="228333]"/><SP WIDTH="45" VPOS="1599" HPOS="1258"/>
							<String ID="string_595" HPOS="1303" VPOS="1602" WIDTH="1" HEIGHT="27" WC="0.85" CONTENT="|"/><SP WIDTH="40" VPOS="1602" HPOS="1304"/>
							<String ID="string_596" HPOS="1344" VPOS="1601" WIDTH="1" HEIGHT="3" WC="0.71" CONTENT="I"/>
						</TextLine>
						<TextLine ID="line_97" HPOS="1163" VPOS="1629" WIDTH="182" HEIGHT="28">
							<String ID="string_597" HPOS="1163" VPOS="1629" WIDTH="95" HEIGHT="20" WC="0.0" CONTENT="2291349)"/><SP WIDTH="45" VPOS="1629" HPOS="1258"/>
							<String ID="string_598" HPOS="1303" VPOS="1631" WIDTH="1" HEIGHT="6" WC="0.64" CONTENT="|"/><SP WIDTH="40" VPOS="1631" HPOS="1304"/>
							<String ID="string_599" HPOS="1344" VPOS="1648" WIDTH="1" HEIGHT="9" WC="0.65" CONTENT="|"/>
						</TextLine>
						<TextLine ID="line_98" HPOS="1156" VPOS="1658" WIDTH="189" HEIGHT="38">
							<String ID="string_600" HPOS="1156" VPOS="1659" WIDTH="48" HEIGHT="20" WC="0.46" CONTENT="(259-1"/><SP WIDTH="14" VPOS="1659" HPOS="1204"/>
							<String ID="string_601" HPOS="1218" VPOS="1659" WIDTH="40" HEIGHT="20" WC="0.96" CONTENT="359"/><SP WIDTH="86" VPOS="1659" HPOS="1258"/>
							<String ID="string_602" HPOS="1344" VPOS="1658" WIDTH="1" HEIGHT="38" WC="0.82" CONTENT="|"/>
						</TextLine>
						<TextLine ID="line_99" HPOS="1163" VPOS="1688" WIDTH="182" HEIGHT="27">
							<String ID="string_603" HPOS="1163" VPOS="1689" WIDTH="40" HEIGHT="20" WC="0.0" CONTENT="2651"/><SP WIDTH="14" VPOS="1689" HPOS="1203"/>
							<String ID="string_604" HPOS="1217" VPOS="1688" WIDTH="86" HEIGHT="27" WC="0.0" CONTENT="4291-51"/>
						</TextLine>
						<TextLine ID="line_100" HPOS="1163" VPOS="1716" WIDTH="182" HEIGHT="28">
							<String ID="string_605" HPOS="1163" VPOS="1719" WIDTH="40" HEIGHT="20" WC="0.0" CONTENT="För"/><SP WIDTH="15" VPOS="1719" HPOS="1203"/>
							<String ID="string_606" HPOS="1218" VPOS="1718" WIDTH="40" HEIGHT="20" WC="0.0" CONTENT="jAGSa:"/>
						</TextLine>
						<TextLine ID="line_101" HPOS="1163" VPOS="1748" WIDTH="182" HEIGHT="27">
							<String ID="string_607" HPOS="1163" VPOS="1748" WIDTH="95" HEIGHT="20" WC="0.15" CONTENT="351465)"/><SP WIDTH="86" VPOS="1748" HPOS="1258"/>
							<String ID="string_608" HPOS="1344" VPOS="1750" WIDTH="1" HEIGHT="25" WC="0.70" CONTENT="I"/>
						</TextLine>
						<TextLine ID="line_102" HPOS="1157" VPOS="1778" WIDTH="101" HEIGHT="20">
							<String ID="string_609" HPOS="1157" VPOS="1778" WIDTH="101" HEIGHT="20" WC="0.52" CONTENT="358-468)"/>
						</TextLine>
						<TextLine ID="line_103" HPOS="1163" VPOS="1803" WIDTH="182" HEIGHT="26">
							<String ID="string_610" HPOS="1163" VPOS="1808" WIDTH="41" HEIGHT="20" WC="0.56" CONTENT="360/"/><SP WIDTH="13" VPOS="1808" HPOS="1204"/>
							<String ID="string_611" HPOS="1217" VPOS="1807" WIDTH="41" HEIGHT="20" WC="0.95" CONTENT="473"/><SP WIDTH="86" VPOS="1807" HPOS="1258"/>
							<String ID="string_612" HPOS="1344" VPOS="1803" WIDTH="1" HEIGHT="26" WC="0.86" CONTENT="|"/>
						</TextLine>
						<TextLine ID="line_104" HPOS="1206" VPOS="1832" WIDTH="455" HEIGHT="38">
							<String ID="string_613" HPOS="1206" VPOS="1832" WIDTH="51" HEIGHT="38" WC="0.70" CONTENT="1.595]"/><SP WIDTH="87" VPOS="1832" HPOS="1257"/>
							<String ID="string_614" HPOS="1344" VPOS="1842" WIDTH="1" HEIGHT="25" WC="0.91" CONTENT="|"/><SP WIDTH="315" VPOS="1842" HPOS="1345"/>
							<String ID="string_615" HPOS="1660" VPOS="1836" WIDTH="1" HEIGHT="28" WC="0.91" CONTENT="|"/>
						</TextLine>
						<TextLine ID="line_105" HPOS="1206" VPOS="1867" WIDTH="455" HEIGHT="33">
							<String ID="string_616" HPOS="1206" VPOS="1867" WIDTH="51" HEIGHT="25" WC="0.33" CONTENT="1614]"/><SP WIDTH="45" VPOS="1867" HPOS="1257"/>
							<String ID="string_617" HPOS="1302" VPOS="1880" WIDTH="1" HEIGHT="20" WC="0.71" CONTENT="|"/><SP WIDTH="357" VPOS="1880" HPOS="1303"/>
							<String ID="string_618" HPOS="1660" VPOS="1871" WIDTH="1" HEIGHT="24" WC="0.72" CONTENT="|"/>
						</TextLine>
						<TextLine ID="line_106" HPOS="1302" VPOS="1885" WIDTH="359" HEIGHT="43">
							<String ID="string_619" HPOS="1206" VPOS="1893" WIDTH="51" HEIGHT="33" WC="0.39" CONTENT="Jr]"/><SP WIDTH="45" VPOS="1893" HPOS="1257"/>
							<String ID="string_620" HPOS="1302" VPOS="1885" WIDTH="43" HEIGHT="42" WC="0.63" CONTENT="||"/><SP WIDTH="315" VPOS="1885" HPOS="1345"/>
							<String ID="string_621" HPOS="1660" VPOS="1896" WIDTH="1" HEIGHT="32" WC="0.95" CONTENT="|"/>
						</TextLine>
						<TextLine ID="line_107" HPOS="1206" VPOS="1927" WIDTH="455" HEIGHT="25">
							<String ID="string_622" HPOS="1206" VPOS="1930" WIDTH="2" HEIGHT="22" WC="0.87" CONTENT="|"/><SP WIDTH="10" VPOS="1930" HPOS="1208"/>
							<String ID="string_623" HPOS="1218" VPOS="1927" WIDTH="36" HEIGHT="19" WC="0.87" CONTENT="621"/><SP WIDTH="90" VPOS="1927" HPOS="1254"/>
							<String ID="string_624" HPOS="1344" VPOS="1928" WIDTH="1" HEIGHT="14" WC="0.68" CONTENT="I"/><SP WIDTH="315" VPOS="1928" HPOS="1345"/>
							<String ID="string_625" HPOS="1660" VPOS="1934" WIDTH="1" HEIGHT="17" WC="0.71" CONTENT="I"/>
						</TextLine>
						<TextLine ID="line_108" HPOS="1206" VPOS="1953" WIDTH="455" HEIGHT="34">
							<String ID="string_626" HPOS="1206" VPOS="1956" WIDTH="52" HEIGHT="27" WC="0.50" CONTENT="1627-"/><SP WIDTH="86" VPOS="1956" HPOS="1258"/>
							<String ID="string_627" HPOS="1344" VPOS="1953" WIDTH="1" HEIGHT="34" WC="0.89" CONTENT="|"/><SP WIDTH="315" VPOS="1953" HPOS="1345"/>
							<String ID="string_628" HPOS="1660" VPOS="1953" WIDTH="1" HEIGHT="30" WC="0.77" CONTENT="|"/>
						</TextLine>
						<TextLine ID="line_109" HPOS="1206" VPOS="1984" WIDTH="455" HEIGHT="34">
							<String ID="string_629" HPOS="1206" VPOS="1999" WIDTH="2" HEIGHT="19" WC="0.64" CONTENT="I"/><SP WIDTH="10" VPOS="1999" HPOS="1208"/>
							<String ID="string_630" HPOS="1218" VPOS="1985" WIDTH="39" HEIGHT="21" WC="0.96" CONTENT="637"/><SP WIDTH="403" VPOS="1985" HPOS="1257"/>
							<String ID="string_631" HPOS="1660" VPOS="1984" WIDTH="1" HEIGHT="11" WC="0.54" CONTENT="I"/>
						</TextLine>
						<TextLine ID="line_110" HPOS="1206" VPOS="2011" WIDTH="456" HEIGHT="63">
							<String ID="string_632" HPOS="1206" VPOS="2015" WIDTH="139" HEIGHT="59" WC="0.25" CONTENT="RE"/><SP WIDTH="315" VPOS="2015" HPOS="1345"/>
							<String ID="string_633" HPOS="1660" VPOS="2011" WIDTH="2" HEIGHT="61" WC="0.72" CONTENT="|"/>
						</TextLine>
						<TextLine ID="line_111" HPOS="1344" VPOS="2051" WIDTH="2" HEIGHT="22">
							<String ID="string_634" HPOS="1344" VPOS="2051" WIDTH="2" HEIGHT="22" WC="0.60" CONTENT="I"/>
						</TextLine>
					</TextBlock>
				</ComposedBlock>
				<ComposedBlock ID="cblock_19" HPOS="1085" VPOS="206" WIDTH="10" HEIGHT="1867">
					<TextBlock ID="block_20" HPOS="1085" VPOS="206" WIDTH="10" HEIGHT="1867">
						<TextLine ID="line_112" HPOS="1085" VPOS="206" WIDTH="10" HEIGHT="1867">
							<String ID="string_635" HPOS="1085" VPOS="206" WIDTH="10" HEIGHT="1867" WC="0.95" CONTENT=" "/>
						</TextLine>
					</TextBlock>
				</ComposedBlock>
				<ComposedBlock ID="cblock_20" HPOS="1208" VPOS="348" WIDTH="4" HEIGHT="531">
					<TextBlock ID="block_21" HPOS="1208" VPOS="348" WIDTH="4" HEIGHT="531">
						<TextLine ID="line_113" HPOS="1208" VPOS="348" WIDTH="4" HEIGHT="531">
							<String ID="string_636" HPOS="1208" VPOS="348" WIDTH="4" HEIGHT="531" WC="0.95" CONTENT=" "/>
						</TextLine>
					</TextBlock>
				</ComposedBlock>
				<ComposedBlock ID="cblock_21" HPOS="1206" VPOS="1127" WIDTH="6" HEIGHT="720">
					<TextBlock ID="block_22" HPOS="1206" VPOS="1127" WIDTH="6" HEIGHT="720">
						<TextLine ID="line_114" HPOS="1206" VPOS="1127" WIDTH="6" HEIGHT="720">
							<String ID="string_637" HPOS="1206" VPOS="1127" WIDTH="6" HEIGHT="720" WC="0.95" CONTENT=" "/>
						</TextLine>
					</TextBlock>
				</ComposedBlock>
				<ComposedBlock ID="cblock_22" HPOS="1151" VPOS="205" WIDTH="9" HEIGHT="1869">
					<TextBlock ID="block_23" HPOS="1151" VPOS="205" WIDTH="9" HEIGHT="1869">
						<TextLine ID="line_115" HPOS="1151" VPOS="205" WIDTH="9" HEIGHT="1869">
							<String ID="string_638" HPOS="1151" VPOS="205" WIDTH="9" HEIGHT="1869" WC="0.95" CONTENT=" "/>
						</TextLine>
					</TextBlock>
				</ComposedBlock>
				<ComposedBlock ID="cblock_23" HPOS="1260" VPOS="206" WIDTH="7" HEIGHT="1868">
					<TextBlock ID="block_24" HPOS="1260" VPOS="206" WIDTH="7" HEIGHT="1868">
						<TextLine ID="line_116" HPOS="1260" VPOS="206" WIDTH="7" HEIGHT="1868">
							<String ID="string_639" HPOS="1260" VPOS="206" WIDTH="7" HEIGHT="1868" WC="0.95" CONTENT=" "/>
						</TextLine>
					</TextBlock>
				</ComposedBlock>
				<ComposedBlock ID="cblock_24" HPOS="1345" VPOS="347" WIDTH="3" HEIGHT="206">
					<TextBlock ID="block_25" HPOS="1345" VPOS="347" WIDTH="3" HEIGHT="206">
						<TextLine ID="line_117" HPOS="1345" VPOS="347" WIDTH="3" HEIGHT="206">
							<String ID="string_640" HPOS="1345" VPOS="347" WIDTH="3" HEIGHT="206" WC="0.95" CONTENT=" "/>
						</TextLine>
					</TextBlock>
				</ComposedBlock>
				<ComposedBlock ID="cblock_25" HPOS="1303" VPOS="1177" WIDTH="1" HEIGHT="95">
					<TextBlock ID="block_26" HPOS="1303" VPOS="1177" WIDTH="1" HEIGHT="95">
						<TextLine ID="line_118" HPOS="1303" VPOS="1177" WIDTH="1" HEIGHT="95">
							<String ID="string_641" HPOS="1303" VPOS="1177" WIDTH="1" HEIGHT="95" WC="0.95" CONTENT=" "/>
						</TextLine>
					</TextBlock>
				</ComposedBlock>
				<ComposedBlock ID="cblock_26" HPOS="1303" VPOS="1308" WIDTH="1" HEIGHT="86">
					<TextBlock ID="block_27" HPOS="1303" VPOS="1308" WIDTH="1" HEIGHT="86">
						<TextLine ID="line_119" HPOS="1303" VPOS="1308" WIDTH="1" HEIGHT="86">
							<String ID="string_642" HPOS="1303" VPOS="1308" WIDTH="1" HEIGHT="86" WC="0.95" CONTENT=" "/>
						</TextLine>
					</TextBlock>
				</ComposedBlock>
				<ComposedBlock ID="cblock_27" HPOS="1302" VPOS="1478" WIDTH="1" HEIGHT="35">
					<TextBlock ID="block_28" HPOS="1302" VPOS="1478" WIDTH="1" HEIGHT="35">
						<TextLine ID="line_120" HPOS="1302" VPOS="1478" WIDTH="1" HEIGHT="35">
							<String ID="string_643" HPOS="1302" VPOS="1478" WIDTH="1" HEIGHT="35" WC="0.95" CONTENT=" "/>
						</TextLine>
					</TextBlock>
				</ComposedBlock>
				<ComposedBlock ID="cblock_28" HPOS="1344" VPOS="779" WIDTH="3" HEIGHT="778">
					<TextBlock ID="block_29" HPOS="1344" VPOS="779" WIDTH="3" HEIGHT="778">
						<TextLine ID="line_121" HPOS="1344" VPOS="779" WIDTH="3" HEIGHT="778">
							<String ID="string_644" HPOS="1344" VPOS="779" WIDTH="3" HEIGHT="778" WC="0.95" CONTENT=" "/>
						</TextLine>
					</TextBlock>
				</ComposedBlock>
				<ComposedBlock ID="cblock_29" HPOS="1451" VPOS="205" WIDTH="7" HEIGHT="1868">
					<TextBlock ID="block_30" HPOS="1451" VPOS="205" WIDTH="7" HEIGHT="1868">
						<TextLine ID="line_122" HPOS="1451" VPOS="205" WIDTH="7" HEIGHT="1868">
							<String ID="string_645" HPOS="1451" VPOS="205" WIDTH="7" HEIGHT="1868" WC="0.95" CONTENT=" "/>
						</TextLine>
					</TextBlock>
				</ComposedBlock>
				<ComposedBlock ID="cblock_30" HPOS="1559" VPOS="205" WIDTH="6" HEIGHT="1868">
					<TextBlock ID="block_31" HPOS="1559" VPOS="205" WIDTH="6" HEIGHT="1868">
						<TextLine ID="line_123" HPOS="1559" VPOS="205" WIDTH="6" HEIGHT="1868">
							<String ID="string_646" HPOS="1559" VPOS="205" WIDTH="6" HEIGHT="1868" WC="0.95" CONTENT=" "/>
						</TextLine>
					</TextBlock>
				</ComposedBlock>
				<ComposedBlock ID="cblock_31" HPOS="1660" VPOS="347" WIDTH="1" HEIGHT="124">
					<TextBlock ID="block_32" HPOS="1660" VPOS="347" WIDTH="1" HEIGHT="124">
						<TextLine ID="line_124" HPOS="1660" VPOS="347" WIDTH="1" HEIGHT="124">
							<String ID="string_647" HPOS="1660" VPOS="347" WIDTH="1" HEIGHT="124" WC="0.95" CONTENT=" "/>
						</TextLine>
					</TextBlock>
				</ComposedBlock>
				<ComposedBlock ID="cblock_32" HPOS="1659" VPOS="715" WIDTH="4" HEIGHT="1098">
					<TextBlock ID="block_33" HPOS="1659" VPOS="715" WIDTH="4" HEIGHT="1098">
						<TextLine ID="line_125" HPOS="1659" VPOS="715" WIDTH="4" HEIGHT="1098">
							<String ID="string_648" HPOS="1659" VPOS="715" WIDTH="4" HEIGHT="1098" WC="0.95" CONTENT=" "/>
						</TextLine>
					</TextBlock>
				</ComposedBlock>
				<ComposedBlock ID="cblock_33" HPOS="1759" VPOS="205" WIDTH="7" HEIGHT="1863">
					<TextBlock ID="block_34" HPOS="1759" VPOS="205" WIDTH="7" HEIGHT="1863">
						<TextLine ID="line_126" HPOS="1759" VPOS="205" WIDTH="7" HEIGHT="1863">
							<String ID="string_649" HPOS="1759" VPOS="205" WIDTH="7" HEIGHT="1863" WC="0.95" CONTENT=" "/>
						</TextLine>
					</TextBlock>
				</ComposedBlock>
				<ComposedBlock ID="cblock_34" HPOS="1844" VPOS="1608" WIDTH="10" HEIGHT="600">
					<TextBlock ID="block_35" HPOS="1844" VPOS="1608" WIDTH="10" HEIGHT="600">
						<TextLine ID="line_127" HPOS="1844" VPOS="1608" WIDTH="10" HEIGHT="600">
							<String ID="string_650" HPOS="1844" VPOS="1608" WIDTH="10" HEIGHT="600" WC="0.95" CONTENT=" "/>
						</TextLine>
					</TextBlock>
				</ComposedBlock>
				<ComposedBlock ID="cblock_35" HPOS="1002" VPOS="2350" WIDTH="851" HEIGHT="2">
					<TextBlock ID="block_36" HPOS="1002" VPOS="2350" WIDTH="851" HEIGHT="2">
						<TextLine ID="line_128" HPOS="1002" VPOS="2350" WIDTH="851" HEIGHT="2">
							<String ID="string_651" HPOS="1002" VPOS="2350" WIDTH="851" HEIGHT="2" WC="0.95" CONTENT=" "/>
						</TextLine>
					</TextBlock>
				</ComposedBlock>
			</PrintSpace>
		</Page>
	</Layout>
</alto>
