1851 2359
792 150 136 35 SAKREGISTER
1616 152 42 21 497

1002 223 41 31 SA
1382 227 53 18 Riks-

949 253 17 26 7
1002 251 36 36 2&
1102 275 3 4 S
1216 241 95 42 Utskotts-
1360 250 85 33 dagens
1502 257 118 17 Kamrarnas

949 283 16 26 GT
1025 281 18 37 =
1047 271 107 31 Motioner
1195 271 123 42 utlåtanden
1387 287 30 17 sk
1487 287 145 22 förhandlingar

949 313 17 28 s
1002 309 36 34 Ze
1181 305 47 18 eller
1240 305 98 18 memorial
1345 301 25 38 |
1380 317 62 18 velser

944 344 16 25 2
1002 340 39 42 |år
1165 321 26 72 Ez
1608 370 11 18 G

949 373 17 11 2
1002 373 12 9 Iz
1216 371 17 15 >
1329 372 18 13 2
1430 373 17 19 zel
1476 371 67 17 Första
1550 367 20 31 |
1576 371 66 17 Andra

949 388 11 9 5
1002 383 35 40 23
1063 383 34 18 FK
1114 384 37 17 JAK
1174 378 18 44 2
1216 390 17 30 å
1269 379 15 38 Zz
1329 387 18 31 =
1379 378 21 40 SÅ
1431 393 17 25 5
1474 376 69 37 fär.
1573 393 71 19 kamm.

76 437 203 28 Fiskerinäringen.

120 468 33 20 för
178 468 135 27 föreningens
339 469 220 21 försöksverksamhet
582 469 33 21 för
638 469 125 27 budgetåret
788 468 124 29 1930/1931
928 468 56 21 1930]

120 500 31 19 ett
166 500 61 19 extra
242 499 215 26 reservationsanslag
472 506 26 14 av
515 499 26 21 17
552 499 43 21 000
612 499 31 21 kr.

78 569 9 15 3
106 564 41 20 För
170 564 125 26 budgetåret
319 563 125 26 1930/1931
469 566 83 20 anvisas
576 565 33 20 till
632 565 152 20 omkostnader
798 566 33 19 för
846 565 26 20 de
888 572 26 14 av|
952 572 8 10 »
1001 565 41 19 |1:9
1166 564 26 20 10
1286 564 10 19 11
1330 569 24 15 6819
1373 564 73 20 Alis
1478 560 68 41 19:53
1558 592 2 5 |
1578 564 33 19 20:
1623 568 24 15 48

120 593 92 21 svenska
235 594 273 27 hydrografisk-biologiska
530 595 169 20 kommissionen
718 595 103 21 bedrivna
839 595 74 20 under-
993 605 17 16 p.
1013 592 37 35 109
1558 600 2 17 I

120 623 144 27 sökningarna
286 631 26 14 av
330 624 27 20 de
373 624 85 26 Sverige
474 624 127 27 omgivande
617 625 69 21 haven
703 626 30 20 ett
749 627 60 19 extra
824 631 90 15 reserva-

121 653 131 27 tionsanslag
275 660 25 15 av
324 654 80 21 43500
423 654 39 25 kr.,
478 655 34 20 till
528 655 152 21 omkostnader
695 655 33 20 för
742 655 57 21 vissa
814 662 26 14 av
856 655 57 20 kom-

121 684 116 20 missionen
262 684 48 20 från
333 684 272 27 nautisk-meteorologiska
628 685 67 26 byrån
718 687 114 24 övertagna
854 685 59 20 havs-

121 713 160 26 hydrografiska
300 714 122 26 mätningar
440 721 28 13 m.
485 721 28 13 m.
532 716 31 19 ett
581 716 60 19 extra
659 714 214 26 reservationsanslag
888 721 26 14 av

122 743 11 20 9
144 743 41 20 000
202 743 30 20 kr.
250 745 56 19 samt
329 744 33 19 till
381 744 106 20 täckande
506 751 27 13 av
552 744 96 26 Sveriges
667 744 63 21 andel
746 745 7 20 i
772 744 142 21 kostnaderna

119 772 33 20 för
175 779 26 14 en
224 773 159 21 internationell
406 774 261 26 hydrografisk-biologisk
690 774 160 21 centralanstalt
865 774 49 20 med

120 802 151 21 laboratorium
288 805 30 19 ett
334 805 61 19 extra
410 803 74 27 anslag
499 811 26 14 av
542 803 27 21 10
579 803 42 21 000
638 804 31 20 kr.

77 866 9 16 4
105 861 42 21 Till
163 862 132 21 underhålls-
311 863 40 20 och
368 863 168 21 driftkostnader
551 864 34 20 för
600 864 92 26 fartyget
707 863 107 26 Skagerak
830 863 84 21 anvisas!
952 870 8 10 »
1001 862 40 20 |1:9
1167 862 26 20 10
1287 861 11 20 1/|
1330 861 55 21 7019
1395 862 52 20 Alie]
1478 861 68 21 19:53
1548 856 14 36 |
1578 860 69 21 20:48

120 891 33 20 för
161 891 125 27 budgetåret
296 891 125 29 1930/1931
431 895 31 19 ett
470 895 60 19 extra
538 893 214 27 reservationsanslag
760 900 26 14 av
795 893 27 21 87
832 893 42 20 000
882 893 30 21 kr.
993 897 57 22 p.110

77 962 9 15 5
104 957 43 20 Till
170 958 132 21 underhålls-
321 959 40 20 och
381 958 144 21 driftkostnad
541 959 33 20 för
589 959 92 27 fartyget
696 959 119 26 Eystrasalt
830 959 84 20 anvisas
919 953 10 37 |
952 965 8 11 »
1001 957 41 21 |1:9
1166 957 27 20 10
1287 957 11 20 1/|
1331 962 24 16 7019
1374 957 73 21 Ale]
1479 956 68 21 19:58
1547 952 17 33 |
1579 956 68 21 20:48

119 987 33 21 för
162 988 124 26 budgetåret
296 987 125 29 1930/1931
431 991 31 18 ett
470 991 60 18 extra
538 989 214 26 reservationsanslag
760 996 26 14 av
796 989 27 20 14
832 988 42 21 000
882 989 30 20 kr.
994 999 17 16 p.
1018 992 31 18 111

77 1058 10 15 6
106 1053 40 20 För
169 1054 157 20 stationerande
349 1054 69 21 under
436 1054 201 21 vintermånaderna
654 1053 125 28 1930/1931
797 1061 26 14 av
839 1054 74 21 bevak-|
952 1061 9 11 >»
1002 1053 40 21 |1:9
1167 1052 26 21 10
1287 1052 10 20 11
1330 1057 23 17 7119
1374 1052 73 22 Alie]
1479 1051 68 22 19:53
1548 1047 18 34 |
1579 1052 69 20 20:48

120 1083 133 27 ningsfartyg
268 1084 37 20 vid
320 1084 66 20 rikets
402 1084 73 21 kuster
490 1085 33 20 för
533 1084 192 21 åstadkommande
735 1091 26 14 av
774 1084 91 26 ordning
875 1084 39 21 och
994 1094 17 17 p.
1014 1088 37 23 112

120 1113 71 27 skydd
209 1114 37 20 vid
262 1114 73 21 fiskets
351 1114 130 21 bedrivande
496 1115 85 20 anvisas
596 1115 33 20 för
645 1115 125 26 budgetåret
787 1112 125 30 1930/1931

120 1144 31 19 ett
166 1145 61 19 extra
242 1144 215 26 reservationsanslag
473 1151 26 14 av
516 1144 27 21 36
553 1144 43 21 000
612 1144 31 21 kr.

78 1207 9 15 7
105 1203 38 19 RD
154 1204 87 25 antager
251 1203 80 26 förslag
341 1203 33 21 till
386 1204 34 26 lag
431 1210 35 14 om
477 1204 82 20 ändrad
570 1204 81 26 lydelse
662 1210 26 14 av
699 1204 13 20 3
724 1204 13 26 $
748 1204 7 20 i
766 1204 62 26 lagen
837 1203 41 21 den
887 1203 26 20 27
917 1199 15 36 |
953 1211 8 10 >»
969 1199 28 36 |
1010 1203 26 20 70
1113 1202 42 20 400
1170 1201 24 21 10
1272 1201 26 21 67
1372 1202 42 20 274
1479 1201 33 21 32:
1523 1206 25 16 40
1551 1197 19 36 |
1572 1201 34 20 33:
1616 1201 41 20 43d

120 1233 48 26 juni
180 1232 57 21 1896
249 1240 35 13 om
296 1235 42 19 rätt
348 1234 34 20 till
394 1234 52 20 fiske
457 1236 56 18 samt
524 1234 34 26 lag
569 1241 46 19 ang.
627 1234 105 20 utsträckt
742 1234 139 26 tillämpning
889 1240 26 14 av
1113 1232 41 20 401

121 1262 61 26 lagen
193 1262 41 21 den
247 1263 27 20 22
285 1264 48 26 juni
346 1263 56 21 1928
414 1263 33 27 (nr
459 1262 49 29 184)
519 1270 35 14 om
566 1264 117 26 ersättning
693 1264 33 19 till
738 1263 135 26 strandägare
884 1263 32 20 för

121 1292 80 20 mistad
224 1293 96 20 fiskerätt
343 1293 127 26 (frigivande
493 1300 26 14 av
535 1293 63 21 fisket
616 1293 36 21 vid
669 1293 80 21 Skånes
765 1295 70 19 västra
850 1292 64 26 kust).

79 1355 9 16 8
107 1352 37 19 RD
164 1352 129 20 bestämmer
312 1353 80 20 antalet
408 1353 44 20 ord.
469 1353 210 26 befattningshavare
695 1353 38 20 hos
749 1354 80 19 statens
845 1352 71 21 lokala
919 1347 10 37 |
954 1359 8 11 »
1003 1351 42 21 1264
1115 1351 79 20 529110
1273 1351 27 20 73
1372 1350 40 20 323
1480 1350 32 20 35:
1524 1355 24 15 25
1550 1345 19 37 |
1573 1349 33 20 36:
1617 1349 41 20 23d

121 1381 256 26 fiskeriadministration;
394 1383 39 20 och
450 1383 123 26 godkännes
588 1383 80 26 förslag
683 1383 34 20 till
732 1384 43 19 stat
789 1383 34 20 för
836 1384 80 18 statens

122 1411 70 21 lokala
216 1412 253 25 fiskeriadministration,
493 1414 32 19 att
543 1413 109 27 tillämpas
668 1413 25 20 fr.
710 1419 19 14 o.
746 1419 30 13 m.
791 1412 126 26 budgetåret

123 1440 136 29 1930/1931;
283 1443 40 19 och
347 1443 60 26 höjes
430 1442 45 21 ord.
499 1442 185 27 förslagsanslaget
701 1442 34 21 till
751 1444 80 19 statens
847 1442 70 20 lokala

121 1471 246 22 fiskeriadministration
376 1472 50 21 med
436 1472 10 20 1
457 1472 42 21 800
511 1472 30 20 kr.
551 1473 34 20 till
596 1472 27 21 81
634 1472 42 21 000
688 1472 38 24 kr.;
736 1473 39 19 och
786 1473 86 25 antager
880 1472 37 20 RD

122 1503 31 18 ett
168 1501 7 20 i
191 1502 234 26 statsrådsprotokollet
440 1502 124 21 omförmält
580 1509 27 14 av
622 1502 61 21 Knut
698 1502 40 21 och
754 1502 60 20 Alice
825 1501 92 21 Wallen-

122 1531 60 26 bergs
199 1532 90 20 stiftelse
305 1533 56 26 gjort
377 1532 143 27 erbjudande;
537 1533 40 20 och
593 1532 91 27 beviljas
701 1532 33 21 till
750 1531 167 27 avlöningskost-

122 1561 66 20 nader
198 1561 34 21 för
242 1568 26 14 en
279 1562 178 26 undersöknings-
468 1562 40 20 och
520 1562 164 21 försöksanstalt
693 1562 34 20 för
737 1561 182 21 sötvattensfisket

122 1591 34 20 för
175 1591 125 26 budgetåret
320 1591 124 29 1930/1931
462 1593 30 19 ett
508 1594 60 19 extra
583 1592 165 26 -förslagsanslag
763 1599 26 13 av
805 1591 65 21 2800
886 1591 31 20 kr.

124 1623 57 18 samt
197 1621 33 20 till
246 1621 152 21 omkostnader
412 1622 34 20 för
461 1622 80 20 driften
557 1629 26 14 av
594 1622 95 20 nämnda
699 1622 80 20 anstalt
788 1622 34 20 för
832 1621 87 26 budget-

122 1651 46 20 året
191 1650 126 28 1930/1931
340 1653 31 19 ett
394 1654 60 18 extra
469 1652 216 26 reservationsanslag
700 1658 26 14 av
743 1651 64 21 1700
823 1652 39 23 kr.;
879 1651 40 20 och

122 1680 62 27 höjes
207 1681 44 20 ord.
276 1681 237 26 reservationsanslaget
536 1682 34 20 till
593 1682 74 20 fiskets
691 1681 148 27 befrämjande
862 1681 8 20 i
894 1680 26 21 de

123 1710 105 21 särskilda
244 1713 84 18 orterna
343 1711 51 21 med
409 1712 29 20 44
447 1711 43 21 000
502 1711 31 20 kr.
545 1712 34 19 till
592 1712 41 19 122
641 1711 42 21 500
695 1711 39 24 kr.;
746 1711 40 20 och
797 1711 123 26 godkänner

124 1740 37 20 RD
176 1740 95 21 ändrade
286 1741 93 26 grunder
394 1741 33 20 för
443 1741 138 26 användning
596 1748 26 14 av
638 1741 134 20 sistnämnda
786 1740 82 26 anslag;
880 1740 40 20 och

123 1770 91 26 beviljas
235 1771 34 19 för
292 1771 105 20 täckande
417 1778 26 13 av
462 1771 54 20 brist
531 1771 13 20 å
559 1777 84 14 samma
659 1771 74 26 anslag
748 1771 33 20 för
796 1770 125 26 budgetåret

124 1798 126 28 1930/1931
263 1802 31 19 ett
304 1803 61 18 extra
375 1801 75 26 anslag
460 1807 26 14 av
498 1801 26 20 13
535 1800 42 21 129
588 1801 39 24 kr.;
639 1801 40 20 och
689 1800 123 27 godkänner
822 1800 38 20 RD
871 1799 49 21 änd-

123 1829 50 21 rade
189 1830 92 26 grunder
296 1831 34 20 för
346 1830 122 27 beviljande
482 1837 27 14 av
519 1830 36 21 lån
566 1837 26 14 ur
602 1830 80 21 fonden
693 1831 33 20 för
736 1830 185 26 fiskerinäringens

124 1859 157 27 befrämjande;
298 1861 40 20 och
352 1861 61 26 höjes
424 1860 44 21 ord.
481 1860 237 26 reservationsanslaget
728 1860 33 20 till
773 1859 148 27 befrämjande

124 1889 7 20 i
147 1889 119 21 allmänhet
281 1897 26 14 av
324 1890 175 26 fiskerinäringen
515 1890 51 21 med
582 1890 12 20 6
604 1890 43 21 000
663 1890 31 20 kr.
710 1890 33 20 till
760 1890 27 20 36
798 1889 42 21 000
856 1890 31 20 kr.

94 1949 54 26 Ang.
166 1949 106 21 utsträckt
287 1950 32 20 tid
334 1950 33 21 för
383 1950 146 21 arrendatorer
542 1950 34 20 till
587 1950 48 27 jakt
646 1950 39 21 och
697 1950 53 20 fiske
760 1950 34 20 för
804 1949 118 25 husbehov,

110 1985 22 14 se
148 1978 56 22 Jakt
218 1979 73 26 (1921:
303 1980 25 26 2).

137 2013 23 18 Se
173 2014 35 17 ock
217 2014 164 23 Fiskehamnar,
390 2015 226 22 Fiskerilånefonden,
624 2015 196 22 Interpellationer
827 2014 59 22 (1922:
896 2019 27 15 10;

150 2033 51 33 1929:
211 2039 33 21 23),
263 2039 113 18 Jordbruk
397 2039 83 22 (1923:1;
497 2039 97 23 1926:11),
610 2038 314 24 Krigsförsäkringskommis-

149 2062 87 18 sionens
243 2062 199 20 överskottsmedel
449 2063 58 22 (1921;
517 2063 58 22 1922),
583 2063 131 19 Vattenrätt
721 2063 59 22 (1925:
786 2068 48 16 2,21;
844 2061 51 18 1926:
901 2061 22 23 2).

60 2108 28 18 63.
103 2111 91 18 Sakregister
204 2112 12 14 I.
