1827 2354
161 144 42 21 842

858 146 223 17 SAKREGISTER

183 588 10 18 Nå

183 708 9 18 1

182 1423 10 17 DD

182 1660 11 18 -

181 436 286 27 Kommunalförfattningar.

222 466 116 21 valbarhet
361 467 41 20 och
426 467 128 26 behörighet
577 467 33 20 till
634 467 141 20 kommunala
799 468 226 27 förtroendeuppdrag

222 497 70 20 måtte
307 497 33 20 för
356 496 52 21 1935
423 497 35 20 års
472 497 43 20 RD
530 497 118 26 framlägga
664 497 80 27 förslag
758 497 33 20 till
805 497 200 27 lagbestämmelser
1018 498 6 20 i

222 528 81 19 ämnet.

208 586 43 20 RD
264 586 98 20 anhåller
373 592 36 14 om
422 586 118 27 utredning
552 587 40 19 och
605 586 80 27 förslag
696 587 34 19 till
742 587 148 26 anordningar
902 587 5 20 i
921 588 57 25 syfte
991 589 34 19 att

222 616 108 20 förbättra
346 616 234 23 landskommunernas
594 616 209 27 räkenskapsväsen.

208 705 43 21 RD
268 707 92 25 antager
376 706 34 19 för
427 705 33 21 sin
477 706 35 20 del
528 706 81 26 förslag
626 706 33 19 till
676 706 35 26 lag
728 712 35 14 om
781 706 219 27 kommunalstyrelse
1017 708 7 19 i

222 735 127 21 Stockholm
364 737 58 19 samt
435 736 81 26 förslag
529 735 34 21 till
576 736 35 26 lag
625 742 35 14 om
675 736 83 20 ändrad
774 736 80 26 lydelse
868 743 29 14 av
911 737 12 20 3
937 737 10 26 $
961 737 62 26 lagen

222 771 35 14 om
277 765 214 20 folkskoleväsendet
510 765 6 20 i
536 765 126 21 Stockholm
682 766 41 20 den
744 766 25 20 15
788 766 44 26 maj
855 766 52 20 1903
927 767 34 26 (nr
980 767 42 26 58);

222 795 40 20 och
275 795 97 20 anhåller
385 795 50 24 RD,
448 796 35 19 att
496 795 63 20 KM:t
571 796 71 19 måtte
654 795 130 21 föranstalta
798 802 34 14 om
846 796 91 21 särskild
951 797 72 20 utred-

222 825 51 26 ning
290 831 29 14 av
336 825 76 26 frågan
430 831 36 14 om
484 825 275 27 stadsfullmäktigevalens
777 826 6 19 i
801 825 127 22 Stockholm
945 827 78 26 förläg-

220 855 72 26 gande
309 855 34 20 till
360 857 56 24 sept.
434 855 88 24 månad;
541 855 41 20 och
600 855 97 20 anhåller
714 856 50 23 RD,
783 857 35 19 att
835 856 64 20 KM:t
917 857 6 19 i
941 857 82 20 anslut-

222 885 52 27 ning
287 885 33 20 till
334 885 62 20 RD:s
410 885 6 19 i
430 885 115 20 skrivelser
558 885 51 20 åren
625 885 53 20 1930
692 885 34 26 (nr
739 885 50 26 330)
803 886 40 20 och
859 886 53 20 1934
926 886 35 26 (nr
974 887 49 26 292)

221 915 77 26 gjorda
315 915 131 20 uttalanden
462 915 56 20 efter
533 915 119 20 verkställd
669 915 85 27 allsidig
770 916 117 26 utredning
903 922 28 14 av
947 917 76 26 frågan

222 951 35 14 om
277 945 104 26 fullgjord
400 945 188 26 skattebetalning
607 945 71 20 såsom
698 945 79 20 villkor
796 946 33 20 för
848 946 116 20 valbarhet
984 947 39 20 och

222 974 128 27 behörighet
368 974 35 21 till
421 975 143 20 kommunala
583 975 226 27 förtroendeuppdrag
827 976 71 20 måtte
917 976 34 20 för
971 976 52 20 1936

221 1005 35 19 års
269 1004 43 21 RD
326 1004 121 27 framlägga
460 1004 80 27 förslag
553 1004 33 21 till
599 1005 200 26 lagbestämmelser
812 1005 7 20 i
831 1007 82 19 ämnet.

207 1063 43 20 RD
266 1063 73 20 avslår
353 1063 85 20 motion
453 1069 50 21 ang.
520 1064 148 26 upphävande
682 1070 28 14 av
725 1064 229 27 kommunallagarnas
969 1065 55 20 före-

222 1093 88 20 skrifter
330 1099 36 14 om
387 1093 40 20 två
447 1093 117 26 tredjedels
585 1093 113 26 majoritet
719 1094 71 20 såsom
811 1094 160 27 förutsättning
991 1095 34 20 för

222 1123 72 20 beslut
309 1123 6 19 i
329 1123 59 20 vissa
402 1123 79 26 frågor.

207 1182 43 20 RD
266 1182 73 20 avslår
352 1182 85 20 motion
453 1188 49 20 ang.
517 1182 155 21 kvalificerade
687 1183 141 20 kommunala
844 1183 110 20 revisorer.

208 1271 43 20 RD
264 1271 73 20 avslår
348 1271 84 20 motion
445 1277 35 14 om
493 1271 68 21 sådan
573 1272 93 26 ändring
678 1278 28 14 av
718 1272 13 20 8
743 1272 9 25 $
764 1272 62 26 lagen
840 1278 34 14 om
887 1273 137 20 kommunal-

222 1301 90 26 styrelse
328 1301 28 26 på
371 1301 82 23 landet,
469 1302 35 19 att
519 1301 126 27 skyldighet
659 1301 34 21 för
707 1302 106 20 kommun
828 1303 35 19 att
878 1302 70 20 införa
963 1303 61 20 kom-

221 1331 214 26 munalfullmäktige
450 1331 153 26 obligatoriskt
617 1331 97 20 inträder
728 1331 37 20 vid
780 1333 33 18 ett
827 1332 154 20 invånarantal
996 1339 28 14 av

221 1366 60 15 mera
296 1362 28 18 än
341 1360 67 20 1000.

208 1420 42 20 RD
264 1420 104 23 anhåller,
381 1421 36 19 att
429 1420 64 20 KM:t
505 1420 34 20 för
551 1422 63 18 nästa
627 1421 34 19 års
675 1421 41 20 RD
729 1421 71 20 måtte
812 1421 120 27 framlägga
945 1422 79 26 förslag

221 1450 33 20 till
265 1450 68 20 sådan
344 1450 93 26 ändring
446 1450 7 20 i
462 1450 63 26 lagen
536 1456 35 14 om
581 1450 219 27 kommunalstyrelse
811 1451 28 26 på
849 1451 82 24 landet,
941 1451 83 27 varige-

222 1486 50 14 nom
288 1479 139 27 möjligheter
442 1480 90 20 beredas
547 1480 225 26 municipalsamhälle
787 1482 35 19 att
837 1482 105 25 upprätta
959 1481 65 26 högre

222 1509 107 20 folkskola
344 1509 40 20 och
398 1515 94 14 ansvara
506 1509 34 20 för
553 1510 138 20 densammas
705 1510 100 20 bestånd.

208 1569 43 20 RD
267 1569 73 20 avslår
355 1568 85 21 motion
456 1575 35 14 om
508 1569 146 26 borttagande
671 1576 24 13 ur
710 1569 218 27 kommunallagarna
944 1576 28 14 av
989 1570 35 20 be-

222 1598 140 21 stämmelsen
375 1604 35 14 om
422 1599 39 19 två
473 1599 118 26 tredjedels
603 1599 113 26 majoritet
727 1599 34 20 för
773 1599 72 20 beslut
856 1600 7 20 i
875 1600 57 20 vissa
945 1600 78 26 frågor.

208 1658 42 20 RD
266 1658 98 20 anhåller
379 1664 36 13 om
430 1658 117 26 utredning
562 1658 40 20 och
617 1658 81 27 förslag
712 1658 33 20 till
761 1659 68 20 sådan
844 1659 93 26 ändring
952 1665 27 14 av
995 1666 29 13 nu

221 1687 101 27 gällande
338 1687 286 27 kommunalförfattningar
639 1694 49 21 ang.
705 1688 58 20 tider
778 1689 34 19 för
828 1688 113 27 offentliga
958 1691 67 18 stäm-

222 1723 53 18 mor,
289 1719 35 18 att
336 1718 171 20 kommunernas
520 1718 142 20 medlemmar
675 1718 6 20 i
694 1719 81 19 största
788 1718 88 27 möjliga
890 1719 135 26 omfattning

222 1747 91 20 beredas
327 1747 85 20 tillfälle
427 1748 35 19 att
476 1747 87 27 deltaga
578 1747 6 21 i
599 1748 62 20 dessa
676 1749 112 19 stämmor.

208 1807 43 20 RD
269 1808 91 25 antager
376 1807 35 19 för
428 1806 32 21 sin
478 1807 35 20 del
530 1807 80 26 förslag
627 1807 33 20 till
678 1807 35 27 lag
729 1813 49 21 ang.
796 1808 84 20 ändrad
898 1808 81 26 lydelse
996 1814 28 14 av

224 1836 24 20 15
265 1837 9 24 $
291 1837 62 26 lagen
370 1836 42 20 den
429 1836 12 20 6
456 1836 49 27 juni
523 1836 53 21 1930
592 1837 35 26 (nr
642 1837 50 26 251)
709 1843 35 14 om
760 1838 220 26 kommunalstyrelse
997 1838 27 26 på

222 1866 82 23 landet,
317 1866 80 26 förslag
409 1866 34 20 till
454 1866 36 27 lag
502 1872 35 15 om
549 1866 84 21 ändrad
646 1867 81 26 lydelse
739 1873 29 14 av
781 1867 25 20 13
819 1867 40 21 och
872 1867 24 21 51
911 1868 20 25 $$
944 1868 6 20 i
962 1868 62 26 lagen

222 1902 35 14 om
270 1896 221 26 kommunalstyrelse
501 1896 7 20 i
520 1897 49 19 stad
582 1897 41 19 den
635 1896 13 20 6
659 1897 48 26 juni
720 1897 60 23 1930,
792 1897 81 27 förslag
884 1897 33 20 till
928 1897 35 27 lag
975 1903 48 21 ang.

222 1926 84 20 ändrad
321 1926 82 26 lydelse
417 1932 29 14 av
462 1926 25 20 12
502 1927 9 24 $
526 1926 62 27 lagen
603 1926 41 20 den
660 1926 12 20 6
686 1927 48 26 juni
750 1927 54 20 1930
818 1927 35 26 (nr
867 1927 50 25 259)
932 1933 35 14 om
983 1928 42 19 för-

222 1956 202 26 samlingsstyrelse,
440 1955 81 27 förslag
536 1956 33 20 till
585 1956 35 26 lag
635 1962 49 21 ang.
700 1957 85 20 ändrad
800 1957 82 26 lydelse
897 1963 29 14 av
941 1957 13 20 8
970 1958 9 24 $
996 1957 29 20 la-

221 1991 41 21 gen
275 1985 41 21 den
328 1985 13 20 6
351 1985 49 27 juni
413 1985 53 21 1930
477 1985 35 27 (nr
524 1985 49 27 260)
585 1992 35 14 om
632 1986 229 27 församlingsstyrelse
872 1986 7 20 i
891 1987 133 23 Stockholm,

222 2015 81 26 förslag
315 2015 33 20 till
361 2015 35 26 lag
409 2021 35 14 om
457 2015 84 21 ändrad
554 2015 81 27 lydelse
648 2022 28 14 av
689 2016 12 20 8
714 2016 10 25 $
737 2016 6 20 i
756 2016 62 26 lagen
832 2017 40 19 den
886 2016 12 20 6
911 2016 47 27 juni
973 2016 53 21 1930

222 2051 35 14 om
279 2045 138 26 skolstyrelse
438 2045 6 20 i
464 2045 58 20 vissa
542 2045 130 20 kommuner
691 2047 58 19 samt
768 2046 81 27 förslag
868 2046 34 20 till
921 2046 35 27 lag
976 2052 48 21 ang.

1310 220 107 30 Utskotts-
1489 224 55 16 Riks-

1105 250 56 17 Kungl]
1215 272 3 3 ;
1298 246 128 33 utlåtanden,
1468 246 83 33 dagens
1610 237 117 43 Hanirerdan

1108 280 53 18 Maj:ts]
1173 272 92 17 Motioner
1263 268 10 36 |
1291 283 96 17 memorial
1400 283 43 17 eller
1501 284 35 16 öd
1601 271 139 21 förhandlingar

1053 304 26 20 År
1108 312 50 15 Ipropir
1302 309 132 30 betänkanden
1473 309 71 31 velser
1626 301 88 21 (Broker

1105 335 46 27 eller
1294 360 4 5 é

1107 369 55 14 Sö
1175 379 33 17 FK
1226 379 35 17 JAK
1282 373 16 44 ä
1323 373 17 43 3
1364 379 90 16 Nummer|
1470 380 90 16 Nummer
1583 363 65 48 Paren
1681 363 71 48 Seg

1040 469 56 20 1934]

1042 588 53 20 1934]
1118 600 28 2 —
1176 588 39 20 11961
1228 589 40 19 369]
1286 589 24 19 12]
1340 589 12 19 2
1419 589 12 19 9
1498 589 40 20 298
1574 588 33 20 137:
1618 590 25 18 99
1653 588 113 20 dj32:117
1746 584 25 34 d]

1286 618 24 20 13|
1339 618 13 20 5
1418 618 13 20 6

1042 707 53 20 19351
1113 708 39 20 184
1153 703 19 35 |
1173 708 40 20 314]
1228 708 38 19 514]
1297 708 12 20 5
1324 720 27 2 —
1406 708 24 20 19
1497 708 40 20 237
1573 707 79 20 1138:-9:d
1674 707 67 20 35:11
1753 708 13 20 d

1227 738 40 20 523)

1227 767 41 20 550]

1227 797 40 20 566]

1041 1065 54 20 1935]
1117 1077 27 2 —
1145 1061 31 34 |
1181 1077 27 2 —1
1228 1065 40 21 252]
1297 1066 12 19 5
1324 1077 28 2 —
1406 1066 24 20 16
1507 1077 28 3 —
1573 1065 79 20 -133:4d
1673 1065 34 20 135:
1718 1067 10 17 3
1739 1066 13 19 d

1042 1184 53 20 1935]
1118 1196 27 2 —
1148 1180 26 34 I
1188 1184 25 20 64
1235 1196 27 2 —I
1298 1184 12 20 51
1325 1196 27 2 —
1406 1185 24 20 17
1508 1196 27 2 —
1573 1184 34 20 33:
1618 1186 10 17 4
1639 1184 13 19 d
1674 1184 33 20 135:
1718 1186 11 17 5

1043 1273 52 20 1936]
1118 1286 27 1 —
1146 1269 30 33 |
1181 1285 26 2 —1
1228 1273 40 21 286]
1297 1274 46 19 5|—
1418 1274 12 20 6
1507 1285 28 3 —
1575 1274 67 19 12:20
1676 1274 90 19 12:19
1746 1270 9 33 d

1042 1422 53 20 1936]
1117 1434 28 2 —
1147 1418 27 35 |
1187 1422 81 21 871232]
1298 1423 12 19 5
1325 1434 27 2 —
1419 1423 11 20 z
1511 1422 27 20 62
1574 1422 68 20 12:20
1652 1422 55 20 dl12:
1718 1424 24 17 20
1753 1422 13 20 d

1042 1570 53 21 1936]
1118 1583 27 2 —
1157 1566 23 36 1
1181 1583 27 2 —|
1256 1571 12 20 21
1298 1571 54 20 5—
1406 1572 22 19 11
1508 1583 28 2 —
1576 1571 66 20 12:52
1677 1571 66 20 |12:60
1754 1571 13 20 d

1043 1660 53 20 1936]
1118 1672 28 2 —
1149 1656 26 34 |
1181 1672 28 2 —
1228 1660 41 20 1520]
1298 1660 12 20 5
1325 1672 13 2 —
1406 1661 25 19 12
1512 1660 24 20 61
1576 1660 31 20 |12:
1619 1662 24 17 52
1654 1660 54 20 dl12:
1719 1662 24 17 63
1754 1660 13 20 d

1042 1809 54 20 1936]
1118 1821 27 2 —
1156 1805 14 35 |
1176 1809 36 20 171]
1229 1809 39 20 126]
1298 1809 12 20 5
1324 1805 10 35 —
1405 1809 26 20 27
1500 1809 38 20 106
1576 1809 31 21 118:
1619 1811 24 17 29
1654 1809 54 20 d/18:
1719 1811 24 17 42
1754 1809 13 20 d

1230 1838 38 20 167

1224 1869 45 19 171-

1228 1898 40 20 519)
