1865 2361
1655 81 42 21 373

111 285 252 24 FÖRNÖDENHETER.

143 325 17 19 1.
177 325 40 20 Till
231 324 163 27 förlagskapital
407 325 33 19 för
452 324 66 27 inköp
530 331 27 13 av
571 325 173 23 förnödenheter,
758 331 28 13 m.
797 331 28 13 m.
839 325 86 20 anvisas
938 325 11 20 å
962 325 42 20 till-

112 355 107 25 läggsstat
232 354 19 20 II
262 355 27 19 20
297 354 41 20 000
347 354 41 20 000
398 354 32 20 kr.
441 354 34 26 (r).

140 385 19 19 2.
177 384 42 20 RD
232 384 127 26 godkänner
371 384 79 26 förslag
463 384 32 20 till
508 384 101 25 åtgärder
621 384 34 20 för
667 384 123 26 utjämning
802 390 28 14 av
843 384 161 27 marknadspri-

111 420 63 14 serna
183 414 11 19 å
204 414 57 20 vissa
270 414 174 23 förnödenheter;
453 414 40 19 och
502 414 87 20 anvisar
598 414 41 19 RD
648 413 32 21 till
689 414 164 26 förlagskapital
862 414 33 19 för
903 414 101 26 clearing-

111 444 79 19 kassan
202 444 33 19 för
244 444 107 19 fettvaror
360 443 11 21 å
383 443 130 26 tilläggsstat
526 443 19 20 II
555 443 41 20 500
605 443 40 20 000
654 443 32 20 kr.
697 443 34 26 (r).

142 485 17 19 1.
176 485 40 20 Till
230 485 164 26 förlagskapital
407 485 33 20 för
452 484 66 27 inköp
531 491 28 14 av
571 485 173 23 förnödenheter,
759 491 27 14 m.
797 491 28 14 m.
839 485 86 20 anvisas
938 485 11 20 å
963 485 42 20 till-

111 515 108 26 läggsstat
235 515 20 20 II
269 515 27 20 22
305 515 40 20 500
354 515 41 20 000
408 515 31 19 kr.
454 514 34 26 (r).

140 545 19 19 2.
177 545 42 19 RD
233 544 117 26 medgiver,
363 546 35 18 att
411 544 209 26 riksgäldskontoret
633 545 34 19 må
681 544 55 20 intill
750 545 110 25 utgången
873 551 27 13 av
914 545 91 26 budget-

111 575 47 18 året
173 574 90 26 1942/43
276 574 146 22 förskottsvis,
435 579 77 20 genom
526 574 168 20 överlämnande
707 580 28 14 av
748 574 194 20 statsskuldsbevis
955 575 49 19 med

110 604 56 19 form
178 604 40 20 och
231 603 118 21 förfallotid
362 603 113 21 bestämda
487 603 6 20 i
504 603 87 21 samråd
603 604 49 19 med
663 603 138 23 riksbanken,
815 603 41 20 iav
865 604 41 19 RD
916 604 89 26 tidigare

111 633 114 26 medgiven
245 633 134 26 omfattning
395 633 63 20 ställa
476 633 69 20 medel
559 633 32 20 till
604 633 126 26 förfogande
745 633 33 20 för
791 634 84 19 statens
890 634 115 19 reservför-

111 663 141 23 rådsnämnd,
267 664 35 19 att
317 663 113 20 användas
445 663 33 19 för
492 663 88 19 förvärv
595 663 48 20 från
655 663 131 20 riksbanken
801 669 28 14 av
843 663 33 20 för
885 663 120 20 nämndens

111 693 141 19 verksamhet
269 692 137 26 erforderliga
425 692 78 26 belopp
524 692 5 20 i
543 692 51 27 guld
611 692 39 20 och
665 692 93 23 valutor;
771 693 40 19 och
822 692 87 21 anvisar
920 693 41 20 RD
973 693 32 20 till

111 722 166 26 förlagskapital
289 722 33 20 för
333 722 66 26 inköp
411 728 27 14 av
450 722 176 23 förnödenheter,
638 728 29 14 m.
677 728 28 14 m.
718 722 27 20 42
754 722 40 20 500
803 722 41 20 000
859 722 31 20 kr.
907 722 34 26 (r).

139 752 19 19 3.
177 752 41 20 RD
233 752 84 20 lämnar
331 753 53 19 utan
398 752 92 22 erinran,
505 753 35 18 att
554 752 63 19 KM:t
631 753 55 18 även
701 752 6 19 i
721 751 170 26 fortsättningen
905 752 100 26 vidtager

111 782 102 26 åtgärder
226 782 33 19 för
272 781 124 26 utjämning
408 788 29 13 av
450 781 215 26 marknadspriserna
679 781 12 20 å
705 781 57 20 vissa
776 781 173 23 förnödenheter;
965 781 39 20 och

111 811 88 20 anvisar
211 811 41 20 RD
264 811 11 20 å
287 811 131 26 tilläggsstat
432 811 19 20 II
463 811 32 20 till
506 811 163 26 förlagskapital
681 811 33 20 för
729 811 173 26 clearingkassan
917 811 33 20 för
964 813 40 24 ägg

112 841 39 20 och
161 841 162 26 äggprodukter
331 840 41 21 500
380 841 41 19 000
430 841 31 19 kr.
471 841 28 25 (r)
508 842 58 18 samt
575 840 31 20 till
616 840 164 26 förlagskapital
790 841 32 19 för
831 841 172 25 clearingkassan

112 871 33 19 för
155 870 57 20 vissa
224 870 45 26 slag
279 876 28 14 av
318 870 41 20 fisk
370 870 41 20 300
419 870 41 20 000
471 870 31 19 kr.
514 870 34 25 (r).

144 912 15 19 1.
176 912 41 20 Till
232 911 164 27 förlagskapital
411 912 33 19 för
459 911 173 26 clearingkassan
647 912 33 19 för
695 913 34 18 ost
743 911 87 20 anvisas
845 912 11 19 å
872 911 133 27 tilläggsstat

112 941 41 21 300
162 941 41 20 000
219 941 31 20 kr.
270 941 34 26 (r).

141 972 19 19 2.
178 971 42 20 RD
234 971 116 26 medgiver,
364 972 35 18 att
412 970 210 27 riksgäldskontoret
634 971 35 19 må
682 970 56 20 intill
752 971 108 26 utgången
873 977 28 13 av
914 971 91 26 budget-

113 1001 47 20 året
175 1000 89 26 1943/44
278 1000 146 23 förskottsvis,
437 1005 78 21 genom
528 1000 169 20 överlämnande
709 1006 28 14 av
750 1000 193 20 statsskuldsbevis
955 1000 49 20 med

113 1031 55 20 form
180 1031 39 19 och
231 1030 118 20 förfallotid
360 1030 114 20 bestämda
485 1030 5 19 i
501 1030 87 20 samråd
598 1030 49 20 med
657 1030 139 23 riksbanken,
807 1030 6 19 i
823 1036 28 14 av
862 1030 41 20 RD
914 1030 91 26 tidigare

112 1060 115 27 medgiven
237 1060 133 26 omfattning
379 1060 62 20 ställa
451 1060 69 19 medel
530 1060 32 19 till
571 1060 126 26 förfogande
706 1060 33 20 för
747 1061 84 19 statens
840 1060 165 20 reservförråds-

113 1090 89 23 nämnd,
214 1091 35 19 att
259 1090 113 20 användas
384 1090 33 19 för
427 1090 89 19 förvärv
527 1090 47 19 från
586 1089 131 20 riksbanken
729 1095 28 14 av
768 1089 33 20 för
812 1090 120 20 nämndens
943 1090 62 19 verk-

112 1120 86 20 samhet
212 1119 137 26 erforderliga
364 1119 78 26 belopp
457 1119 6 20 i
477 1119 50 25 guld
543 1120 39 19 och
597 1119 93 23 valutor;
705 1119 39 20 och
759 1119 87 20 anvisar
860 1119 42 20 RD
916 1119 33 20 till
963 1119 42 20 för-

112 1149 129 27 lagskapital
254 1149 33 20 för
297 1149 66 26 inköp
374 1155 28 14 av
413 1149 174 23 förnödenheter,
607 1155 28 13 m.
646 1155 28 13 m.
686 1149 26 20 33
721 1149 41 20 000
770 1149 42 20 000
822 1149 31 19 kr.
866 1149 30 25 (i).

142 1192 17 19 1.
177 1191 41 20 RD
232 1190 117 27 medgiver,
363 1192 34 18 att
410 1190 211 26 riksgäldskontoret
633 1190 35 20 må
682 1190 55 20 intill
751 1191 108 25 utgången
873 1197 28 13 av
914 1191 91 26 budget-

112 1221 47 20 året
173 1220 90 26 1944/45
276 1220 146 23 förskottsvis,
436 1225 77 21 genom
527 1220 169 20 överlämnande
709 1226 28 14 av
750 1220 193 20 statsskuldsbevis
955 1220 49 20 med

112 1251 55 20 form
179 1250 39 20 och
229 1250 119 20 förfallotid
359 1250 114 20 bestämda
484 1250 6 19 i
500 1250 86 20 samråd
597 1250 50 20 med
657 1250 138 22 riksbanken,
807 1250 6 19 i
823 1256 28 14 av
862 1250 41 20 RD
914 1250 91 26 tidigare

112 1280 115 26 medgiven
243 1280 133 26 omfattning
391 1279 63 20 ställa
470 1279 69 20 medel
554 1279 32 20 till
602 1280 127 25 förfogande
744 1280 34 19 för
792 1281 84 18 statens
891 1280 114 20 reservför-

112 1310 140 22 rådsnämnd,
270 1311 35 18 att
321 1309 113 20 användas
452 1309 32 20 för
501 1309 87 20 förvärv
602 1309 47 20 från
661 1309 131 20 riksbanken
804 1315 28 14 av
844 1309 33 20 för
885 1309 120 20 nämndens

113 1339 140 21 verksamhet
270 1339 138 26 erforderliga
426 1339 78 26 belopp
521 1339 6 20 i
544 1339 51 26 guld
607 1339 39 19 och
659 1339 93 22 valutor;
768 1339 39 19 och
819 1339 88 20 anvisar
919 1339 41 20 RD
972 1338 33 21 till

113 1369 165 26 förlagskapital
293 1369 33 19 för
340 1368 66 27 inköp
421 1375 28 13 av
465 1368 167 20 förnödenheter
646 1374 29 14 m.
685 1374 28 14 m.
727 1369 26 19 60
762 1368 41 20 000
812 1368 41 20 000
864 1368 32 20 kr.
909 1368 32 26 (i).

141 1400 20 19 2.
177 1398 41 20 Till
232 1398 163 26 förlagskapital
409 1398 33 20 för
455 1398 66 26 inköp
534 1404 28 14 av
576 1398 167 20 förnödenheter
756 1404 28 13 m.
794 1404 28 14 m.
837 1398 87 20 anvisas
937 1398 12 20 å
963 1398 42 20 till-

113 1428 107 26 läggsstat
233 1428 20 20 II
265 1428 27 20 25
301 1428 41 20 000
350 1428 41 20 000
403 1428 31 19 kr.
447 1427 31 26 (i).

143 1470 41 19 RD
197 1469 118 26 medgiver,
329 1471 35 18 att
376 1469 209 26 riksgäldskontoret
597 1469 34 20 må
645 1469 55 20 intill
714 1469 108 26 utgången
835 1475 28 14 av
875 1469 130 26 budgetåret

115 1499 91 26 1945/46
217 1499 147 22 förskottsvis,
376 1504 77 21 genom
466 1499 168 20 överlämnande
645 1505 28 14 av
684 1499 193 20 statsskuldsbevis
888 1499 50 20 med
949 1499 54 19 form

113 1529 39 20 och
165 1528 120 21 förfallotid
297 1529 113 20 bestämda
423 1528 5 20 i
440 1529 87 19 samråd
539 1529 48 20 med
598 1528 138 23 riksbanken,
745 1528 6 20 i
759 1534 28 14 av
796 1528 40 20 RD
845 1528 91 27 tidigare
946 1529 60 19 med-

112 1559 64 26 given
195 1558 133 26 omfattning
341 1558 64 20 ställa
422 1558 70 20 medel
507 1558 32 20 till
554 1558 126 26 förfogande
696 1558 33 20 för
743 1560 84 18 statens
840 1558 166 21 reservförråds-

113 1589 89 22 nämnd,
218 1590 35 18 att
263 1588 113 20 användas
389 1588 33 20 för
432 1588 88 20 förvärv
531 1588 47 20 från
589 1588 131 20 riksbanken
731 1594 28 14 av
770 1588 33 20 för
814 1588 119 20 nämndens
944 1588 62 20 verk-

113 1618 86 20 samhet
213 1618 138 26 erforderliga
368 1618 78 26 belopp
463 1617 6 20 i
485 1618 51 26 guld
555 1618 39 19 och
607 1618 87 19 valutor
705 1619 58 18 samt
774 1618 88 20 anvisar
873 1618 32 20 till
918 1618 88 26 förlags-

113 1648 83 26 kapital
210 1648 33 20 för
255 1648 66 26 inköp
333 1654 28 13 av
374 1647 167 20 förnödenheter
550 1653 29 14 m.
590 1653 28 14 m.
631 1647 26 20 42
666 1647 41 20 000
716 1647 41 20 000
767 1647 31 20 kr.
811 1647 31 26 (i).

142 1678 26 20 Se
187 1678 40 19 ock
248 1678 163 19 Försvarsväsen
430 1677 70 26 (1946:
513 1679 17 21 4,
551 1677 59 20 1947:
624 1677 38 26 11),
684 1677 180 26 Interpellationer
882 1677 69 26 (1941:
964 1677 41 26 31),

117 1707 109 20 Traktater
240 1707 63 25 (1946
314 1707 27 20 H:
354 1707 26 26 7).

114 1745 188 24 FÖROLYCKAD
323 1744 117 24 MILITÄR
463 1748 153 24 PERSONAL;
637 1754 22 14 se
683 1748 178 26 Interpellationer
882 1748 70 26 (1946:
965 1748 40 26 20),

143 1778 161 27 Kroppsskada.

114 1815 318 25 FÖRORDNANDETJÄNST
442 1819 195 24 TILLSVIDARE;
649 1826 22 13 se
683 1819 125 26 Avlönings-
819 1819 36 20 och
866 1819 140 21 omkostnads-

145 1850 99 26 anslagen
254 1849 79 26 (1946),
346 1849 129 26 Riksdagens
485 1849 46 20 verk
541 1849 61 25 (d:0).

115 1887 189 24 FÖRORDNING.

144 1920 175 26 Användningen
329 1926 28 14 av
367 1921 106 19 termerna
483 1920 34 26 lag
526 1920 39 20 och
575 1920 131 26 förordning;
716 1926 21 13 se
750 1919 177 27 Interpellationer
936 1920 69 26 (1946:

117 1950 42 26 23).

115 1988 179 24 FÖRORENING
310 1997 28 14 av
354 1991 57 26 sjöar
427 1991 38 20 och
482 1991 138 26 vattendrag;
636 1997 22 14 se
676 1991 179 26 Interpellationer
870 1991 69 26 (1949:
954 1991 51 26 107).

115 2029 189 25 FÖRPASSNING
317 2033 38 20 UR
368 2033 97 24 RIKET;
478 2039 21 13 se
514 2032 179 27 Interpellationer
705 2033 63 26 (1945
778 2033 27 19 H:
824 2035 43 21 118,
884 2033 52 26 142).

115 2071 152 28 FÖRRÅDS-,
278 2075 129 20 HANGAR-
419 2075 53 20 OCH
483 2074 349 25 VERKSTADSBYGGNADER;
844 2081 21 13 sc
878 2074 129 27 Flygvapnet

145 2105 62 26 (1941
219 2105 28 20 H:
260 2105 26 26 5).

1160 171 90 16 Motioner
1309 167 78 28 Utskott
1438 183 45 8 värka
1552 172 93 16 Protokoll

1025 191 25 20 År
1047 187 20 32 |
1074 195 53 20 Prop.
1129 187 24 32 |
1235 207 29 2 öre
1330 208 3 1 ASS
1432 183 57 40 =
1531 208 12 1 28
1595 208 88 1 RE

1155 225 31 15 FK
1190 221 23 29 I
1218 225 33 16 AK
1274 225 84 16 |SmllAvd!
1383 225 26 16 Nr
1528 226 32 15 FK
1627 226 34 15 AK

1025 325 24 20 411
1093 326 26 20 921
1165 337 27 2 —I
1237 338 19 2 —I
1292 326 60 19 61—]
1390 326 27 20 901
1441 326 39 20 2041
1506 326 32 20 26:
1551 328 22 18 21
1579 321 23 34 |
1607 326 33 20 26:
1653 328 22 17 17

1035 391 8 13 »
1055 381 18 33 |
1082 385 34 20 191
1130 381 17 33 |
1151 385 38 20 2211
1216 385 40 20 2971
1292 385 12 19 61
1339 386 13 19 2
1404 385 77 20 31349
1480 381 18 34 1
1506 386 33 19 39:
1550 386 39 19 ö8dl
1607 385 33 20 41:
1651 386 39 19 63d

1025 486 81 20 KE
1165 498 27 2 FSL
1231 498 26 2 0)
1292 486 12 20 rg
1333 498 19 2 et
1391 486 91 20 Ara
1520 487 19 20 rg
1551 489 22 17 rs
1621 487 54 19 gate

1070 523 15 11 s.
1098 518 35 17 147

1035 552 8 12 »
1051 541 26 33 1
1083 545 37 20 1851
1165 557 27 2 —I
1231 558 26 1 —1I
1292 546 60 18 61—1]1
1391 546 26 20 991
1441 546 98 20 242118:
1551 548 23 17 46
1579 541 22 33 |
1610 546 30 20 18:
1651 548 24 17 77

1035 758 8 12 »
1080 752 40 20 [228]
1165 764 27 2 —I
1230 765 27 1 —]
1292 752 60 20 61—1
1358 748 5 34 1
1379 753 37 19 1391
1441 753 40 20 318]
1507 753 32 19 21:
1552 755 23 17 19
1604 752 35 20 121:
1652 754 23 18 42

1025 912 27 19 431
1093 913 13 18 2
1166 924 26 2 —|
1230 924 27 2 —)b
1292 912 60 19 61—]|
1391 913 26 19 221
1458 913 23 19 181
1520 913 40 19 5:4
1621 912 19 20 3:
1652 914 10 17 4

1070 949 15 11 s:
1097 944 37 17 176]
1378 949 15 11 s.
1405 944 10 17 5

1035 977 8 13 »
1096 971 7 20 1
1165 983 27 2 —I|
1234 984 23 1 —J]
1292 972 61 18 61—1]1
1379 971 38 20 1241
1441 972 98 20 258119:
1552 974 22 17 17
1609 971 31 20 119:
1652 973 24 17 56

1068 1001 35 20 K:
1115 1003 10 17 8

1079 1034 21 20 pt
1112 1033 7 17 1

1025 1190 28 20 441
1097 1191 6 19 1
1165 1202 27 2 —l|
1231 1203 26 2 —I
1292 1191 60 19 61/—1
1391 1191 25 20 731
1441 1191 98 20 227114:
1550 1194 24 17 35
1578 1186 23 35 |
1610 1190 30 21 14:
1652 1193 24 18 40

1077 1220 49 20 K:9

1080 1254 21 20 pt
1113 1252 7 17 1

1035 1404 8 12 »
1082 1398 38 20 [163]
1165 1410 27 2 —I
1231 1410 26 2 —I
1292 1398 60 19 61—1
1390 1398 171 20 901231115:6
1610 1398 66 20 15:19

1071 1435 14 11 s.
1098 1430 36 17 103

1025 1469 27 19 451
1096 1469 6 19 1
1166 1481 24 2 —I|
1231 1482 26 1 —I
1292 1469 61 19 61—i]
1379 1469 38 20 1101
1441 1469 41 20 2421
1506 1469 33 20 20:
1551 1472 23 17 42
1578 1465 22 34 |
1608 1469 32 20 20:
1652 1471 24 17 56

1077 1499 27 19 K:
1116 1501 10 16 9

1080 1532 20 20 pt
1112 1530 8 17 1
