1815 2347
762 152 223 17 SAKREGISTER

1636 153 39 20 139

89 441 168 26 Avskrivningar
271 441 37 20 och
323 441 114 27 eftergifter.

80 474 21 17 12
116 471 81 26 Avslag
213 471 12 20 å
238 471 84 20 motion
335 477 35 14 om
384 471 96 20 befrielse
493 471 33 20 för
537 471 56 20 förre
606 472 149 20 mästerlotsen
769 473 28 19 K.
811 473 57 20 Roos
881 473 47 20 från

130 501 150 26 skyldigheten
290 503 35 18 att
333 501 32 20 till
375 501 134 20 statsverket
518 501 115 20 inleverera
642 501 44 20 viss
695 502 232 27 lotsningsersättning.

79 564 22 16 13
118 561 41 19 RD
176 561 117 25 medgiver,
315 563 34 17 att
366 562 83 18 statens
465 561 40 19 den
523 561 26 19 30
564 561 47 26 juni
630 561 51 20 1933
698 562 122 20 beräknade
836 563 92 25 kapital-

131 590 39 20 och
192 590 152 20 räntefordran
362 591 38 19 hos
419 590 267 27 Uddevalla—Lelångens
702 591 226 28 järnvägsaktiebolag

132 620 26 26 på
177 620 69 26 grund
262 626 28 14 av
305 620 91 20 statslån
412 620 33 20 för
460 620 129 27 anläggning
604 627 28 13 av
646 621 118 26 järnvägen
780 621 148 21 Uddevalla—

131 649 107 27 Lelången
256 650 35 20 må
306 650 32 20 till
353 650 42 20 den
411 650 39 23 del,
466 650 125 20 densamma
606 651 116 26 överstiger
736 650 40 21 600
784 651 40 20 000
838 652 39 23 kr.,
892 658 37 14 av-

131 679 84 21 skrivas
230 681 57 18 samt
302 681 35 18 att
353 680 95 20 nämnda
465 680 63 26 bolag
543 681 35 19 må
594 680 33 20 för
641 686 52 20 egen
709 680 91 27 räkning
815 681 113 26 disponera

132 709 124 26 inteckning
274 710 48 19 med
341 710 63 19 bästa
422 710 143 20 förmånsrätt
583 710 5 19 i
607 710 65 26 sagda
690 710 93 26 järnväg
800 711 32 19 till
850 711 78 27 belopp

131 745 28 14 av
175 738 38 20 100
222 739 41 19 000
276 739 32 20 kr.
322 739 69 26 jämte
405 741 70 18 ränta.

80 802 23 16 14
118 798 42 20 RD
173 798 117 26 medgiver,
303 800 34 18 att
349 799 57 19 vissa
419 799 76 20 osäkra
508 799 121 26 fordringar
641 800 36 19 vid
691 800 142 19 riksbankens
845 800 84 20 huvud-

132 828 79 20 kontor
225 828 35 19 må
276 834 25 13 ur
315 828 175 26 räkenskaperna
505 829 119 20 avskrivas.

80 890 23 17 15
119 887 42 20 RD
178 887 117 26 medgiver,
313 889 34 18 att
364 890 84 18 statens
464 889 93 26 kapital-
574 889 39 20 och
630 889 151 20 räntefordran
799 889 38 20 hos
855 889 75 21 Halm-

132 917 181 20 stad—Bolmens
336 917 228 27 järnvägsaktiebolag
587 919 27 25 på
637 919 70 25 grund
730 925 28 14 av
781 919 92 20 statslån
896 919 34 21 för

132 947 131 26 anläggning
280 953 28 14 av
324 947 119 27 järnvägen
462 948 236 20 Halmstad—Bolmen
716 949 33 19 får
765 949 114 20 avskrivas
896 949 33 20 till

133 977 41 20 den
188 977 41 23 del,
244 977 125 20 densamma
384 978 119 26 överstiger
517 978 39 20 190
564 978 41 20 000
617 978 41 23 kr.,
673 978 68 20 under
754 978 78 21 villkor
845 980 35 19 att
892 979 37 20 bo-

133 1007 58 26 laget
204 1008 74 19 senast
293 1007 40 20 den
348 1007 27 20 30
389 1007 47 26 juni
452 1008 53 20 1933
520 1008 32 20 till
567 1008 209 26 riksgäldskontoret
790 1008 94 20 kontant
898 1009 31 20 in-

133 1035 84 21 betalar
230 1036 135 21 sistnämnda
381 1037 85 26 belopp.

95 1129 7 17 -

119 1126 42 20 RD
179 1126 117 26 medgiver,
313 1128 35 18 att
364 1126 125 21 chauffören
507 1128 25 19 A.
551 1128 25 20 R.
594 1128 123 20 Andersson
735 1128 34 20 må
787 1128 78 20 befrias
881 1128 48 20 från

133 1155 80 20 honom
223 1155 89 27 jämlikt
323 1156 161 21 Sunnervikens
495 1157 114 26 domsagas
620 1157 136 20 häradsrätts
768 1157 71 27 utslag
850 1157 41 21 den
905 1158 22 20 11

132 1185 47 26 juni
196 1185 52 20 1930
263 1185 112 27 åliggande
390 1186 124 27 skyldighet
528 1188 34 19 att
576 1187 33 20 till
624 1187 63 20 KM:t
702 1187 39 20 och
755 1188 84 19 kronan
854 1187 75 27 utgiva

133 1215 121 26 ersättning
271 1216 49 19 med
336 1215 59 21 1774
408 1216 32 20 kr.
455 1216 24 20 41
496 1218 35 19 öre
545 1218 58 19 samt
616 1218 34 19 att
663 1217 165 26 ifrågavarande
841 1217 88 20 fordran

134 1245 38 20 hos
185 1245 124 20 Andersson
324 1246 35 19 må
374 1252 25 14 ur
412 1248 84 18 statens
509 1246 127 27 järnvägars
650 1247 146 26 räkenskaper
809 1247 120 20 avskrivas.

94 1307 10 17 [

119 1305 43 19 RD
176 1304 117 26 medgiver,
308 1306 35 19 att
357 1305 168 21 stationskarlen
540 1306 36 20 vid
591 1308 83 19 statens
687 1306 117 27 järnvägar
818 1306 20 20 J.
853 1306 25 20 A.
893 1307 37 20 Jo-

132 1334 94 20 hansson
235 1334 36 20 må
280 1334 80 21 befrias
368 1335 48 20 från
426 1336 41 19 den
476 1336 257 26 ersättningsskyldighet
740 1336 33 20 till
782 1337 83 19 statens
873 1336 58 26 järn-

132 1365 74 25 vägar,
221 1370 47 14 som
282 1364 69 20 åvilar
365 1364 80 21 honom
460 1365 28 26 på
502 1365 70 27 grund
586 1372 29 14 av
629 1372 26 14 en
670 1366 40 20 den
727 1366 25 20 18
766 1372 50 14 nov.
832 1365 54 21 1930
899 1366 32 20 in-

133 1393 81 21 träffad
225 1393 190 27 kollisionsolycka
425 1395 7 20 i
443 1395 109 27 Göteborg
562 1397 58 19 samt
629 1397 35 19 att
673 1397 83 19 statens
765 1396 128 26 järnvägars
903 1402 28 14 av

133 1423 96 21 nämnda
242 1424 117 26 anledning
372 1425 126 26 uppkomna
512 1425 88 21 fordran
614 1426 38 20 hos
666 1426 122 20 Johansson
801 1426 36 19 må
850 1432 25 13 ur
888 1427 43 19 sta-

133 1455 48 18 tens
195 1453 128 27 järnvägars
337 1454 146 27 räkenskapet
497 1455 120 20 avskrivas.

93 1516 11 17 3
120 1513 42 20 RD
174 1513 118 26 medgiver,
304 1515 35 19 att
350 1514 28 20 K.
392 1514 20 20 S.
425 1514 28 21 H.
465 1515 80 20 Hartin
557 1521 35 14 må
604 1515 79 21 befrias
694 1516 48 20 från
754 1516 79 20 honom
844 1515 88 26 jämlikt

134 1543 67 20 Södra
221 1543 91 26 Roslags
331 1543 114 27 domsagas
464 1545 136 20 häradsrätts
618 1545 71 26 utslag
708 1545 41 20 den
769 1545 25 20 18
813 1545 45 20 okt.
878 1545 53 21 1932

134 1572 113 27 åliggande
271 1573 125 27 skyldighet
420 1576 35 18 att
475 1574 33 20 till
528 1575 83 20 kronan
633 1575 75 26 utgiva
729 1575 132 20 skadestånd
882 1575 49 20 med

135 1602 39 21 750
182 1603 33 20 kr.
227 1603 39 20 och
275 1603 121 27 ersättning
404 1604 34 20 för
446 1605 244 26 rättegångskostnader
698 1605 49 20 med
756 1605 27 20 20
790 1605 32 20 kr.
832 1607 57 18 samt
897 1607 35 19 att

134 1632 165 26 ifrågavarande
314 1633 78 26 belopp
407 1634 35 20 må
458 1640 25 14 ur
495 1634 147 26 vederbörliga
655 1635 145 26 räkenskaper
811 1635 119 20 avskrivas.

95 1694 10 17 ”-

120 1692 43 20 RD
182 1691 117 27 medgiver,
318 1694 35 18 att
371 1693 41 19 den
430 1693 210 26 generaldirektören
659 1694 23 20 F.
701 1694 25 20 V.
746 1695 107 23 Hansens,
871 1694 61 21 kabi-

134 1722 237 20 nettskammarherren
386 1722 26 20 A.
428 1723 120 20 Herlenius”
565 1723 39 20 och
619 1723 121 27 professorn
755 1724 22 20 C.
793 1724 20 20 J.
828 1724 104 26 Magnells

134 1751 148 20 efterlevande
294 1753 58 19 samt
364 1752 46 20 vice
423 1752 203 27 häradshövdingen
639 1753 25 20 E.
678 1753 24 20 O.
715 1753 92 27 Hagelin
819 1753 113 27 åliggande

134 1781 323 27 återbetalningsskyldigheten
479 1782 137 21 beträffande
637 1783 64 23 vissa,
723 1783 33 20 till
776 1783 155 21 lantbrukaren

134 1810 24 20 P.
178 1810 28 21 H.
226 1811 97 26 Sjöblom
341 1811 71 20 såsom
431 1812 97 20 ledamot
545 1818 28 14 av
591 1813 233 26 vattenfallsstyrelsen
843 1813 90 27 oriktigt

134 1840 114 21 utbetalda
265 1841 161 27 dyrtidstillägg
442 1848 35 14 om
492 1842 91 26 tillhopa
599 1843 12 19 3
621 1842 37 21 951
676 1843 32 20 kr.
725 1842 27 21 54
767 1845 35 18 öre
818 1843 34 20 må
869 1843 64 20 efter-

134 1870 102 20 skänkas.

83 1939 28 6 co

121 1929 42 21 RD
176 1930 118 26 medgiver,
308 1932 35 19 att
355 1931 64 20 KM:t
431 1932 35 19 må
480 1933 39 24 äga
533 1932 84 20 besluta
631 1938 34 14 om
679 1932 140 27 avskrivning
832 1933 33 20 till
877 1939 56 14 sam-

134 1960 98 26 manlagt
249 1960 77 27 belopp
344 1967 28 14 av
388 1961 89 21 218855
494 1962 32 19 kr.
543 1961 26 21 86
587 1963 35 19 öre
639 1968 28 14 av
682 1962 95 20 kronans
793 1963 140 26 fordringar
913 1956 25 37 i

134 1989 139 21 flottlederna
282 1990 179 27 Tjeujerbäcken,
469 1991 204 26 Esmejaurbäcken,
683 1992 113 20 Maskanån
809 1993 39 20 och
857 1993 76 20 Bleck-

135 2019 27 20 ån
177 2021 59 19 samt
249 2019 98 27 följande
362 2020 100 21 bivatten
477 2021 32 20 till
525 2021 56 20 Ume
596 2022 36 20 älv
646 2022 108 26 nämligen
769 2019 163 29 Ängesbäcken,

136 2049 160 24 Sörlidbäcken,
312 2050 151 21 Joranbäcken
479 2051 39 20 och
533 2051 95 21 Juktåns
642 2051 32 21 5:e
689 2052 95 20 distrikt.

956 309 25 20 År

1222 231 96 16 Utskotts-

1210 260 118 20 utlåtanden,

1194 290 94 17 memorial
1302 291 43 16 eller

1204 320 133 17 betänkanden

1516 249 115 17 Kamrarnas

1503 279 140 21 förhandlingar

1529 309 87 20 (prot.nr)

1185 374 16 50 Saml

1227 373 16 51 Avd.

1267 386 90 17 Nummer

1488 375 65 17 Första
1560 371 24 30 |
1591 375 65 17 Andra

1487 399 69 16 kamm.
1556 395 27 30 |
1587 400 71 16 kamm.

946 474 53 20 1933

946 564 53 20 1933

947 802 53 20 1933]
1024 814 5 2 —

947 891 53 20 1933

947 1129 54 20 1934

949 1308 53 20 1934

949 1516 54 21 1934]
1027 1532 5 5 =

949 1694 54 21 1934

951 1932 53 21 1934]

1134 475 38 21 125

1029 1934 12 20 Da

1043 1934 12 20 -

1193 475 12 20 &S

1236 476 9 19 -

1307 476 23 20 61

1193 565 52 20 6111
1297 566 36 19 1103

1194 892 51 20 GIT:
1297 894 38 20 H9

1185 1934 26 20 10
1214 1930 19 36 |
1232 1930 28 36 —I
1326 1935 12 20 8

1476 477 67 20 32:31
1576 477 33 20 135:
1621 479 23 18 12
1656 477 13 20 d

1476 567 33 19 39:
1521 568 24 17 59
1576 567 34 20 142:
1623 569 36 17 117

1477 804 33 20 39:
1521 806 24 17 95
1577 805 33 20 143:
1622 806 24 18 53

1477 893 33 20 41:
1522 895 23 17 87
1556 893 54 21 d|44:
1623 896 24 17 74
1657 893 14 21 dl

1481 1519 53 20 10:3
1581 1520 32 20 110:
1624 1521 24 18 25

1481 1697 32 20 10:
1524 1699 11 17 8
1583 1698 31 20 10:
1625 1700 25 17 29

1482 1935 32 20 10:
1526 1937 24 18 20
1584 1935 31 21 110:
1626 1937 25 18 39
