1819 2350
758 159 222 18 SAKREGISTER

76 481 24 18 43

77 659 24 18 44

77 926 24 18 45

78 1223 25 19 46

78 1402 24 18 47

85 1886 28 6 sc

86 449 86 20 Armén.

115 479 42 20 RD
170 479 118 26 medgiver,
301 480 35 19 att
347 479 34 20 för
392 479 149 27 förstärkning
552 486 28 14 av
593 480 38 20 det
642 480 69 20 under
722 480 32 20 4:e
767 480 40 20 HT
820 481 106 26 uppförda

128 509 245 26 reservationsanslaget
387 509 33 20 till
435 509 58 20 vissa
509 510 89 20 arbeten
614 510 13 20 å
642 510 235 26 mobiliseringsverket
891 511 36 20 må

129 538 32 20 till
178 539 95 20 nämnda
289 539 76 26 anslag
379 539 48 20 från
444 539 38 20 det
496 539 33 20 för
545 539 130 26 budgetåret
691 540 117 26 1936/1937
824 540 103 21 anvisade

129 568 190 26 förslagsanslaget
333 569 32 19 till
379 569 140 20 oförutsedda
534 569 90 26 utgifter
637 570 110 20 överföras
761 571 33 19 ett
807 570 78 26 belopp
899 576 28 14 av

129 597 24 21 21
162 597 41 20 000
215 598 31 20 kr.

116 657 42 20 RD
176 657 118 26 medgiver,
312 659 34 19 att
363 658 110 26 kaptenen
491 658 36 20 vid
545 658 163 26 generalstaben
727 659 26 20 N.
772 659 25 20 E.
815 659 111 27 Bouveng,

130 686 123 27 löjtnanten
269 687 37 20 vid
323 687 122 21 Bohusläns
462 689 121 25 regemente
599 688 25 20 A.
641 688 33 20 W.
691 688 114 21 Thorburn
822 689 40 20 och
877 689 51 26 löjt-

131 718 81 18 nanten
226 717 37 19 vid
278 717 130 26 Karlsborgs
422 717 212 27 artilleriregemente
649 718 25 20 G.
688 718 26 20 V.
730 718 100 20 Heiäman
845 719 35 19 må
894 719 34 20 för

131 746 151 27 uppflyttning
298 747 6 19 i
320 747 106 20 löneklass
442 747 68 26 enligt
524 747 146 27 vederbörligt
685 748 242 26 avlöningsreglemente

130 776 171 26 tillgodoräknas
317 777 41 23 tid,
375 777 109 19 varunder
501 777 26 20 de
544 777 93 26 åtnjutit
653 777 166 27 tjänstledighet
835 778 47 20 från
899 784 29 14 av

131 805 49 20 dem
195 805 46 21 före
257 806 40 20 den
314 806 12 20 8
343 807 44 19 okt.
406 806 52 20 1935
474 806 123 21 innehavda
613 807 154 26 beställningar
782 808 37 19 vid
835 809 92 19 svenska

130 835 149 26 krigsmakten
296 836 34 20 för
347 836 134 26 fullgörande
499 842 28 14 av
544 836 147 27 tjänstgöring
707 837 37 20 vid
762 837 106 26 etiopiska
886 838 42 20 för-

130 865 173 20 svarsväsendet.

117 924 42 20 RD
172 924 118 26 medgiver,
303 926 35 19 att
350 926 45 19 rätt
407 925 32 20 till
452 926 121 25 ersättning
585 926 33 19 för
630 926 105 26 flyttning
747 926 48 20 från
808 926 74 20 Boden
895 927 32 20 till

131 960 72 14 annan
216 956 35 18 ort
263 954 58 20 inom
333 955 58 20 riket
402 955 35 20 må
450 955 74 20 kunna
536 955 122 20 tillkomma
670 967 28 2 —
709 956 96 20 förutom
818 956 107 21 officerare

131 983 40 21 och
184 984 180 20 underofficerare
375 984 69 26 jämte
456 985 122 20 vederlikar
588 985 38 20 vid
638 985 6 20 i
656 985 75 20 Boden
743 986 97 26 förlagda
852 987 75 26 trupp-

131 1013 100 24 förband,
242 1014 73 20 staber
325 1014 39 20 och
374 1014 106 20 anstalter
489 1015 50 20 eller
548 1015 147 20 efterlevande
705 1015 222 26 familjemedlemmar

131 1043 33 20 till
181 1043 81 20 sådana
280 1044 223 26 beställningshavare
519 1056 28 2 —
562 1044 82 26 jämväl
661 1045 131 20 innehavare
809 1051 28 14 av
854 1046 12 20 å
883 1047 45 19 stat

131 1074 111 25 upptagen
264 1074 217 26 arvodesbefattning
501 1074 37 20 vid
560 1080 83 15 samma
665 1075 168 26 truppförband,
856 1076 73 20 staber

131 1102 51 21 eller
197 1103 112 24 anstalter,
325 1103 73 21 vilken
414 1104 56 20 efter
484 1105 35 19 att
534 1104 6 20 i
556 1104 68 20 minst
638 1104 43 20 fem
697 1105 24 20 år
736 1105 56 20 hava
808 1105 121 26 uppehållit

131 1132 151 27 befattningen
292 1133 67 27 avgår
367 1133 48 20 från
426 1133 133 24 densamma,
569 1136 103 18 ävensom
681 1134 147 21 efterlevande
837 1135 92 26 familje-

131 1162 142 21 medlemmar
287 1163 32 20 till
335 1163 86 20 avliden
437 1163 130 20 innehavare
582 1170 29 14 av
626 1164 60 26 dylik
701 1164 130 27 befattning.

117 1221 43 20 RD
177 1222 117 26 medgiver,
311 1224 35 18 att
361 1223 119 26 personligt
495 1223 167 27 arvodestillägg
678 1224 35 19 må
728 1224 26 20 fr.
765 1230 18 14 o.
793 1230 29 14 m.
838 1224 91 27 budget-

132 1251 47 20 året
200 1251 117 26 1937/1938
337 1252 90 20 beredas
446 1253 232 26 rullföringsbiträden,
697 1253 59 20 vilka
776 1254 46 20 icke
842 1254 86 26 åtnjuta

131 1281 155 26 statspension,
303 1283 58 19 samt
377 1284 34 18 att
427 1282 68 20 härav
511 1283 126 20 föranledda
649 1283 117 20 kostnader
776 1284 36 20 må
823 1284 106 20 bestridas

131 1316 29 14 av
172 1311 166 20 lantförsvarets
351 1312 75 26 anslag
438 1312 33 20 till
483 1312 103 27 avlöning
598 1313 33 20 till
643 1313 99 26 personal
754 1313 37 20 vid
804 1314 73 20 staber
889 1314 39 20 och

131 1340 160 27 truppförband
305 1347 28 14 m.
344 1341 22 20 fl.

117 1400 43 20 RD
174 1400 73 20 avslår
261 1400 107 20 motioner
382 1406 49 21 ang.
446 1401 122 21 beredande
581 1408 29 14 av
622 1402 136 20 förbättrade
773 1402 157 21 löneförmåner

131 1430 25 19 åt
170 1430 58 20 vissa
244 1430 128 26 konstaplar
387 1431 37 20 vid
440 1431 189 26 fästningspolisen
645 1432 6 19 i
666 1432 82 20 Boden.

118 1488 42 21 RD
179 1488 117 27 medgiver,
316 1491 35 19 att
368 1490 35 20 för
420 1490 116 20 utförande
554 1497 28 14 av
601 1491 56 20 vissa
676 1491 202 27 byggnadsarbeten
896 1492 35 20 för

132 1518 214 27 signalregementets
363 1520 136 26 förläggning
516 1521 12 19 å
546 1521 54 20 Lilla
617 1521 112 20 Frösunda
747 1522 35 20 må
799 1521 48 21 från
865 1522 41 20 den
923 1523 6 20 i

132 1549 171 20 statskontorets
323 1550 147 26 räkenskaper
490 1550 109 27 upplagda
620 1551 229 21 diversemedelstiteln
870 1552 60 20 »För-

132 1578 176 27 säljningsmedel
328 1579 48 20 från
396 1581 82 19 tomter
498 1580 11 20 å
530 1580 203 27 Ladugårdsgärde»
753 1581 124 26 disponeras
897 1584 33 19 ett

133 1608 78 27 belopp
224 1615 29 14 av
265 1609 65 26 högst
344 1609 39 20 165
392 1609 41 20 000
445 1610 32 19 kr.

118 1697 41 20 Till
171 1698 268 27 munderingsutrustning
452 1700 87 19 anvisas
552 1701 12 18 å
579 1700 131 26 tilläggsstat
722 1700 33 20 till
767 1701 117 20 riksstaten
898 1703 33 19 ett

133 1727 74 26 anslag
220 1734 28 13 av
262 1728 41 20 330
311 1728 41 20 000
365 1729 32 19 kr.
412 1728 34 26 (r).

118 1786 41 21 Till
175 1787 44 20 viss
238 1787 239 27 materielanskaffning
493 1789 83 26 (anslag
592 1795 25 14 nr
632 1790 21 24 2)
670 1790 86 20 anvisas
772 1791 12 19 å
800 1790 132 26 tilläggsstat

132 1818 34 18 ett
180 1817 74 26 anslag
269 1823 28 14 av
312 1817 40 20 500
360 1817 41 21 000
415 1818 32 20 kr.
464 1818 33 25 (r).

119 1875 42 20 RD
178 1876 117 26 medgiver,
312 1878 35 18 att
362 1877 34 20 för
412 1878 107 19 täckande
535 1884 28 14 av
578 1879 140 20 förskottsvis
734 1879 126 20 utbetalade
876 1886 55 14 mer-

133 1905 118 21 kostnader
266 1906 34 20 för
316 1906 57 21 vissa
391 1907 202 26 byggnadsarbeten
610 1908 34 20 för
659 1909 213 26 signalregementets
888 1910 43 20 för-

133 1935 101 27 läggning
249 1936 12 20 å
277 1936 54 20 Lilla
347 1936 112 21 Frösunda
475 1938 35 19 må
527 1938 46 20 från
590 1938 41 20 den
647 1938 6 20 i
669 1939 169 20 statskontorets
854 1940 76 19 räken-

132 1965 79 26 skaper
237 1966 109 26 upplagda
373 1966 229 22 diversemedelstiteln
629 1968 227 26 »Försäljningsmedel
881 1969 48 21 från

133 1996 81 19 tomter
227 1995 12 20 å
254 1995 203 27 Ladugårdsgärde»
470 1997 32 20 till
517 1997 37 20 det
568 1997 68 20 under
649 1997 32 21 4:e
696 1998 46 24 HT,
757 1998 171 25 Lantförsvaret,

132 2024 35 21 för
184 2024 131 27 budgetåret
333 2025 117 27 1937/1938
469 2027 106 26 uppförda
594 2028 98 26 anslaget
709 2028 33 20 till
760 2030 61 18 extra
840 2029 90 26 utgifter

133 2054 110 21 överföras
256 2056 33 20 ett
303 2055 78 27 belopp
394 2062 29 14 av
436 2056 26 20 40
471 2056 41 20 000
525 2057 31 20 kr.

74 2109 25 15 12.
114 2108 115 21 Sakregister.
248 2110 13 15 I.

1647 160 26 20 89

1210 232 106 31 Utskotts-
1389 237 54 16 Riks-
1625 260 2 3 ;

995 258 66 34 Kungl.
1115 285 3 3 å
1209 261 116 32 utlåtanden,
1381 261 69 32 dagens
1510 251 118 42 Frangenar

1009 292 53 18 Maj:ts)
1074 285 91 16 Motioner
1191 297 95 16 emörtal
1300 297 42 16 eller
1393 297 44 16 skid
1500 285 141 21 förhandlingar

954 317 26 19 År
1008 326 51 14 |prop:r
1203 327 132 16 betänkanden
1386 327 59 17 velser
1527 315 87 21 (NERE

1006 348 46 27 eller
1454 363 7 2 -

1008 382 55 14 Skrivit
1076 392 33 16 gg
1127 393 35 16 AK
1183 381 16 37 5
1225 380 16 50 E
1265 394 91 16 Nummer]
1373 393 90 16 Nummer
1485 382 67 39 RA
1586 377 67 48 sarg

1183 419 16 11 3
1551 417 3 4 ä
1652 418 3 3 é

1570 446 2 22 I

945 480 53 21 1937]
1017 481 38 20 116]
1084 493 28 3 —
1112 476 14 36 |
1138 494 23 2 —1I
1192 482 12 19 6
1276 483 25 20 79
1368 482 40 21 200
1474 482 69 20 25:24
1555 478 27 35 |
1589 483 33 20 24:
1633 484 23 18 51

1570 533 1 11 I

946 659 53 21 1937)
1017 659 39 21 117
1084 672 37 28 5
1138 672 27 2 SS
1192 661 62 19 6!/—'
1275 661 24 20 81
1368 661 38 21 201
1475 661 26 20 25:
1519 663 24 17 24
1570 664 2 21 |
1589 662 68 20 24:51

1571 688 1 22 |

1258 900 1 17 I

946 927 53 20 1937]
1018 928 38 20 118
1060 923 18 35 |
1085 939 27 2 —
1112 923 14 35 |
1138 940 28 2 —I
1193 929 12 19 6
1206 923 23 35 |
1228 929 74 19 —|104
1369 929 40 20 248
1476 929 68 20 28:56
1554 925 27 34 |
1590 930 69 20 27:83

1573 1129 1 13 I

1573 1151 1 20 |

947 1225 53 21 1937]
1017 1226 41 20 250
1062 1221 19 36 |
1086 1238 27 2 —
1114 1221 23 36 |
1139 1238 28 2 —|
1194 1227 12 19 6
1210 1221 19 36 |
1229 1227 74 20 —l109
1370 1227 38 20 251
1477 1228 68 20 28:56
1553 1224 28 35 |
1591 1229 69 20 27:83

1573 1333 1 9 I

947 1404 54 20 1937]
1024 1416 28 2 —
1055 1400 23 36 |
1093 1405 26 20 26)
1147 1405 26 21 27
1194 1405 13 20 6
1229 1406 75 20 |—)137
1412 1418 27 2 —
1462 1402 48 35 131:
1521 1408 25 18 39
1557 1402 26 35 d]
1592 1407 33 20 31:
1636 1409 24 18 46

948 1493 53 20 19371
1018 1493 40 21 303
1063 1489 19 36 |
1089 1506 25 2 —
1112 1489 15 36 |
1140 1506 28 3 —I
1194 1495 13 20 6
1211 1489 19 36 |
1229 1495 74 20 —1I167
1370 1495 38 20 391
1477 1492 33 34 38:
1522 1497 10 17 5
1592 1496 55 20 37:
1629 1492 14 35 4

1574 1578 1 11 I

1574 1592 1 16 I

1574 1618 1 32 |

948 1702 53 20 1938]
1032 1703 12 19 8
1061 1698 27 36 |
1087 1715 27 2 —
1119 1698 14 36 |
1141 1715 27 2 —|
1195 1704 62 19 61—]
1280 1704 24 20 16
1319 1706 29 18 s.11
1387 1704 24 20 18.
1425 1706 32 18 s.6
1466 1698 18 36 |
1491 1705 41 19 8:
1513 1698 19 36 7
1606 1705 42 20 8:9

1015 1738 14 11 s.
1040 1733 20 16 15

1123 1779 1 3 I
1574 1763 1 21 |

948 1787 220 34 193881
1195 1793 13 20 01
1280 1793 70 20 1018:2-]
1387 1794 25 19 18
1412 1794 120 20 16.71.8594
1539 1780 24 46 iv
1574 1786 1 30 |,
1606 1795 42 19 810

1015 1823 45 15 8.A7
1574 1821 2 9 I

948 1880 53 20 1938)
1028 1881 24 19 14
1061 1867 24 46 |
1088 1893 27 2 —|
1141 1894 27 2 —I
1196 1883 12 19 6
1231 1895 27 2 |—1
1278 1883 27 19 39
1385 1882 27 20 65
1432 1869 24 46 —
1481 1883 66 20 |4:24
1574 1873 2 38 |
1585 1873 77 38 14:28

1575 1912 1 9 I

1575 1924 1 11 I

1575 1941 1 23 |

1575 1974 1 23 |

1259 2025 2 10 I
1575 2009 1 25 |
