1834 2366
172 153 40 20 112
863 154 223 17 SAKREGISTER

1309 228 109 30 Utskotts-
1492 232 54 17 Riks-

1108 251 55 32 Kungl.
1190 251 27 48 Su
1312 262 116 19 utlåtanden,
1485 253 69 34 dagens
1694 251 27 45 RE

1111 287 52 18 Maj:ts]
1196 281 72 15 Motioner]
1294 292 95 16 memorial
1402 292 44 16 eller
1450 277 26 39 |
1495 292 46 16 skri-
1626 281 51 45 ES
1691 284 52 17 ARSA

1056 312 26 20 År
1110 321 51 14 Iprop:r
1305 322 132 16 betänkanden
1441 313 31 35 |
1488 322 60 16 velser
1629 310 88 21 (protinr)

1118 347 36 14 eller

1102 371 54 29 skriver
1285 369 16 32 é
1327 383 58 13 SF
1588 376 66 17 Första
1660 372 24 30 |
1691 376 65 16 Andra

1178 387 33 17 FK
1229 388 36 16 IAK
1286 403 16 23 ä
1328 395 15 30 Z
1368 388 90 16 Nummer|
1475 388 91 16 Nummer
1587 400 70 16 fönm..
1689 400 69 16 kamin

190 445 197 21 ARVFURSTENS
401 446 115 25 PALATS;
530 452 23 14 se
568 446 130 26 Byggnader,
712 447 96 19 kronans
822 446 69 26 (1937:
904 447 26 25 2).

189 572 312 26 ARVODESFÖRHÖJNING.

217 607 43 20 RD
270 607 42 21 dels
322 608 96 20 beslutar
427 608 96 20 ändrade
533 608 94 26 grunder
636 613 48 21 ang.
695 608 222 26 avlöningsförmåner
926 608 34 20 för
969 608 57 20 vissa
1031 603 14 35 |
1045 608 50 20 1931]
1122 608 27 20 97

231 644 17 14 e.
259 643 18 14 o.
291 638 144 20 ämneslärare
447 638 37 20 vid
497 638 65 26 högre
574 638 238 23 lärarinneseminariet,
825 638 91 20 allmänt
927 638 99 20 läroverk

231 667 50 20 eller
294 669 84 19 statens
392 668 238 23 folkskoleseminarier,
644 669 35 19 att
692 668 56 26 gälla
761 668 27 20 fr.
798 674 19 14 o.
826 673 29 15 m.
870 667 79 21 läsåret
965 667 61 26 1931/

232 697 53 21 1932
300 699 17 19 t.
328 703 19 15 o.
356 703 29 15 m.
402 697 80 21 läsåret
500 697 123 27 1934/1935,
640 698 43 20 dels
699 697 36 21 ock
750 698 88 20 anvisar
853 697 69 21 under
937 697 32 20 8:e
986 697 41 20 HT
1219 714 2 4 |

231 727 32 20 till
285 727 217 27 arvodesförhöjning
523 727 25 20 åt
568 727 7 20 i
597 728 38 20 det
655 727 129 27 föregående
806 727 95 20 nämnda
922 727 103 20 icke-ord.
1219 730 2 20 I

230 757 69 20 lärare
320 757 35 20 för
377 757 130 26 budgetåret
530 757 118 24 1931/1932
670 759 34 18 ett
726 759 61 18 extra
810 757 166 26 förslagsanslag
998 763 28 13 av

231 786 26 21 95
265 786 42 21 000
320 787 32 20 kr.

1220 488 2 12 I

189 511 117 25 ARVIKA;
319 518 23 14 se
354 512 136 20 Musikskola
503 512 163 26 (1931—1940),
678 512 117 20 Postverket
808 512 70 26 (1932:
890 512 26 26 6).

1184 620 27 2 —I
1237 620 28 2 —]
1292 609 12 20 6]
1336 609 64 20 11.51
1416 609 93 20 s.111128
1523 611 31 17 8.7
1560 605 22 34 I
1589 609 54 21 23:
1628 605 9 34 1
1656 609 12 20 dl
1688 609 33 20 23:
1733 611 24 17 78

1220 656 1 12 I

1220 670 1 26 |

217 853 43 20 RD
279 853 118 26 medgiver,
417 854 35 19 att
470 853 217 26 arvodesförhöjning
706 853 34 20 för
758 853 57 20 vissa
835 859 47 14 e.o.
902 853 68 20 lärare
989 852 109 20 vid|1937|
1114 853 38 19 271
1158 848 18 36 |
1183 865 27 2 —
1209 848 19 36 |
1237 864 27 2 —I
1292 854 12 19 6
1364 853 37 20 189
1415 853 94 20 s.140/469
1524 855 45 18 s.36]
1590 853 34 20 40:
1635 855 24 17 36
1659 849 22 34 |
1688 853 33 20 40:
1733 854 24 18 35

232 883 64 25 högre
313 882 238 25 lärarinneseminariet,
569 883 92 20 allmänt
676 883 100 20 läroverk
793 882 50 21 eller
858 882 169 21 folkskolesemi-
1105 884 22 19 pt
1141 883 21 16 10
1361 884 21 20 pt
1391 883 21 16 10
1470 884 21 19 pt
1499 883 21 16 10

231 912 85 20 narium
331 913 35 19 må
381 913 55 20 efter
451 919 29 13 nu
495 913 98 26 gällande
608 913 94 26 grunder
716 913 52 26 utgå
783 914 16 19 t.
810 919 18 13 o.
838 918 29 14 m.
883 912 41 20 den
940 912 23 20 31
981 912 44 20 dec.

232 937 59 36 1937.
1315 951 2 9 |
1673 951 1 6 |

259 979 22 16 Se
295 979 34 16 ock
343 976 136 19 Ämnesliärare.

190 1038 297 24 ARVODESREGLERING,

218 1067 42 20 RD
274 1067 111 26 medgiver
398 1067 49 20 med
460 1067 160 27 godkännande
633 1073 28 14 av
675 1068 25 19 de
714 1068 6 19 i
734 1067 239 26 statsrådsprotokollet
986 1067 40 20 den
1045 1066 54 20 |1940|
1123 1067 26 20 65
1238 1079 28 3 —[
1288 1069 22 19 11]
1335 1067 12 20 2
1347 1063 19 35 |
1376 1067 27 20 62
1483 1068 26 19 87
1591 1067 33 20 20:
1635 1070 10 16 6

234 1097 7 19 1
254 1103 50 14 nov.
316 1097 53 20 1940
378 1097 114 20 förordade
502 1097 135 26 principerna
647 1097 33 20 för
689 1097 203 27 arvodesreglering,
902 1098 35 19 att
946 1103 29 14 av
984 1097 42 19 RD|
1061 1096 19 20 U
1221 1098 1 13 |
1316 1108 1 4 I

232 1127 147 20 maximerade
393 1127 167 26 anslagsposter,
575 1127 49 20 från
639 1127 59 20 vilka
714 1127 6 19 i
736 1126 240 27 statsrådsprotokollet
990 1132 37 14 av-
1221 1148 1 6 |

232 1156 65 20 sedda
310 1157 96 19 arvoden
418 1157 115 23 bestridas,
545 1157 36 20 må
593 1157 136 20 överskridas
741 1157 7 19 i
760 1157 41 19 den
813 1157 51 19 mån
876 1156 79 20 sådant
967 1158 60 18 över-
1221 1162 1 34 |

231 1186 117 20 skridande
364 1192 28 14 av
409 1186 63 20 KM:t
488 1188 79 25 prövas
583 1186 136 26 erforderligt
733 1186 34 20 för
782 1186 143 26 regleringens
940 1191 87 21 genom-

232 1216 97 24 förande;
347 1216 39 20 och
403 1216 142 26 bemyndigar
561 1216 42 20 RD
621 1216 64 20 KM:t
700 1217 35 19 att
750 1216 98 20 meddela
865 1216 163 20 bestämmelser
1221 1200 1 39 |

232 1251 48 21 ang.
304 1246 223 26 avlöningsförmåner
548 1246 34 20 till
604 1246 215 26 befattningshavare
842 1246 38 19 vid
903 1245 125 20 verkstads-
1221 1248 2 24 |

1221 1342 1 16 I

1221 1360 2 31 |

1689 1068 69 20 21:18

232 1276 71 20 skolor
320 1276 33 20 för
370 1276 43 20 viss
430 1276 106 20 arbetslös
553 1275 95 26 ungdom
665 1275 37 20 vid
720 1275 109 20 inkallelse
845 1275 34 20 till
895 1275 133 26 värnplikts-

231 1305 146 27 tjänstgöring
394 1305 5 20 i
416 1305 42 20 anl.
476 1311 28 14 av
520 1306 107 20 förstärkt
643 1305 216 26 försvarsberedskap
876 1305 51 20 eller
943 1305 83 26 partiell

232 1335 151 26 mobilisering.

190 1401 169 24 ARVSAVTAL,
372 1401 84 20 ändrad
469 1401 80 26 lydelse
562 1407 27 14 av
602 1401 12 20 3
627 1401 9 24 $
649 1401 60 26 lagen
724 1407 41 17 om;
779 1407 21 13 se
814 1400 122 21 Skuldebrev
949 1400 77 26 (1936).

190 1460 192 25 ARVSBIOLOGI;
397 1467 21 13 se
431 1460 102 20 Läroverk
546 1460 70 26 (1936:
630 1461 39 25 11).

191 1520 190 20 ARVSFONDEN.

194 1552 7 17 1
218 1549 42 21 RD
272 1550 117 26 medgiver,
402 1552 35 18 att
448 1550 136 20 beträffande
596 1550 68 19 sådan
675 1550 44 19 fast
730 1550 112 26 egendom,
855 1550 72 19 vilken
939 1549 89 20 tillfallit
1048 1549 49 20 [1931]
1124 1549 26 20 47
1155 1545 28 36 |
1186 1561 26 2 —

232 1580 84 19 kronan
330 1580 71 19 såsom
416 1579 97 20 danaarv
526 1579 50 20 eller
589 1580 7 19 i
610 1585 39 19 arv
662 1579 91 20 tillfallit
766 1579 109 20 allmänna
889 1579 138 24 arvsfonden,

232 1610 42 22 må,
290 1609 56 20 intill
361 1609 49 20 dess
424 1609 136 20 annorlunda
575 1610 43 19 kan
634 1609 67 20 varda
717 1609 101 23 beslutat,
834 1609 55 20 efter
904 1609 74 20 KM:ts
992 1609 36 20 be-
1317 1614 1 27 |

232 1639 111 26 prövande
352 1639 100 26 försäljas
461 1639 42 20 dels
513 1639 112 26 egendom,
635 1645 50 14 vars
694 1640 73 19 senast
776 1639 123 20 fastställda
909 1639 119 25 taxerings-
1317 1644 1 12 |

233 1669 65 20 värde
308 1669 84 26 uppgår
401 1669 32 19 till
443 1669 64 26 högst
515 1668 27 20 20
550 1668 41 20 000
600 1669 32 19 kr.
643 1669 50 19 eller
702 1674 53 18 som,
766 1668 38 20 där
813 1668 88 20 särskilt
909 1668 119 26 taxerings-
1221 1688 1 3 I
1317 1684 1 11 |
1673 1689 1 3 I

232 1698 66 20 värde
309 1699 18 25 ej
339 1698 70 20 finnes
420 1699 65 23 åsatt,
496 1698 37 20 vid
544 1698 119 20 verkställd
674 1698 159 26 uppskattning
843 1698 70 20 finnes
923 1698 19 26 ej
954 1699 73 19 kunna
1221 1695 2 15 |
1317 1704 1 28 |
1673 1705 1 6 I

233 1728 86 26 betinga
332 1728 64 26 högre
407 1728 149 26 köpeskilling,
564 1728 42 20 dels
618 1728 36 20 ock
665 1728 63 20 andel
740 1728 6 20 i
757 1734 26 14 en
795 1728 34 19 för
839 1728 53 20 flera
901 1728 127 25 fastigheter
1317 1734 1 18 |

232 1763 124 21 gemensam
374 1758 152 26 samfällighet,
545 1758 23 19 så
586 1757 68 21 framt
671 1757 91 20 andelen
781 1758 36 19 vid
837 1757 118 20 verkställd
974 1764 54 20 upp-

232 1787 113 27 skattning
354 1787 70 20 finnes
434 1788 73 19 kunna
518 1787 87 26 betinga
616 1794 25 13 en
652 1787 143 26 köpeskilling
805 1794 28 13 av
843 1787 64 26 högst
917 1787 12 20 5
937 1787 41 20 000
987 1788 40 21 kr.,

232 1819 58 18 samt
298 1819 35 18 att
341 1817 43 20 vad
394 1817 89 20 sålunda
494 1819 58 24 sagts
562 1817 5 20 i
576 1817 60 26 fråga
647 1823 35 14 om
690 1817 128 26 försäljning
827 1823 27 14 av
864 1817 44 20 fast
916 1817 111 26 egendom,

232 1853 46 14 som
294 1847 6 20 i
316 1853 39 14 arv
370 1847 91 20 tillfallit
475 1847 109 20 allmänna
601 1847 137 23 arvsfonden,
755 1847 53 20 skall
824 1847 56 26 gälla
895 1847 82 26 jämväl
993 1847 35 19 be-

233 1877 109 20 träffande
360 1877 44 20 fast
422 1877 112 26 egendom,
554 1883 46 14 som
619 1877 90 20 tillfallit
727 1877 130 20 arvsfonden
877 1882 76 21 genom
972 1877 55 25 gåva
1221 1875 1 5 I
1674 1885 1 10 |

233 1906 50 21 eller
294 1908 138 22 testamente,
445 1907 55 19 dock
512 1908 35 18 att
559 1913 34 13 om
606 1906 37 20 vid
654 1907 71 25 gåvan
737 1906 50 20 eller
798 1912 77 20 genom
887 1908 141 18 testamentet
1674 1906 1 12 I

233 1936 93 20 lämnats
339 1936 104 20 särskilda
456 1936 140 24 föreskrifter,
610 1936 61 20 dessa
684 1936 59 20 skola
756 1936 63 20 lända
832 1936 32 20 till
877 1936 150 20 efterrättelse.
1222 1937 1 14 |

1328 1560 32 16 —
1380 1549 22 18 16
1484 1549 25 19 64
1593 1549 31 20 16:
1636 1551 23 17 83
1674 1541 1 30 |
1692 1549 30 20 16:
1735 1551 37 18 109

194 1999 10 16 2
219 1996 80 26 Avslag
311 1996 11 20 å
334 1996 83 20 motion
430 1996 49 20 med
491 1996 135 23 hemställan,
639 1998 34 18 att
685 1996 108 20 allmänna
805 1996 143 20 arvsfondens
959 1996 69 20 medel
1047 1995 50 20 |1931]
1124 2007 26 2 —
1154 1991 27 35 |
1185 2007 28 2 —
1246 1995 26 20 451
1294 1995 12 19 91
1338 1995 66 19 11-10
1594 1995 30 19 17:
1637 1997 24 16 24
1674 1997 1 19 |
1692 1994 30 20 17:
1737 1997 36 17 114]

233 2026 69 20 måtte
318 2026 22 20 få
356 2026 113 20 användas
484 2025 33 21 till
532 2026 123 26 främjande
671 2032 28 14 av
715 2026 65 20 barns
797 2026 39 20 och
852 2025 107 26 ungdoms
975 2025 53 20 vård

233 2055 39 20 och
287 2055 83 20 fostran
385 2057 55 18 även
455 2060 76 21 genom
547 2055 117 20 understöd
680 2056 23 19 åt
718 2055 100 20 barnrika
833 2055 100 26 familjer.
