1815 2338
146 75 38 19 230
832 74 222 20 SAKREGISTER

165 260 76 20 Enkla
250 260 81 25 frågor

209 291 32 19 Nr
260 290 27 20 14
306 290 65 23 (herr
387 290 91 23 Ståhl):
496 290 44 20 Om
558 290 144 25 redogörelse
719 290 36 20 för
772 289 107 26 åtgärder
895 289 34 21 till
946 289 51 21 stöd
1015 289 36 20 för

210 320 172 20 Scandinavian
395 320 100 20 Airlines
509 320 110 25 System's
632 319 175 26 framställning
819 326 38 14 om
871 319 137 20 koncession
1021 318 29 26 på

209 356 29 14 en
254 349 133 26 trafiklinje
404 349 53 20 från
474 349 145 21 Kalifornien
636 350 54 19 över
707 350 27 19 de
751 349 105 20 arktiska
873 348 126 21 områdena
1016 348 34 21 till

210 380 100 24 Europa.

209 409 32 20 Nr
258 409 26 20 15
303 409 65 23 (herr
383 409 115 23 Dahlén):
514 409 45 21 Om
574 409 46 20 viss
636 409 99 25 ändring
750 415 27 14 av
792 409 98 24 stadgan
905 413 51 20 ang.
972 408 78 20 filoso-

210 439 62 20 fiska
282 439 114 20 examina.

209 469 33 19 Nr
256 469 26 20 16
298 469 65 23 (herr
375 469 123 25 Löfroth):
512 469 44 20 Om
569 469 101 20 motiven
683 468 35 21 till
731 469 34 19 att
776 468 118 20 ordinarie
906 468 144 25 tjänstemän

209 498 38 20 vid
261 499 89 20 statens
363 498 132 26 järnvägar,
508 498 63 21 vilka
584 498 93 21 erhållit
690 498 286 25 mobiliseringsuppskov,
989 497 61 21 ändå

209 528 112 20 inkallats
331 528 35 20 till
377 528 256 25 repetitionsövningar.

209 558 32 20 Nr
256 558 25 20 17
299 558 95 23 (fröken
408 558 96 24 Vinge):
519 558 44 20 Om
577 558 130 25 föreslagen
720 558 146 25 ombyggnad
879 564 28 14 av
920 557 130 21 landsarki-

209 589 37 19 vet
256 588 7 20 i
274 588 74 20 Lund.

208 618 33 19 Nr
261 618 26 20 18
309 618 64 22 (herr
390 617 91 23 Ståhl):
500 618 44 20 Om
563 618 102 20 trafiken
683 617 29 26 på
730 617 185 26 järnvägslinjen
933 616 117 26 Årjäng—

209 647 146 21 Svaneholm.

209 677 32 20 Nr
256 677 26 20 19
300 677 65 23 (herr
377 677 180 25 Rimmerfors):
571 678 45 20 Om
630 677 107 25 åtgärder
751 678 48 20 mot
811 676 239 21 narkotikamissbru-

210 707 46 20 ket.

209 737 32 20 Nr
253 737 27 20 20
296 736 65 24 (herr
371 736 128 26 Blidfors):
512 737 44 20 Om
568 737 92 25 visning
672 743 27 14 av
711 736 181 21 civilförsvarets
904 743 45 18 nya
960 737 90 19 huvud-

209 767 88 19 central
308 766 7 20 i
326 766 135 25 Södertälje.

209 796 32 20 Nr
255 796 26 20 21
301 796 95 22 (fröken
409 796 138 24 Karlsson):
563 796 44 21 Om
622 796 144 25 redogörelse
780 796 36 20 för
830 796 27 20 de
871 796 114 25 åtgärder,
1000 802 49 14 som

209 825 110 26 vidtagits
332 825 36 21 för
381 826 33 20 att
426 825 81 26 bringa
520 825 91 21 klarhet
623 826 6 20 i
642 826 178 20 försvinnandet
832 832 27 14 av
872 825 177 25 motorfartyget

210 856 87 19 »Dan>.

209 885 32 20 Nr
255 885 27 20 22
300 885 65 24 (herr
379 885 150 20 Christenson
544 885 6 20 i
565 885 110 24 Malmö):
690 885 51 20 Med
755 885 46 21 anl.
815 891 28 14 av
856 886 34 19 att
903 885 62 21 vissa
979 885 70 20 främ-

208 915 85 20 mande
310 914 105 26 flygplan
432 915 86 20 kränkt
535 915 95 20 svenskt
647 915 143 20 territorium
806 915 81 20 natten
904 915 85 20 mellan
1006 915 43 20 den

209 945 27 20 28
245 944 44 20 och
298 945 28 20 29
336 944 66 25 april.

208 974 32 20 Nr
252 974 28 20 23
295 974 65 23 (herr
371 974 107 24 Hagberg
489 974 7 20 i
508 974 160 23 Stockholm):
680 975 45 20 Om
737 975 156 24 upprättande
905 981 28 14 av
943 975 106 20 normala

209 1004 155 20 förbindelser
374 1004 51 20 med
436 1004 78 25 Tyska
524 1004 175 20 demokratiska
709 1004 144 25 republiken.

208 1033 33 20 Nr
253 1032 29 21 24
298 1033 49 23 (fru
360 1033 120 23 Andrén):
494 1033 45 20 Om
552 1033 87 25 förslag
651 1033 34 20 till
700 1033 38 20 RD
751 1039 38 14 om
802 1033 99 21 kvinnas
914 1033 135 25 behörighet

209 1063 34 20 att
252 1062 86 21 inneha
348 1063 123 25 prästerlig
481 1063 43 19 och
534 1069 78 14 annan
623 1063 92 25 kyrklig
725 1063 81 24 tjänst.

207 1092 32 20 Nr
257 1092 28 20 25
307 1092 65 23 (herr
390 1092 116 25 Nyberg):
526 1092 45 20 Om
589 1092 154 26 utredningen
762 1098 38 14 om
818 1092 123 21 införande
959 1099 28 14 av
1005 1093 45 20 till-

208 1121 114 21 ståndsfri
335 1122 225 25 utsträckningsrätt
572 1122 37 20 för
622 1120 140 23 innehavare
775 1129 28 14 av
815 1122 112 26 skattlagt
939 1123 61 20 fiske
1011 1123 37 20 vid

209 1151 110 25 Blekinge
329 1152 51 20 läns
390 1152 68 20 södra
469 1152 61 20 kust.

208 1181 32 20 Nr
252 1181 28 20 26
295 1181 65 23 (herr
370 1181 151 24 Holmberg):
534 1181 45 20 Om
590 1187 28 14 en
631 1187 27 14 av
671 1182 38 19 RD
721 1181 85 25 begärd
818 1182 124 25 utredning
953 1188 38 14 om
1003 1183 46 20 tex-

208 1211 36 20 til-
253 1211 44 20 och
306 1210 313 21 beklädnadsindustrierna.

208 1240 32 20 Nr
252 1240 27 20 27
295 1240 65 23 (herr
371 1240 102 20 Jansson
486 1241 6 19 i
505 1241 92 23 Kalix):
610 1241 45 20 Om
667 1240 82 26 frågan
761 1247 38 14 om
810 1247 28 14 en
851 1241 116 21 kustbana
979 1241 70 21 Luleå

207 1281 24 3 —
230 1270 414 25 Karlsborgsverken—Haparanda.

208 1299 32 20 Nr
250 1299 28 21 28
292 1299 65 24 (herr
366 1299 124 24 Hamrin):
502 1300 44 20 Om
558 1300 187 25 rationalisering
755 1306 28 14 av
793 1300 256 26 fortsättningsskolan.

208 1329 33 20 Nr
253 1329 27 20 29
297 1329 65 23 (herr
373 1329 117 21 Svensson
503 1329 6 20 i
523 1329 161 25 Ljungskile)
677 1325 18 34 :
698 1330 44 20 Om
754 1330 120 20 ordnande
886 1336 29 14 av
927 1330 122 20 fältarbete

207 1358 74 21 under
300 1358 53 25 juni
373 1358 85 21 månad
479 1359 36 19 för
535 1359 282 21 lantbruksnämndernas
838 1360 150 20 konsulenter
1007 1361 43 19 och

208 1388 164 21 instruktörer.

207 1442 32 20 Nr
254 1442 28 20 30
300 1442 65 23 (herr
379 1442 150 24 Lundgren):
545 1443 44 20 Om
604 1442 137 21 modernare
754 1442 296 25 befordringsbestämmel-

208 1477 36 15 ser
255 1471 36 21 för
301 1472 88 20 armén.

207 1501 32 20 Nr
255 1501 26 20 31
302 1501 65 24 (herr
381 1501 151 24 Braconier):
548 1502 45 20 Om
608 1502 152 25 borttagande
776 1509 28 13 av
819 1502 178 21 skattefriheten
1014 1503 36 20 för

207 1531 71 20 tobak
289 1531 44 20 och
344 1531 66 25 sprit,
423 1537 49 14 som
484 1531 109 25 försäljes
604 1531 29 26 på
644 1531 67 21 båtar
721 1532 43 20 och
776 1532 74 25 färjor
861 1532 86 20 mellan
958 1533 91 24 Sverige

208 1561 43 20 och
262 1561 128 20 Danmark.

208 1590 32 20 Nr
252 1591 27 20 32
295 1591 65 23 (herr
370 1590 141 24 Nelander):
524 1591 44 21 Om
581 1591 86 25 förslag
679 1591 34 21 till
726 1591 167 25 förbättringar
904 1598 29 14 av
944 1592 105 24 folkpen-

208 1620 149 20 sionärernas
368 1621 111 25 ställning
489 1621 63 20 inom
563 1621 228 25 sjukförsäkringen.

207 1650 33 20 Nr
251 1650 27 20 33
293 1650 65 23 (herr
368 1651 102 19 Larsson
481 1651 7 19 i
500 1650 145 24 Stockholm)
655 1657 4 14 :
671 1651 44 20 Om
727 1651 84 20 förbud
823 1652 48 19 mot
881 1651 168 20 civilförsvars-

208 1680 114 24 övningar
331 1679 29 25 på
370 1680 72 25 dagar
452 1680 29 20 då
491 1680 118 20 allmänna
619 1681 36 19 val
666 1680 118 21 förrättas.

207 1709 33 20 Nr
255 1709 28 20 34
301 1709 66 23 (herr
380 1709 128 25 Fröding):
524 1710 44 20 Om
583 1710 107 25 gällande
705 1711 78 24 praxis
797 1711 7 20 i
820 1710 65 25 fråga
899 1717 38 14 om
952 1712 46 20 rätt
1013 1711 36 20 för

207 1738 249 26 häradshövdingarna
471 1740 6 20 i
492 1740 61 20 vissa
568 1740 123 25 domsagor
705 1741 33 19 att
752 1740 171 25 ifrågakomma
937 1741 36 20 för
987 1742 62 18 tran-

208 1770 65 23 sport
282 1769 35 19 till
328 1775 78 14 annan
416 1769 118 25 domsaga.

207 1799 32 19 Nr
253 1799 27 20 35
298 1799 95 23 (fröken
406 1799 119 23 Sandell):
540 1799 58 25 Ang.
612 1806 28 13 av
653 1799 226 26 järnvägsstyrelsen
893 1800 110 25 vidtagna
1016 1800 33 21 åt-

208 1829 83 24 gärder
302 1828 37 20 för
350 1829 34 19 att
395 1829 71 24 skilja
477 1829 62 20 vissa
551 1829 15 20 f.
578 1829 21 20 d.
611 1829 156 20 SJ-anställda
778 1830 7 19 i
797 1829 108 20 Karlstad
918 1830 52 19 från
981 1830 67 20 deras

207 1858 132 20 innehavda
349 1858 205 25 tjänstebostäder.

207 1888 32 19 Nr
250 1888 28 20 36
292 1888 95 23 (fröken
397 1888 85 24 Ager):
494 1889 44 20 Om
549 1888 189 26 organisationen
749 1895 28 14 av
788 1888 260 26 lärarinneutbildning-

207 1923 29 15 en
246 1917 29 25 på
285 1918 39 20 det
332 1917 93 26 husliga
435 1918 112 20 området.

205 1948 33 20 Nr
253 1948 27 20 37
300 1948 65 23 (herr
378 1948 128 24 Staxäng):
522 1948 45 21 Om
582 1948 27 20 de
624 1948 132 25 geologiska
772 1949 234 24 undersökningarna
1021 1955 28 14 av

207 1977 257 26 grundförhållandena
474 1978 7 20 i
492 1977 165 21 Götaälvdalen
667 1978 43 20 och
721 1978 71 20 därav
801 1978 123 25 påkallade
934 1978 114 25 åtgärder.

207 2008 32 19 Nr
250 2007 28 21 38
292 2007 65 24 (herr
368 2007 115 24 Dahlén):
495 2008 45 20 Om
551 2008 183 24 utredningarna
745 2008 7 20 i
763 2008 113 20 samband
888 2009 51 19 med
950 2008 98 20 rådman

207 2037 71 20 Folke
288 2037 144 25 Lundquists
441 2036 182 21 förehavanden.

207 2067 32 20 Nr
252 2067 27 20 39
296 2067 65 23 (herr
373 2066 143 25 Rylander):
530 2067 45 20 Om
588 2067 186 21 återbesättande
787 2073 28 14 av
827 2067 159 26 befattningar
998 2073 50 15 som

206 2096 259 21 hovrättssekreterare.

1071 186 25 20 Sf
1205 166 89 17 Motioner
1348 162 81 30 Utskott
1478 162 51 37 Skriv
1595 163 91 30 Protokoll

1132 187 39 27 'op.
1531 192 4 3 Ä

1202 220 29 16 FK
1233 203 23 44 |
1266 220 32 16 AK
1320 219 85 18 |smilava]
1430 220 25 17 Nr
1496 207 22 12 |”)
1575 221 30 16 FK
1674 221 31 17 AK

1073 290 30 22 54
1143 304 26 2 —)
1213 304 26 3 —
1279 304 126 3 PJ
1439 305 25 2 o—
1578 306 25 2 ol
1646 295 33 20 MM1:
1695 300 10 15 8

1073 409 29 22 54)
1213 423 26 3 oso
1279 423 79 3 le
1415 405 20 37 oo
1439 424 164 3 -—od—0
1646 414 33 20 11:
1697 419 20 15 10

1073 469 30 21 34)
1143 483 25 2 —
1213 483 145 3 ob
1439 483 90 3 Pb
1578 484 25 3 o—
1646 474 33 19 HM:
1697 478 20 15 17

1072 558 167 22 solo
1438 573 91 3 —b
1577 574 26 2 —
1645 563 34 20 18:
1696 568 8 15 7

1072 618 30 22 34
1143 632 25 2 —I
1213 632 25 2 —-
1307 614 23 38 ll
1438 632 165 4 —b——
1645 622 34 20 H4:
1695 627 22 15 26

1072 678 30 21 34
1142 692 26 2 —I
1278 692 126 3 Slo
1438 692 91 3 —b—
1577 693 26 2 =
1645 682 34 20 Hö:
1696 687 21 15 19

1072 737 30 22 54)
1142 751 96 3 ol
1278 752 26 2 ol
1332 752 71 2 op
1504 752 25 2 bo]
1645 742 34 19 115:
1695 746 22 15 23

1072 797 31 21 3
1143 811 25 2 o—
1213 811 91 3 ll
1332 811 72 3 —-—
1438 811 26 2 —I
1504 812 25 2 —
1577 812 26 2 —
1645 801 34 20 119:
1695 806 10 15 3

1072 886 30 22 54
1332 900 132 3 eo
1504 901 25 2 =P
1578 901 25 3 —
1646 890 33 20 19:
1695 895 10 15 8

1072 975 30 22 54)
1142 990 26 2 =]
1278 990 126 2 boet
1504 990 25 2 pro
1577 979 102 20 —cl21:
1695 984 10 15 6

1072 1034 29 22 54]
1142 1049 26 2 coh
1213 1049 25 2 cl
1332 1049 25 2 be
1379 1049 84 2 öh
1504 1049 99 3 SP!
1644 1039 35 19 121:
1697 1043 20 15 10

1072 1094 30 21 34
1142 1108 26 3 —I
1213 1109 25 1 —-
1308 1090 21 36 ll
1438 1108 26 3 —I
1504 1109 25 2 —I
1578 1109 25 2 —
1644 1098 35 20 H2
1697 1102 21 15 12

1072 1183 30 21 54
1245 1197 1 3 p
1278 1197 26 3 beg
1332 1197 25 2 let
1379 1198 25 2 ol
1438 1197 26 3 shesa
1578 1198 25 2 hor
1644 1187 73 20 Sblag:ias

1072 1242 30 22 54)
1172 1238 35 37 Jo
1212 1257 26 2 del
1279 1257 25 2 =]
1412 1238 29 37 ov
1532 1238 15 37 Pb
1578 1257 26 3 —
1609 1238 19 37 7
1644 1246 73 20 l28:146

1072 1301 30 22 54
1143 1316 25 2 —L
1213 1316 25 2 —]
1278 1316 26 3 —]
1332 1316 25 2 —
1379 1317 25 2 |
1504 1316 99 3 spets
1645 1305 72 20 nl28:147

1072 1331 30 22 54
1143 1346 215 2 opuselastbbell
1379 1346 224 2 oratbiSsTod:)
1644 1335 36 20 124;
1696 1340 21 14 96

1072 1444 30 21 54]
1143 1459 25 2 —P
1213 1459 26 2 oo]
1333 1459 25 2 od
1380 1459 25 2 ech
1504 1448 113 19 po133:19

1072 1474 23 21 H

1072 1504 31 21 4
1143 1518 25 2 —I
1213 1518 25 2 —I
1279 1518 79 2 —I—
1380 1518 25 2 —
1464 1500 21 36 PP
1504 1507 176 20 ol0126:
1696 1512 9 15 3

1073 1533 22 22 H

1072 1593 30 22 54)
1143 1608 25 2 —T
1213 1608 25 2 —]
1380 1607 223 3 söt
1645 1596 35 20 126:
1696 1601 10 15 7

1072 1623 22 21 H

1072 1652 232 22 Särtbaitsblodl
1333 1667 24 2 sr
1380 1667 149 2 rast
1578 1667 25 2 pot
1644 1656 62 19 22678

1072 1682 22 22 H

1072 1712 96 21 Stud
1213 1726 26 3 rat]
1278 1726 127 3 lol
1439 1726 165 3 narkos
1645 1715 35 20 tl27:
1698 1720 20 15 10

1072 1742 23 21 H

1071 1801 31 21 34
1143 1815 25 2 —I
1213 1815 26 2 —I
1279 1815 25 3 —I
1504 1815 26 3 Poe
1578 1804 102 20 2027:
1698 1809 20 15 13

1073 1831 23 21 H

1071 1890 30 21 54)
1213 1904 145 3 rfepbiecklöl
1380 1904 85 3 Canvas
1504 1893 176 20 rthol0tl28:
1696 1898 10 15 6

1073 1920 22 21 H

1071 1950 31 21 ä4l
1119 1946 25 35 oo
1278 1963 80 3 HE
1380 1964 223 2 lose
1645 1952 35 20 1128:
1697 1957 9 15 7

1072 1979 23 22 H

1071 2009 31 21 54]
1143 2023 161 3 eo]
1332 2023 26 2 =
1504 2023 26 3 ho
1645 2012 35 20 129:
1698 2017 21 15 13

1072 2039 22 21 H

1071 2069 30 21 54]
1213 2083 144 2 leche
1380 2083 25 2 —P
1439 2083 26 2 oo
1504 2083 26 2 =P
1578 2083 25 2 —
1645 2072 35 20 129:
1698 2076 21 15 18

1072 2099 22 21 H
