1848 2361
810 153 135 33 SAKREGISTER
1640 160 41 21 189

1403 233 53 18 Riks-

1393 258 71 30 dagens
1522 264 117 19 Kamrarnas

1397 289 56 31 skri-
1508 294 145 23 förhandlingar

1400 323 62 17 velser

1236 250 94 18 Utskotts-

1069 274 104 32 Motioner
1224 280 112 18 utlåtanden

1201 309 46 18 eller
1260 310 99 17 memorial

963 254 22 145 IYSTEPsAIA

1021 301 17 104 198[9ATIYS
1021 242 17 47 199

1040 372 17 53 ”doad
1040 300 22 65 sy:lep
1041 224 21 71 [Bun

1497 378 67 17 Första
1570 374 20 31 |
1597 379 66 17 Andra

1083 386 33 17 FK
1134 387 36 17 [AR
1494 402 70 17 kamm.
1569 398 20 31 |
1595 403 69 17 kamm.

1289 387 17 17 g

1290 405 11 9 4”

1194 369 17 57 Teg

1235 375 18 48 PAVy

1349 378 17 45 BvpIs

1403 389 17 26 IN

1451 379 17 45 BvpIg

94 428 166 28 Avsöndringar
275 436 26 14 m.
319 436 26 15 m.

108 465 62 20 Inom
186 464 138 28 Kronobergs
339 466 45 21 län:

80 499 24 15 24
123 495 37 20 RD
177 495 114 26 medgiver,
309 497 37 23 att,
363 497 65 20 sedan
444 497 199 27 kronoegendomen
659 497 28 28 3/,
704 499 81 20 mantal
798 499 73 21 Hörda
882 507 25 13 nr
918 499 13 21 8
946 500 55 21 |1927|
1018 501 42 20 215
1185 502 26 20 10
1289 503 28 21 461
1364 504 67 20 7I327]
1457 510 9 15 4|
1498 505 68 20 27:13)
1598 505 70 21 28:16

138 525 117 26 Nästagård
264 526 7 20 i
280 526 67 26 Berga
357 527 78 21 socken
446 528 114 26 undergått
570 528 115 27 styckning
695 529 7 20 i
713 530 36 19 två
759 529 69 24 lotter,
840 529 41 21 den
892 537 40 13 ena
1016 536 45 22 p.11

137 555 134 21 omfattande
282 556 36 20 det
328 563 27 13 av
365 557 261 26 uppskattningsmännen
636 559 34 19 till
680 559 127 26 försäljning
814 560 118 25 föreslagna

138 584 103 24 området,
260 585 92 27 tillhopa
370 586 94 21 83.4020
485 587 81 26 hektar,
583 588 40 20 och
639 588 41 20 den
696 588 67 21 andra
778 589 131 26 egendomen
924 590 8 19 i

138 615 75 25 övrigt,
228 615 149 21 förstnämnda
392 616 41 21 lott
448 618 36 19 må
499 617 104 27 försäljas.
730 633 2 2 .

108 680 62 19 Inom
188 679 95 21 Kalmar
299 680 44 20 län:

80 714 24 15 25
123 709 37 20 RD
184 709 114 26 medgiver,
323 712 31 19 att
372 711 49 20 från
436 711 200 27 kronoegendomen
654 712 7 20 1
682 713 82 20 mantal
780 714 81 20 Basebo
878 721 24 13 nr
920 714 10 20 1|
970 724 8 10 »
1018 715 42 21 |215
1185 716 26 21 10
1290 719 27 19 46
1320 715 17 34 |
1365 719 66 20 71327)
1457 725 10 15 4]
1497 719 69 21 27:18
1568 715 18 34 |
1598 720 69 20 28:16

138 739 38 20 och
200 739 11 20 3
229 740 6 19 i
252 740 88 26 Högsby
364 741 77 20 socken
465 742 36 19 må
524 748 37 14 var
576 742 33 20 för
624 743 32 25 sig
671 743 50 20 med
737 744 7 19 i
760 744 171 26 statsrådsproto-
1017 750 45 22 p.12

137 769 67 19 kollet
219 770 86 25 angivet
320 770 87 21 område
423 771 106 27 försäljas,
546 772 45 20 dels
608 772 150 26 lägenheterna
774 773 41 21 litt.
832 774 18 19 A
867 774 64 20 Sand-

137 800 76 25 torpet,
230 799 41 20 litt.
288 800 17 19 B
322 800 108 21 Bäckhult
446 801 40 20 och
502 801 41 20 litt.
560 802 19 19 D
595 802 68 20 Dalen
679 802 50 21 med
739 803 150 21 hembudsrätt
899 804 33 20 för

137 828 24 20 G.
179 828 86 21 Nilsson
289 829 33 20 till
346 830 67 20 lotten
432 830 41 21 litt.
490 832 25 23 A,
532 831 39 21 Th.
588 832 120 20 Johansson
724 833 33 20 till
774 833 67 20 lotten
856 833 41 21 litt.
914 834 17 19 B

136 862 57 16 samt
216 858 27 20 K.
268 859 25 20 G.
314 860 70 20 Ström
401 860 34 20 till
451 860 68 21 lotten
534 861 41 20 litt.
593 861 25 27 D,
634 861 46 21 dels
696 862 39 20 ock
751 862 91 21 lotterna
857 863 41 20 litt.
916 864 15 19 C

136 888 39 20 och
192 889 17 19 E
225 890 57 19 samt
297 889 146 26 ägofigurerna
458 897 26 14 nr
500 890 49 26 215,
567 891 42 20 216
621 892 39 20 och
673 892 26 20 77
711 893 13 19 å
734 893 97 26 offentlig
843 893 89 20 auktion

136 918 32 20 till
185 918 41 20 den
243 918 179 28 högstbjudande.

79 982 24 15 26
122 977 38 20 RD
172 978 114 25 medgiver,
299 980 31 19 att
338 979 92 21 lotterna
438 980 41 20 litt.
492 981 18 19 A
521 981 40 20 och
570 981 41 20 litt.
621 981 17 20 B
647 982 12 19 å
668 982 7 20 i
683 982 87 20 ärendet
779 982 118 27 åberopade
905 990 27 13 av
932 978 14 35 |
970 992 8 11 »
1018 984 42 21 [215
1184 985 27 21 10
1289 987 28 20 46
1320 983 21 33 |
1365 988 67 20 8327)
1457 994 10 15 s|
1499 988 69 21 27:18
1569 983 18 33 |
1600 989 68 21 28:16

137 1007 240 22 distriktslantmätaren
392 1009 87 21 Hähnel
496 1011 23 19 år
538 1010 55 20 1926
611 1012 127 25 upprättade
752 1012 61 20 karta
826 1013 37 20 må
876 1013 55 20 från-
1016 1011 47 34 p.13

137 1037 75 27 skiljas
236 1038 148 27 kronoparken
408 1040 136 20 Dabbekulla
559 1041 40 20 och
615 1041 50 20 med
680 1042 13 19 å
708 1042 91 20 lotterna
815 1042 115 27 befintliga,

138 1067 81 21 kronan
230 1068 109 26 tillhöriga
354 1069 122 26 byggnader
487 1072 57 19 samt
554 1071 28 26 på
597 1071 26 20 de
633 1078 27 13 av
671 1072 260 26 uppskattningsmännen

137 1097 120 27 föreslagna
273 1098 78 21 villkor
362 1099 50 20 med
422 1100 149 21 tillträdesrätt
581 1100 41 21 den
635 1101 27 20 14
673 1108 57 14 mars
743 1101 56 21 1928
810 1109 37 13 var
857 1103 33 20 för
901 1103 31 25 sig

137 1127 105 27 försäljas,
260 1128 49 20 med
325 1130 41 19 rätt
383 1129 32 20 för
431 1130 123 20 nuvarande
570 1131 145 21 arrendatorer
731 1133 32 19 att
778 1132 81 20 erhålla
874 1133 58 20 hem-

138 1157 50 24 bud,
205 1158 137 20 arrendatorn
359 1159 24 20 G.
399 1159 121 21 Fahlström
536 1161 13 19 å
564 1160 68 21 lotten
647 1161 40 20 litt.
704 1162 20 19 A
739 1162 39 20 och
795 1162 137 21 arrendatorn

138 1187 25 20 A.
180 1187 103 21 Windahl
299 1189 12 19 å
327 1188 67 21 lotten
410 1189 40 20 litt.
467 1190 24 20 B.

79 1250 25 16 27
122 1246 38 20 RD
183 1246 114 27 medgiver,
322 1249 32 19 att
376 1248 66 20 sedan
465 1248 198 27 kronoegendomen
683 1249 27 28 !/;
734 1251 82 20 mantal
832 1251 100 27 Eldstorp|
970 1262 8 8 »
1019 1253 42 20 |215
1186 1253 26 21 10
1290 1255 28 21 461)
1364 1256 68 21 8327)
1458 1264 10 15 &|
1499 1257 69 21 27:13
1570 1251 15 37 |
1600 1259 69 21 28:16

138 1283 25 13 nr
187 1277 12 19 2
219 1277 7 19 i
246 1277 87 20 Pelarne
357 1278 78 20 socken
457 1278 63 21 blivit
535 1280 7 19 i
558 1279 145 27 huvudsaklig
720 1282 212 20 överensstämmelse
1017 1288 46 22 p.14

138 1306 50 20 med
211 1306 41 21 vad
276 1307 184 27 domänstyrelsen
482 1309 105 26 tillstyrkt
609 1309 97 21 fördelad
721 1311 7 19 i
744 1311 48 26 fyra
810 1311 69 25 lotter,
900 1312 31 20 be-

138 1336 87 20 stående
241 1343 26 13 av
283 1336 66 21 lotten
366 1337 41 21 litt.
424 1338 19 20 A
454 1338 50 20 med
516 1339 128 27 gränslinjer
654 1341 46 19 mot
710 1340 142 26 egendomens
863 1342 69 26 skogs-

138 1366 62 20 mark
223 1366 66 26 enligt
305 1367 121 26 punkterna
444 1368 18 24 1,
480 1368 20 25 2,
518 1369 20 24 3,
554 1369 14 20 4
583 1370 39 19 och
640 1370 12 19 5
669 1370 12 20 å
697 1370 41 20 den
754 1371 7 19 i
777 1371 87 20 ärendet
880 1371 51 21 före-
1263 1375 2 12 I

138 1395 64 21 tedda
218 1396 76 20 kartan
310 1397 40 20 och
366 1404 26 13 en
404 1398 56 20 areal
471 1405 27 14 av
509 1398 78 22 36.388
601 1399 75 21 hektar
687 1402 56 18 samt
753 1400 91 21 lotterna
855 1401 40 20 litt.
908 1401 22 21 B.

138 1425 39 20 och
194 1426 17 20 E
229 1426 49 20 med
295 1427 79 20 arealer
390 1434 26 14 av
432 1428 119 26 respektive
568 1429 79 21 20.130
659 1430 40 20 och
712 1430 61 21 1.025
785 1430 76 21 hektar
871 1433 60 19 även-

138 1462 46 13 som
209 1462 26 14 en
258 1456 41 20 lott
317 1457 118 26 utgörande
451 1458 133 21 återstående
601 1459 62 21 delen
679 1466 26 14 av
721 1460 137 26 egendomen,
875 1461 56 20 inbe-

137 1485 70 27 gripet
222 1486 101 26 urfjällen
339 1486 67 21 lotten
422 1487 41 21 litt.
480 1488 25 24 D,
521 1488 91 21 lotterna
627 1489 41 21 litt.
685 1490 25 24 A,
728 1490 17 20 B
760 1490 40 20 och
816 1491 18 19 E
850 1492 36 19 må
896 1498 37 14 var

138 1515 33 20 för
194 1516 31 25 sig
248 1516 105 27 försäljas,
378 1517 92 21 lotterna
488 1518 41 20 litt.
546 1519 18 19 A
580 1519 40 20 och
636 1520 17 19 B
669 1520 50 20 med
735 1520 150 21 hembudsrätt
900 1521 33 20 för

139 1545 20 20 S.
183 1545 100 21 Lundahl
301 1546 33 20 till
354 1546 67 21 lotten
437 1547 42 21 litt.
496 1549 18 19 A
530 1549 40 19 och
585 1549 34 20 för
634 1549 21 20 P.
673 1549 127 22 Samuelson
816 1550 33 21 till
866 1551 67 20 lotten

135 1574 43 22 litt.
203 1575 24 25 B,
252 1577 56 19 samt
331 1576 68 21 lotten
418 1577 41 21 litt.
479 1578 17 20 E
513 1579 12 19 å
540 1578 98 27 offentlig
653 1579 88 21 auktion
757 1580 34 20 till
806 1580 42 21 den
851 1577 81 34 högst-

152 1604 101 27 judande.

108 1663 62 21 Inom
187 1663 106 28 Blekinge
308 1665 45 20 län:

80 1697 25 16 28
123 1693 38 20 RD
184 1694 124 25 godkänner
331 1696 31 19 ett
388 1696 70 20 såsom
478 1696 69 26 bilaga
564 1697 34 20 till
617 1698 232 26 statsrådsprotokollet
866 1700 65 26 fogat,|
970 1708 8 10 »
990 1689 27 41 |
1027 1701 27 21 78
1186 1702 26 21 10
1292 1703 26 21 14
1391 1704 39 21 130
1492 1705 32 21 13:
1537 1711 37 16 105|
1600 1707 68 21 14:19

138 1722 41 21 den
197 1723 27 20 15
240 1724 41 20 och
296 1724 41 20 den
354 1724 27 21 21
398 1725 45 21 dec.
461 1725 56 21 1926
534 1727 80 20 mellan
632 1727 60 20 KM:t
707 1728 40 20 och
763 1728 81 21 kronan
855 1736 76 19 genom

138 1752 214 26 kasernkommittén,
369 1755 12 19 å
397 1761 40 14 ena
460 1756 68 24 sidan,
551 1759 56 18 samt
630 1757 103 27 Ronneby
754 1759 54 24 stad,
832 1760 13 19 å
866 1760 66 20 andra

138 1782 68 25 sidan,
229 1784 100 25 ingånget
352 1784 134 26 preliminärt
509 1786 57 20 avtal
584 1788 39 19 rör.
640 1787 124 21 överlåtelse
780 1788 33 21 till
829 1785 104 35 Ronneby

139 1812 47 20 stad
202 1819 26 14 av
244 1813 43 20 viss
303 1813 81 21 kronan
401 1815 94 26 tillhörig
511 1816 101 26 fastighet
626 1817 8 20 i
649 1817 95 21 nämnda
755 1818 56 25 stad;
824 1819 39 20 och
874 1820 57 20 med-

138 1842 58 26 giver
218 1843 45 24 RD,
286 1845 31 18 att
333 1843 25 21 de
374 1845 88 26 jämlikt
477 1845 89 21 berörda
581 1847 57 20 avtal
654 1847 117 27 inflytande
787 1844 145 36 försäljnings-

138 1872 86 21 medlen
248 1874 35 19 må
302 1873 146 27 tillgodoföras
464 1875 159 22 lantförsvarets
639 1877 53 20 fond
707 1878 33 19 för
755 1878 122 27 byggnader
892 1880 40 20 och

139 1902 67 20 andra
221 1903 200 22 försvarsändamål.

108 1961 63 21 Inom
189 1961 167 22 Kristianstads
371 1963 45 21 län:

80 1995 25 16 29
123 1991 38 20 RD
177 1991 114 27 medgiver,
316 1995 32 18 att
363 1995 31 19 ett
408 1994 8 20 i
432 1994 231 27 statsrådsprotokollet
686 1997 130 27 omförmält,
836 1999 12 19 å
864 2005 25 14 en
906 2006 26 13 av|
969 2007 8 10 »
1020 2000 40 20 |166
1186 2001 25 20 10

138 2022 14 19 t.
168 2021 15 20 f.
200 2021 238 23 distriktslantmätaren
453 2024 19 21 J.
490 2024 74 21 Woldt
579 2026 23 19 år
618 2025 57 21 1924
686 2027 115 26 upprättad
812 2028 60 20 karta
883 2028 49 21 med
1024 2035 31 22 p.9
1262 2021 2 68 |

138 2057 13 14 a
166 2051 40 20 och
223 2052 12 20 b
252 2052 113 21 betecknat
387 2054 86 20 område
495 2055 36 20 må
553 2055 124 28 frånskiljas
696 2057 237 27 kronoflygsandsfältet

1290 2003 12 20 [Ng

1305 2002 12 21 oe

1364 2009 10 14 =

1392 2004 40 20 143]
1457 2009 9 15 71
1498 2005 68 21 19:46
1567 2000 18 35 |
1599 2006 53 21 20:
1635 2000 14 35 3
