1821 2352
172 67 40 21 104

188 240 164 27 Avsöndringar,
369 241 154 27 försäljningar
538 242 37 20 och
592 242 127 27 upplåtelser
734 248 26 15 av
776 242 111 27 kronojord
902 249 27 14 m.
946 249 27 14 m.

217 276 61 20 Inom
297 277 149 20 Västerbottens
461 277 44 21 län:

216 306 32 20 15.
265 306 42 20 RD
321 307 118 26 medgiver,
453 309 35 18 att
501 313 29 14 av
543 309 34 18 ett
589 307 34 20 till
636 308 121 26 kyrkostad
771 310 75 18 avsatt
860 309 87 20 område
961 309 6 20 i
983 309 95 21 Dorotea

188 336 79 20 socken
282 336 41 20 den
336 337 70 23 mark,
421 343 46 14 som
482 337 18 26 ej
516 337 107 21 erfordras
637 337 34 21 för
683 337 100 27 kyrkliga
797 338 109 24 ändamål,
921 339 35 20 må
971 339 108 20 överlåtas

187 365 33 21 till
231 366 97 20 Dorotea
336 366 106 21 kommun
453 368 53 19 utan
516 367 102 26 vederlag
627 369 58 18 samt
694 368 28 26 på
732 368 26 19 de
768 367 78 21 villkor
855 368 6 20 i
871 368 78 27 övrigt,
960 375 46 14 som
1016 369 64 20 KM:t

187 396 43 20 kan
243 396 88 20 komma
344 398 35 18 att
392 396 126 21 föreskriva.

216 437 62 20 Inom
293 438 134 20 Norrbottens
442 438 45 20 län:

216 467 31 20 16.
264 467 43 20 RD
322 467 118 27 medgiver,
456 470 35 18 att
505 469 33 19 ett
553 469 88 20 område
657 475 34 14 om
707 468 59 21 cirka
783 469 24 20 15
817 469 40 20 400
872 469 164 21 kvadratmeter
1051 477 27 13 av

186 497 118 27 stadsägan
316 503 25 14 nr
352 498 40 20 698
403 498 7 20 i
422 498 69 20 Umeå
501 498 36 20 må
549 498 99 27 försäljas
659 498 32 21 till
704 499 68 20 Umeå
784 499 56 20 stad.

215 527 26 21 Se
256 527 40 20 ock
312 527 232 27 Garnisonssjukhusen
560 528 70 26 (1947:
643 528 26 27 6),
685 528 202 27 Kronoegendomar.

211 569 61 20 Inom
288 569 51 26 flera
355 569 45 21 län:

215 599 18 19 1.
250 599 42 20 RD
304 599 118 26 medgiver,
435 601 35 18 att
481 600 42 20 den
534 600 7 20 i
553 600 241 27 statsrådsprotokollet
806 602 51 18 över
868 601 211 21 kommunikations-

186 629 94 19 ärenden
294 629 34 20 för
341 628 41 21 den
395 629 13 20 5
421 635 57 14 mars
493 629 53 21 1948
559 629 101 27 angivna,
675 630 68 20 under
755 630 221 27 järnvägsstyrelsens
988 631 91 21 förvalt-

186 658 52 26 ning
250 658 90 21 stående
353 658 58 21 fasta
424 659 134 26 egendomen
570 659 36 20 må
619 659 100 26 försäljas
732 660 27 26 på
773 660 26 20 de
812 660 84 24 villkor,
911 667 45 14 som
970 661 89 26 angivas
1072 661 6 20 i

186 688 26 20 de
224 688 38 20 vid
274 688 242 27 statsrådsprotokollet
527 689 78 26 fogade
617 689 153 26 köpeavtalen.

216 730 61 20 Inom
294 730 127 20 Stockholms
435 730 55 21 stad:

213 760 20 19 2.
250 759 42 20 RD
307 760 144 26 bemyndigar
465 760 64 20 KM:t
542 761 35 19 att
591 760 12 20 å
617 760 95 21 kronans
726 762 83 25 vägnar
822 761 116 26 godkänna
953 762 79 26 förslag
1046 762 33 20 till

185 789 61 20 avtal
257 789 79 20 mellan
348 789 64 21 KM:t
423 790 40 20 och
474 790 85 20 kronan
569 791 59 19 samt
639 790 137 21 Stockholms
787 791 50 20 stad
848 796 49 21 ang.
909 791 57 20 vissa
977 792 34 20 för
1020 792 59 26 järn-

186 819 157 26 vägsändamål
354 820 96 20 avsedda
462 820 168 20 markområden
642 820 6 20 i
660 820 127 21 Stockholm
798 826 29 15 m.
837 827 29 14 m.

213 849 19 20 3.
249 848 43 21 RD
307 849 144 27 bemyndigar
464 850 65 20 KM:t
542 851 35 19 att
590 850 117 26 godkänna
721 850 38 21 vid
772 850 242 27 statsrådsprotokollet
1028 853 51 19 över

184 878 300 21 kommunikationsärenden
500 879 34 21 för
551 879 41 21 den
609 879 27 21 23
653 879 54 27 april
726 880 52 21 1948
795 880 62 27 fogat
872 880 81 27 förslag
969 881 33 20 till
1018 881 61 20 avtal

185 908 80 20 mellan
284 908 65 21 KM:t
367 909 40 20 och
426 909 84 20 kronan
529 910 58 19 samt
606 909 137 21 Stockholms
762 910 50 20 stad
831 915 49 22 ang.
899 910 128 21 överlåtelse
1046 911 33 20 till

185 938 78 21 staden
277 944 28 14 av
319 938 62 21 mark
395 939 59 20 inom
469 939 192 20 Kaknäsområdet
675 940 40 20 och
728 940 13 20 å
755 939 155 27 Långholmen.

213 968 19 20 4.
250 968 42 20 RD
300 968 118 27 medgiver,
426 970 35 19 att
469 969 27 26 på
504 969 7 20 i
519 969 116 20 huvudsak
643 969 26 21 de
677 969 84 24 villkor,
770 976 47 14 som
824 969 7 21 i
838 970 241 27 statsrådsprotokollet

185 999 52 19 över
250 998 192 21 försvarsärenden
456 999 34 20 för
504 999 41 20 den
560 999 12 20 5
586 1005 58 14 mars
660 999 53 20 1948
727 999 101 27 angivits,
844 1000 6 20 i
864 1005 83 15 samma
962 1000 117 20 statsråds-

185 1028 110 26 protokoll
308 1028 144 20 omförmälda
465 1029 167 20 markområden
646 1029 35 20 må
695 1029 99 26 försäljas
807 1029 33 20 till
854 1030 154 26 Sundbybergs
1021 1030 56 20 stad.

214 1069 62 20 Inom
291 1064 152 31 Östergötlands
458 1069 45 21 län:

212 1098 20 21 5.
249 1098 42 21 RD
303 1098 118 27 medgiver,
433 1100 36 19 att
479 1099 132 26 fastigheten
624 1099 125 27 Ryckelsby
760 1100 23 19 3?
794 1100 49 20 med
855 1100 130 20 tillhörande
997 1100 63 21 andel
1072 1101 6 19 i

185 1128 126 26 Ryckelsby
322 1128 71 20 kvarn
406 1129 40 20 och
458 1129 38 26 såg
507 1129 6 20 i
526 1129 77 26 Ekeby
615 1129 79 20 socken
706 1130 35 19 må
754 1129 106 27 försäljas.

215 1169 61 20 Inom
291 1169 135 27 Jönköpings
441 1170 45 20 län:

212 1199 20 20 6.
249 1199 42 20 RD
302 1199 118 27 medgiver,
430 1201 36 19 att
475 1200 203 26 kronoegendomen
689 1200 27 26 ?/;
726 1200 83 20 mantal
820 1200 74 27 Broby
904 1201 143 26 Klostergård
1057 1201 22 20 93

184 1228 7 20 i
208 1228 144 21 Lannaskede
370 1229 79 20 socken
467 1229 43 24 må,
528 1229 50 20 med
596 1230 114 26 undantag
727 1236 28 13 av
772 1230 249 27 mangårdsbyggnaden
1039 1231 40 20 och

185 1258 100 20 området
297 1258 100 27 omkring
410 1258 78 24 denna,
502 1259 107 26 försäljas.

212 1288 20 20 7.
248 1288 43 20 RD
309 1288 117 26 medgiver,
444 1290 36 19 att
496 1289 225 26 kronofastigheterna
740 1289 55 20 Albo
814 1289 104 26 Söregård
936 1290 22 20 32
976 1290 40 20 och
1033 1290 22 20 33
1073 1290 6 20 i

184 1317 116 27 Kulltorps
313 1317 79 21 socken
405 1318 35 20 må
453 1318 107 26 försäljas.

215 1359 61 20 Inom
292 1359 158 21 Kristianstads
465 1359 44 21 län:

212 1389 20 20 8.
249 1388 42 21 RD
303 1389 118 26 medgiver,
434 1390 35 19 att
479 1389 49 21 från
540 1389 131 27 fastigheten
684 1390 128 26 Bäckaskog
826 1390 30 20 145
868 1390 68 21 under
946 1391 133 26 kronoegen-

185 1419 79 20 domen
278 1419 140 26 Bäckaskogs
431 1419 124 26 kungsgård
569 1419 6 20 i
589 1419 81 26 Kiaby,
687 1420 38 20 Ivö
739 1420 40 20 och
792 1420 76 26 Vånga
882 1420 93 20 socknar
987 1420 36 20 må
1036 1421 43 19 för-

185 1448 65 26 säljas
263 1448 58 20 vissa
335 1449 110 20 områden.

215 1489 61 20 Inom
291 1489 124 21 Malmöhus
430 1490 44 20 län:

212 1519 20 20 9.
249 1519 42 20 RD
311 1520 119 26 medgiver,
450 1521 35 19 att
503 1520 203 26 kronoegendomen
726 1521 65 26 Råby
810 1521 55 20 Lilla
891 1521 33 20 17!
947 1521 131 27 (Hospitals-

184 1549 91 26 gården)
291 1549 7 20 i
313 1549 75 21 Lunds
404 1550 50 20 stad
470 1550 50 20 med
536 1550 114 26 undantag
665 1556 28 14 av
709 1550 58 20 vissa
782 1552 82 19 tomter
879 1551 35 20 må
930 1551 100 26 försäljas
1046 1551 32 20 till

184 1578 78 21 staden
275 1579 34 20 för
321 1585 26 14 en
360 1579 144 27 köpeskilling
516 1586 28 13 av
557 1579 41 21 506
606 1580 41 20 000
660 1580 31 20 kr.

214 1608 32 20 10.
263 1609 42 19 RD
320 1609 117 26 medgiver,
451 1610 36 19 att
500 1609 26 20 de
540 1609 74 20 rektor
626 1609 38 21 vid
677 1609 178 21 katedralskolan
868 1610 7 20 i
888 1610 64 21 Lund
966 1610 12 21 å
991 1610 36 21 lön
1041 1616 38 15 an-

184 1638 75 26 slagna
273 1638 157 26 fastigheterna
445 1639 82 26 Källby
541 1639 28 23 2?,
584 1639 23 20 22
621 1639 40 20 och
675 1639 36 20 24!
725 1639 6 20 i
746 1639 63 20 Lund
823 1640 36 19 må
873 1640 34 20 för
920 1641 33 19 ett
966 1640 51 26 pris,
1032 1640 47 20 icke

185 1667 170 27 understigande
371 1668 39 20 198
421 1668 39 20 134
474 1668 40 23 kr.,
529 1668 100 26 försäljas
644 1668 32 20 till
691 1669 74 20 Lunds
780 1669 56 20 stad.

215 1726 61 21 Inom
293 1723 112 30 Älvsborgs
420 1727 45 21 län:

214 1756 32 20 11.
263 1757 42 19 RD
323 1756 118 27 medgiver,
460 1758 35 19 att
512 1757 203 27 kronoegendomen
734 1758 72 20 Grude
824 1758 139 26 Bredgården
981 1758 6 20 i
1006 1758 72 21 Grude

185 1786 79 20 socken
275 1786 37 20 må
323 1786 107 27 försäljas.

216 1827 61 20 Inom
293 1827 127 27 Skaraborgs
436 1828 44 20 län:

215 1857 32 20 12.
264 1857 42 20 RD
319 1857 119 27 medgiver,
451 1859 35 19 att
499 1858 42 20 den
554 1858 64 20 KM:t
631 1859 39 19 och
683 1858 84 21 kronan
780 1858 167 21 tillkommande
960 1860 72 20 rätten
1045 1859 34 21 till

186 1887 45 20 dels
246 1888 33 19 ett
294 1887 6 20 i
315 1888 85 19 tomten
416 1893 25 14 nr
455 1888 13 19 2
483 1888 6 19 i
504 1888 112 20 kvarteret
631 1888 68 20 Metes
714 1888 6 20 i
736 1888 68 21 Skara
819 1888 106 27 ingående
940 1889 88 20 område
1043 1895 35 14 om

185 1916 63 24 275,9
259 1917 166 20 kvadratmeter
433 1923 28 14 av
470 1917 72 26 gamla
550 1919 85 19 tomten
645 1924 25 14 nr
680 1918 46 23 103,
737 1918 39 20 104
786 1918 39 20 och
836 1918 45 23 105,
892 1918 45 20 dels
946 1919 40 20 ock
993 1920 85 19 tomten

185 1952 26 14 nr
221 1946 13 20 3
246 1952 35 14 om
293 1947 13 20 2
315 1947 62 24 868,5
388 1947 166 20 kvadratmeter
565 1947 6 20 i
582 1953 84 15 samma
676 1948 90 20 kvarter
776 1947 69 27 jämte
857 1948 37 20 det
904 1948 13 20 å
928 1950 85 19 tomten
1025 1955 54 20 upp-

185 1976 63 20 förda
259 1975 183 22 bibliotekshuset
452 1977 36 20 må
498 1978 48 19 mot
556 1978 33 19 ett
599 1977 102 27 vederlag
711 1977 33 20 till
754 1978 84 20 kronan
849 1984 29 14 av
888 1978 27 20 30
923 1978 42 21 000
974 1978 33 20 kr.
1019 1980 60 18 över-

185 2005 57 21 låtas
253 2006 28 26 på
293 2006 68 20 Skara
372 2006 57 20 stad.

216 2035 32 21 13.
260 2036 42 19 RD
310 2036 117 26 medgiver,
438 2037 35 19 att
482 2036 41 20 den
532 2036 68 20 andre
608 2036 86 21 lektorn
702 2036 38 21 vid
749 2037 65 26 högre
823 2037 110 20 allmänna
942 2037 136 20 läroverket
1060 2031 19 36 i

187 2065 67 20 Skara
262 2065 28 26 på
298 2065 36 20 lön
341 2066 104 26 anslagna
452 2066 118 26 stadsägan
567 2061 35 36 nr
601 2061 44 36 389
655 2066 51 20 eller
712 2066 128 27 lägenheten
845 2061 144 36 Teglagärdet
996 2067 7 20 i
1011 2067 68 21 Skara

186 2094 36 21 må
239 2095 34 20 för
289 2096 33 19 ett
336 2095 50 26 pris,
401 2095 47 21 icke
462 2096 169 26 understigande
646 2096 26 20 52
682 2096 40 20 600
736 2096 31 20 kr.
783 2096 100 27 försäljas
893 2097 33 20 till
938 2097 67 21 Skara
1021 2097 57 20 stad.

1233 161 91 15 Motioner
1381 160 79 16 Utskott
1505 155 51 37 Sjätv
1623 158 95 17 Protokoll

1099 180 25 20 År
1121 176 20 32 |
1147 184 53 20 Prop.
1217 197 5 1 |
1456 196 41 2 a
1571 195 42 2 EE

1228 214 32 16 FK
1263 210 23 29 |
1291 214 34 16 AK
1347 214 85 16 |SmllAvd]
1456 214 26 16 Nr
1601 213 33 16 FK
1700 213 35 15 AK

1099 309 27 19 471
1168 309 12 20 5
1240 320 27 3 —1
1304 309 122 19 —1101|—
1478 309 78 20 311161:
1595 308 41 20 6:38
1696 307 18 20 6:
1727 309 22 17 12

1109 476 8 12 »
1132 464 18 36 I
1156 470 37 20 101]
1240 481 27 2 —|
1304 481 28 3 —J]
1366 469 60 20 6/—]
1453 469 37 21 1291
1515 470 41 21 256
1555 464 18 36 |
1581 469 33 20 23:
1625 470 24 18 35
1656 464 19 36 |
1681 468 33 20 23:
1726 469 24 18 50

1153 503 22 20 pt
1185 501 10 18 3
1452 506 15 12 s.
1479 501 10 17 4

1099 600 27 21 481
1157 601 35 19 1211]
1240 612 26 2 —I
1304 613 27 2 —I
1366 601 60 19 61—]
1464 600 149 21 721163116:
1625 602 24 17 46
1653 595 23 36 |
1683 599 31 19 16:
1725 601 25 17 80

1109 767 8 13 »
1128 755 24 37 |
1168 761 27 20 901
1239 772 28 2 —I
1304 773 27 2 —I
1366 761 60 19 61—]
1464 761 26 21 441
1517 760 130 22 112114:21
1655 755 19 37 |
1683 759 30 20 14:
1725 761 24 17 86

1109 856 9 13 »
1124 845 23 35 |
1154 850 40 20 229
1225 849 40 20 1377
1269 845 18 35 |
1291 850 39 20 544]
1366 850 60 19 61—]
1450 850 38 20 2211
1515 850 97 21 419127:
1624 853 24 18 70
1656 845 18 35 |
1680 849 33 25 27:
1725 850 24 23 72

1109 976 8 12 »
1139 965 7 34 [I
1156 970 39 20 126]
1240 981 26 2 —|I
1305 981 26 3 —I
1366 969 60 19 61—1
1453 970 38 20 1631
1516 971 40 19 372
1561 965 8 34 1]
1581 970 32 21 25:
1628 973 36 19 144|
1681 973 33 20 25:
1728 972 37 20 134

1153 1003 22 20 pt
1185 1001 10 18 5
1453 1007 14 11 8.
1480 1001 10 17 7

1108 1106 9 12 »
1129 1095 22 34 I
1157 1100 35 19 171]
1240 1110 26 3 —I|
1304 1099 123 20 —1101—]
1468 1100 23 19 141
1516 1101 98 21 202117:
1625 1105 25 17 39
1654 1095 22 34 |
1684 1103 30 20 17:
1726 1105 23 17 51

1109 1207 8 12 »
1132 1196 18 34 |
1156 1201 39 20 166]
1239 1211 27 2 —J|
1305 1200 122 20 —]101—]
1465 1201 148 22 211203117:
1625 1205 25 18 39
1655 1196 22 34 |
1684 1204 30 20 17:
1726 1206 24 17 52

1153 1234 22 20 pt
1186 1233 8 17 1
1453 1237 15 11 s.
1482 1232 7 17 1

1109 1295 8 14 »
1132 1285 18 34 1
1156 1289 39 21 166]
1240 1300 27 2 —|I
1304 1289 123 19 —1101—1]
1465 1289 149 23 211203117:
1626 1294 24 17 39
1659 1285 18 34 |
1684 1293 31 19 17:
1727 1295 24 16 52

1153 1323 22 20 pt
1186 1322 9 16 2
1482 1321 7 17 a

1109 1396 8 14 »
1130 1386 22 34 |
1157 1391 38 20 1661
1240 1401 27 3 —I
1304 1390 123 20 —I1101—]
1465 1391 186 22 211203117:39
1659 1386 18 34 |
1685 1393 66 20 17:52

1152 1424 22 20 pt
1185 1422 10 18 3
1453 1427 15 12 s.
1473 1419 12 30 1

1108 1527 9 13 »
1156 1521 39 21 1166.)
1239 1532 28 2 —]|
1304 1521 123 21 —1101—1
1465 1522 23 20 211
1516 1522 134 21 203117:39
1655 1517 23 35 |
1684 1524 66 20 17:52

1153 1555 22 20 pt
1185 1553 10 18 4
1452 1559 15 11 s.
1480 1554 10 17 2

1109 1616 8 14 »
1134 1607 14 34 [I
1157 1611 38 20 153
1202 1607 31 34 |
1239 1621 28 2 —I
1304 1623 28 1 —I
1366 1611 60 19 61—]
1453 1611 38 20 1031
1516 1612 40 20 268
1553 1607 18 34 |
1581 1612 32 21 20:
1625 1613 39 19 43dl
1682 1613 33 20 20:
1727 1613 38 20 86d

1153 1644 22 20 pt
1184 1642 11 17 3
1452 1648 15 11 s.
1479 1642 11 18 8

1453 1671 38 19 117
1581 1672 33 19 21:
1626 1674 24 17 20
1655 1668 21 33 |
1682 1672 33 20 21:
1729 1674 38 18 128

1581 1702 69 19 22:27
1682 1702 33 20 122:
1726 1703 26 18 89

1109 1765 8 13 »
1136 1755 14 34 [1
1156 1759 39 20 166]
1240 1770 27 2 —|I
1304 1759 123 20 —T1101—1]1
1465 1760 149 20 211203117:
1626 1762 25 18 39
1655 1755 22 34 |
1684 1761 31 20 17:
1727 1762 24 18 52

1153 1792 22 20 pt
1185 1790 10 18 5
1453 1792 37 16 8.2

1109 1865 8 13 »
1155 1860 39 20 [153
1202 1856 31 34 |
1239 1871 28 2 —|
1304 1872 27 2 —I
1366 1860 61 20 61—1]
1454 1861 38 19 103
1493 1856 18 34 I
1516 1861 41 20 2681
1582 1861 32 20 20:
1626 1863 24 18 43
1655 1856 22 34 |
1682 1862 33 20 20:
1727 1864 24 17 86

1153 1893 22 20 pt
1177 1888 12 30 1
1480 1892 10 17 7

1109 2043 9 14 »
1156 2038 38 20 1153]
1239 2050 27 3 —|
1304 2050 27 3 —J]
1366 2038 62 20 61—
1428 2034 10 35 1
1453 2039 39 20 1031
1516 2039 98 20 268120:
1626 2041 24 18 43
1654 2034 22 35 |
1682 2040 33 19 20:
1727 2041 24 18 86

1153 2071 22 20 pt
1185 2070 10 17 2
1453 2070 37 17 8.7
