1844 2359
163 144 43 35 202
896 155 136 15 SAKREGISTER

184 432 168 28 Avsöndringar
367 440 27 14 m.
411 440 27 14 m.

227 465 45 25 äga,
297 464 46 20 dels
357 464 89 27 försälja
464 464 37 20 vid
520 464 214 26 utmarksdelningen
750 465 12 19 å
778 461 70 24 Öland
864 464 33 20 för
912 464 110 20 allmänna

228 494 70 20 behov
316 496 84 18 avsatta
415 501 50 13 men
480 494 33 20 för
529 494 36 21 det
581 494 93 21 avsedda
689 494 123 21 ändamålet
828 495 19 26 ej
864 494 98 27 nyttjade
978 500 43 14 om-

227 524 72 24 råden,
316 524 46 20 dels
378 524 46 26 ock,
441 524 38 20 där
494 524 105 20 särskilda
615 524 46 21 skäl
672 524 72 21 därtill
755 524 108 26 föreligga,
874 524 101 20 förordna
986 530 35 14 om

227 554 115 20 avstående
360 556 53 18 utan
432 554 98 26 vederlag
549 561 26 14 av
594 554 74 27 dylika
683 554 111 25 områden;
812 554 102 20 skolande
930 554 37 21 vid
981 554 40 20 för-

227 584 100 27 säljning,
344 591 73 14 varom
434 591 51 20 nyss
504 586 93 23 nämnts,
617 584 118 27 inflytande
749 584 168 27 köpeskillingar
930 584 91 21 tillföras

227 616 81 18 statens
324 614 113 21 domäners
453 614 53 20 fond
521 616 57 19 samt
593 614 109 21 användas
713 614 34 21 till
757 614 66 27 inköp
834 621 27 14 av
875 614 147 26 skogbärande

227 644 52 20 eller
294 644 34 20 till
344 644 116 26 skogsbörd
476 644 77 27 tjänlig
569 645 67 19 mark.

198 704 62 20 Inom
277 702 165 23 Kristianstads
457 704 45 20 län:

170 738 25 16 49
212 734 38 20 RD
269 734 115 26 medgiver,
404 736 32 18 att
452 733 200 27 kronoegendomen
669 732 27 29 !/,
712 734 82 20 mantal
810 734 131 26 Glimminge
957 740 25 14 nr
995 733 26 21 10

227 764 7 20 i
250 764 77 20 Västra
349 764 86 26 Karups
458 764 78 20 socken
559 764 36 20 må
618 764 34 20 till
668 763 142 27 egendomens
827 764 122 20 arrendator
963 764 20 20 J.
1000 764 20 20 8.

228 793 106 21 Svensson
349 794 50 20 med
416 794 146 20 tillträdesrätt
578 793 41 21 den
637 793 27 21 14
679 801 58 13 mars
754 793 63 25 1929,
833 793 27 21 då
875 800 30 14 nu
923 793 99 27 gällande

227 824 191 20 arrendekontrakt
433 830 35 14 om
485 824 132 26 egendomen
633 824 55 20 skall
704 824 97 27 upphöra
813 825 31 19 att
852 823 62 27 gälla,
923 823 98 27 försäljas

226 855 47 19 mot
288 861 27 13 en
330 853 145 27 köpeskilling
491 861 26 14 av
534 854 27 20 26
571 853 42 21 500
630 854 31 20 kr.

168 913 26 16 50
211 908 38 20 RD
273 908 115 26 medgiver,
412 909 32 19 att
459 909 30 19 ett
508 908 7 20 i
531 907 232 28 statsrådsprotokollet
778 907 130 25 omförmält,
925 908 13 20 å
953 914 27 14 en
995 914 27 14 av

227 938 240 20 distriktslantmätaren
491 938 19 20 J.
528 937 73 21 Woldt
617 938 23 20 år
657 937 56 21 1928
729 937 116 27 upprättad
856 938 66 20 karta
937 938 85 25 angivet

227 968 87 21 område
337 975 35 13 om
393 968 64 20 15350
473 968 159 20 kvadratmeter
648 968 35 20 må
698 968 124 27 frånskiljas
838 967 183 27 kronoflygsands-

226 998 63 21 fältet
311 998 78 20 Gamla
407 998 66 27 Espet
489 1005 25 13 nr
531 997 10 21 1
559 998 7 20 i
582 994 61 24 Åhus
659 998 78 20 socken
753 998 39 20 och
809 998 50 20 med
874 998 148 20 tillträdesrätt

227 1028 42 20 den
287 1028 10 20 1
315 1029 43 26 maj
379 1028 54 20 1929
450 1028 99 26 försäljas
565 1028 33 20 till
614 1028 170 20 tullförvaltaren
801 1028 25 20 N.
843 1028 101 20 Hansson
954 1028 33 20 för
995 1034 26 14 en

226 1057 145 27 köpeskilling
386 1064 27 14 av
429 1058 42 20 945
488 1058 31 19 kr.

169 1116 23 15 51
211 1111 38 20 RD
273 1111 114 26 medgiver,
412 1112 31 19 att
461 1111 34 20 till
510 1111 74 20 staden
601 1104 128 41 Ängelholm
746 1112 42 23 må,
805 1111 50 20 med
870 1111 94 20 tillträde
980 1111 41 20 den

228 1141 11 19 1
263 1141 43 26 jan.
334 1140 62 25 1930,
416 1148 26 13 av
461 1141 148 26 kronoparken
629 1141 129 26 Ängelholm
774 1141 98 26 försäljas
888 1141 7 20 i
911 1141 110 20 statsråds-

227 1170 129 27 protokollet
378 1170 150 25 omförmälda,
552 1171 13 20 å
580 1177 27 14 en
633 1177 26 14 av
675 1171 177 26 statsingenjören
868 1170 24 20 E.
909 1170 74 20 Almér
999 1171 23 20 år

230 1200 54 20 1926
308 1200 116 27 upprättad
449 1200 74 21 »karta
546 1202 49 19 över
618 1200 67 21 Södra
707 1201 40 20 och
770 1200 35 21 del
821 1207 26 14 av
863 1201 62 19 Stora
940 1200 80 21 Plante-

225 1231 81 25 ringen,
321 1230 41 20 den
381 1236 15 14 s.
415 1230 20 20 k.
455 1230 177 26 lasarettsskogen
651 1231 7 19 i
669 1227 141 29 Ängelholm»
824 1230 50 20 med
889 1230 41 20 litt.
947 1231 18 19 A
981 1230 40 21 och

227 1260 16 20 B
260 1260 130 20 betecknade
406 1260 102 20 områden
525 1260 49 20 med
590 1260 51 20 därå
656 1260 98 20 växande
769 1260 53 26 skog
837 1260 39 20 och
893 1260 81 20 kronan
988 1260 34 20 för

227 1290 226 27 kronojägarbostället
469 1290 163 26 Kyrkdammen
649 1290 108 26 tillhöriga
776 1290 126 26 byggnader.

195 1350 63 20 Inom
274 1349 124 21 Malmöhus
414 1349 45 20 län:

169 1385 25 15 52
211 1380 37 20 RD
264 1379 114 26 medgiver,
395 1381 32 19 att
442 1380 57 20 vissa
512 1380 7 20 i
530 1379 232 27 statsrådsprotokollet
773 1379 92 26 angivna
875 1381 80 19 statens
965 1380 54 26 järn-

226 1411 64 24 vägar
305 1409 108 27 tillhöriga
429 1409 165 21 markområden
605 1410 36 19 må
652 1409 98 27 försäljas
762 1409 68 21 under
841 1409 83 25 villkor,
937 1416 45 14 som
995 1416 25 14 av

226 1440 61 19 KM:t
310 1440 123 24 fastställas,
457 1441 102 19 ävensom
576 1441 31 19 att
622 1441 80 19 statens
718 1440 113 25 järnvägar
846 1439 96 26 tillhörig
957 1439 63 21 andel

225 1470 8 19 i
249 1469 41 20 den
306 1469 33 20 för
362 1467 37 30 ?/,,
419 1469 82 20 mantal
517 1469 102 27 Vinstorp
630 1476 25 13 nr
672 1469 12 20 2
700 1469 115 20 samfällda
828 1469 102 27 vägmark
941 1470 36 19 må
986 1469 34 20 till

225 1500 91 19 Lomma
327 1499 223 27 municipalsamhälle
560 1502 52 18 utan
624 1499 117 26 ersättning
752 1499 113 24 överlåtas;
878 1500 40 20 och
928 1499 93 21 besluter

226 1529 44 24 RD,
294 1531 32 18 att
345 1529 25 20 de
386 1529 77 25 medel,
480 1536 46 14 som
543 1530 7 19 i
566 1529 42 20 anl.
626 1536 26 14 av
668 1529 88 20 berörda
771 1529 151 27 försäljningar
937 1529 82 27 inflyta,

226 1559 61 21 skola
302 1559 91 21 tillföras
409 1561 80 19 statens
505 1560 123 26 järnvägars
643 1559 53 20 fond
711 1559 33 20 för
760 1559 152 20 markförvärv.

168 1618 24 15 53
210 1612 38 21 RD
265 1612 107 26 medgiver
382 1612 127 27 försäljning
524 1619 27 14 av
567 1614 30 19 ett
612 1613 8 20 i
636 1612 232 27 statsrådsprotokollet
883 1613 91 26 angivet,
987 1613 33 20 till

226 1642 89 27 Flyinge
341 1642 121 26 kungsgård
484 1643 8 20 i
511 1642 67 21 Södra
607 1642 88 27 Sandby
719 1642 77 21 socken
819 1642 95 21 hörande
937 1643 39 20 och
999 1643 22 20 åt

226 1672 89 27 Flyinge
331 1672 127 27 hingstdepå
474 1672 39 21 och
529 1673 76 20 stuteri
620 1672 98 27 upplåtet
733 1672 93 25 område,
843 1672 36 21 det
895 1679 15 14 s.
922 1672 21 20 k.
955 1673 65 20 Moss-

225 1702 80 20 skiftet.

168 1761 24 16 54
210 1756 38 20 RD
271 1756 109 26 medgiver
402 1758 32 18 att
449 1757 31 19 ett
495 1756 76 26 utbyte
586 1762 27 14 av
631 1755 124 26 fastigheter
770 1756 36 20 må
821 1758 39 23 äga
875 1762 48 14 rum
940 1756 80 20 mellan

224 1786 82 20 kronan
322 1786 12 20 å
350 1792 40 14 ena
413 1785 62 21 sidan
498 1786 40 20 och
554 1785 74 21 staden
644 1785 65 21 Eslöv
725 1786 12 20 å
753 1785 66 21 andra
835 1785 67 25 sidan,
919 1786 100 20 sålunda:

225 1817 31 19 att
278 1815 83 21 kronan
384 1815 33 21 till
441 1815 75 21 staden
540 1815 65 21 Eslöv
620 1815 104 21 överlåter
739 1822 27 14 av
781 1815 62 21 södra
858 1815 63 21 delen
937 1823 26 13 av
979 1816 42 20 den

224 1845 82 21 kronan
322 1846 109 26 tillhöriga
447 1845 84 21 arealen
547 1852 26 14 av
588 1847 83 19 tomten
686 1852 26 13 nr
729 1845 40 21 137
785 1846 7 19 i
803 1845 106 21 kvarteret
917 1845 43 21 503
968 1846 52 20 Kor-

224 1878 37 18 net
275 1876 8 20 i
299 1882 83 14 samma
398 1875 48 21 stad
462 1878 30 18 ett
508 1875 86 21 område
610 1875 151 21 innehållande
777 1875 99 27 omkring
893 1875 64 21 1800
968 1876 51 20 kva-

224 1905 122 25 dratmeter,
363 1906 12 20 å
391 1912 26 14 en
433 1906 7 20 i
456 1905 88 21 ärendet
559 1905 97 21 företedd
672 1905 61 21 karta
748 1905 114 21 betecknat
877 1906 50 20 med
943 1906 41 20 litt.
995 1906 24 24 A;

224 1937 32 18 att
279 1935 75 21 staden
377 1935 66 21 Eslöv
458 1935 33 21 till
510 1935 83 21 kronan
608 1935 104 21 överlåter
727 1937 31 19 ett
773 1935 87 21 område
875 1935 103 21 likaledes
994 1943 26 13 av

224 1965 99 26 omkring
340 1965 64 21 1800
420 1965 164 24 kvadratmeter,
606 1965 83 26 beläget
706 1966 56 19 öster
775 1972 36 13 om
822 1965 93 21 kronans
926 1966 95 20 nämnda

224 1997 55 19 tomt
294 1996 40 19 och
350 1996 13 19 å
378 2002 84 14 samma
477 1995 61 21 karta
555 1995 112 21 betecknat
683 1995 50 20 med
748 1995 41 21 litt.
807 1995 24 25 B,
848 1997 56 19 samt
915 1997 32 19 att
957 1997 62 19 samt-

224 2025 43 26 liga
285 2025 115 21 kostnader
416 2026 32 19 för
463 2025 141 27 avstyckning
619 2025 39 20 och
675 2025 77 26 lagfart
767 2032 26 14 av
808 2025 160 26 ifrågavarande
977 2032 43 14 om-

224 2055 66 20 råden
306 2056 36 19 må
358 2055 103 20 bestridas
477 2062 27 14 av
519 2055 75 20 staden
610 2055 71 21 Eslöv.

1110 217 41 32 SM
1493 224 53 16 Riks-

1057 247 17 26 3
1110 247 41 35 2
1210 272 4 3 =
1326 242 95 46 ee
1484 253 72 22 dagens
1613 253 119 17 Kamrarnas

1053 274 19 49 az
1110 294 17 23 z
1134 285 17 28 z
1166 268 97 42 Mtooner
1291 272 158 47 HS
1488 279 56 31 skri-
1598 279 146 32 förhandlingar

1057 314 95 24 CT
1490 313 63 17 velser

1052 339 17 12 =
1110 336 40 22 låg
1311 355 1 3 T

1057 355 17 24 >
1111 349 35 40 a
1198 380 8 5 5
1251 361 50 25 >
1311 359 1 30 |
1326 367 16 15 >
1352 355 1 4 |
1440 369 17 12 w
1541 369 17 11 21
1587 367 68 17 Första
1659 363 24 31 |
1688 367 66 17 Andra

1111 389 36 30 "3
1172 379 34 18 FK
1224 380 36 16 JAK
1297 387 15 38 |
1326 385 17 30 å
1380 379 17 27 /
1438 378 16 40 Ez
1494 378 16 28 7
1541 382 17 32 £
1584 392 70 16 kamm.
1658 385 21 33 |
1685 392 70 16 kamm.

1311 434 2 17 |

1037 464 55 20 1928
1311 453 2 40 |

1060 741 8 11 >»
1109 733 42 21 [210
1276 733 26 20 10
1380 733 28 21 68
1407 729 19 36 |
1441 733 81 21 191265
1581 733 33 20 32:
1626 738 39 15 115|
1683 733 33 20 35:
1728 738 39 16 110

1107 768 46 23 p-29

1059 916 9 11 »
1108 907 43 21 1210
1276 908 26 20 10
1381 907 27 21 68
1407 903 19 37 |
1441 908 82 20 191265
1581 903 34 37 32:
1626 903 51 37 115|
1683 907 33 21 35:
1728 912 39 16 110

1107 942 46 23 p-30

1059 1119 8 10 >»
1108 1110 42 21 1210
1276 1111 26 20 10
1381 1111 27 21 68
1410 1107 19 36 |
1441 1111 82 20 191265
1582 1110 33 20 32:
1627 1115 39 15 115
1684 1110 33 21 35:
1729 1116 39 15 110

1106 1145 45 23 p-31

1059 1388 8 10 SE
1276 1379 26 20 10
1382 1379 26 20 18
1482 1379 41 21 174
1589 1378 68 21 23:68
1663 1374 19 36 |
1690 1378 34 21 24:
1735 1384 25 15 40

1058 1620 9 11 >
1108 1612 42 20 [134
1274 1612 27 21 10
1380 1612 26 20 21
1482 1612 40 20 ATV
1589 1611 33 20 23:
1634 1616 24 16 68
1663 1607 19 35 |
1691 1612 33 20 24:
1736 1617 24 16 40

1058 1764 9 11 »
1108 1756 42 21 1163
1275 1755 26 21 10
1380 1756 27 20 26
1482 1755 40 21 187
1588 1755 34 20 23:
1632 1760 25 16 68
1660 1751 19 35 |
1690 1755 33 21 24:
1734 1760 26 16 40
