<?xml version="1.0" encoding="UTF-8"?>
<alto xmlns="http://www.loc.gov/standards/alto/ns-v3#" xmlns:xlink="http://www.w3.org/1999/xlink" xmlns:xsi="http://www.w3.org/2001/XMLSchema-instance" xsi:schemaLocation="http://www.loc.gov/standards/alto/ns-v3# http://www.loc.gov/alto/v3/alto-3-0.xsd">
	<Description>
		<MeasurementUnit>pixel</MeasurementUnit>
		<sourceImageInformation>
			<fileName></fileName>
		</sourceImageInformation>
		<OCRProcessing ID="OCR_0">
			<ocrProcessingStep>
				<processingSoftware>
					<softwareName>tesseract 4.1.1</softwareName>
				</processingSoftware>
			</ocrProcessingStep>
		</OCRProcessing>
	</Description>
	<Layout>
		<Page WIDTH="1794" HEIGHT="2328" PHYSICAL_IMG_NR="0" ID="page_0">
			<PrintSpace HPOS="0" VPOS="0" WIDTH="1794" HEIGHT="2328">
				<ComposedBlock ID="cblock_0" HPOS="11" VPOS="0" WIDTH="647" HEIGHT="4">
					<TextBlock ID="block_0" HPOS="11" VPOS="0" WIDTH="647" HEIGHT="4">
						<TextLine ID="line_0" HPOS="11" VPOS="0" WIDTH="647" HEIGHT="4">
							<String ID="string_0" HPOS="11" VPOS="0" WIDTH="647" HEIGHT="4" WC="0.95" CONTENT=" "/>
						</TextLine>
					</TextBlock>
				</ComposedBlock>
				<ComposedBlock ID="cblock_1" HPOS="734" VPOS="75" WIDTH="222" HEIGHT="19">
					<TextBlock ID="block_1" HPOS="734" VPOS="75" WIDTH="222" HEIGHT="19">
						<TextLine ID="line_1" HPOS="734" VPOS="75" WIDTH="222" HEIGHT="19">
							<String ID="string_1" HPOS="734" VPOS="75" WIDTH="222" HEIGHT="19" WC="0.90" CONTENT="SAKREGISTER"/>
						</TextLine>
					</TextBlock>
				</ComposedBlock>
				<ComposedBlock ID="cblock_2" HPOS="1619" VPOS="76" WIDTH="27" HEIGHT="20">
					<TextBlock ID="block_2" HPOS="1619" VPOS="76" WIDTH="27" HEIGHT="20">
						<TextLine ID="line_2" HPOS="1619" VPOS="76" WIDTH="27" HEIGHT="20">
							<String ID="string_2" HPOS="1619" VPOS="76" WIDTH="27" HEIGHT="20" WC="0.96" CONTENT="79"/>
						</TextLine>
					</TextBlock>
				</ComposedBlock>
				<ComposedBlock ID="cblock_3" HPOS="43" VPOS="139" WIDTH="1596" HEIGHT="8">
					<TextBlock ID="block_3" HPOS="43" VPOS="139" WIDTH="1596" HEIGHT="8">
						<TextLine ID="line_3" HPOS="43" VPOS="139" WIDTH="1596" HEIGHT="8">
							<String ID="string_3" HPOS="43" VPOS="139" WIDTH="1596" HEIGHT="8" WC="0.95" CONTENT=" "/>
						</TextLine>
					</TextBlock>
				</ComposedBlock>
				<ComposedBlock ID="cblock_4" HPOS="1" VPOS="164" WIDTH="7" HEIGHT="1724">
					<TextBlock ID="block_4" HPOS="1" VPOS="164" WIDTH="7" HEIGHT="1724">
						<TextLine ID="line_4" HPOS="1" VPOS="164" WIDTH="7" HEIGHT="1724">
							<String ID="string_4" HPOS="1" VPOS="164" WIDTH="7" HEIGHT="1724" WC="0.95" CONTENT=" "/>
						</TextLine>
					</TextBlock>
				</ComposedBlock>
				<ComposedBlock ID="cblock_5" HPOS="43" VPOS="140" WIDTH="7" HEIGHT="1982">
					<TextBlock ID="block_5" HPOS="43" VPOS="140" WIDTH="7" HEIGHT="1982">
						<TextLine ID="line_5" HPOS="43" VPOS="140" WIDTH="7" HEIGHT="1982">
							<String ID="string_5" HPOS="43" VPOS="140" WIDTH="7" HEIGHT="1982" WC="0.95" CONTENT=" "/>
						</TextLine>
					</TextBlock>
				</ComposedBlock>
				<ComposedBlock ID="cblock_6" HPOS="970" VPOS="187" WIDTH="25" HEIGHT="20">
					<TextBlock ID="block_6" HPOS="970" VPOS="187" WIDTH="25" HEIGHT="20">
						<TextLine ID="line_6" HPOS="970" VPOS="187" WIDTH="25" HEIGHT="20">
							<String ID="string_6" HPOS="970" VPOS="187" WIDTH="25" HEIGHT="20" WC="0.95" CONTENT="År"/>
						</TextLine>
					</TextBlock>
				</ComposedBlock>
				<ComposedBlock ID="cblock_7" HPOS="1018" VPOS="190" WIDTH="52" HEIGHT="21">
					<TextBlock ID="block_7" HPOS="1018" VPOS="190" WIDTH="52" HEIGHT="21">
						<TextLine ID="line_7" HPOS="1018" VPOS="190" WIDTH="52" HEIGHT="21">
							<String ID="string_7" HPOS="1018" VPOS="190" WIDTH="52" HEIGHT="21" WC="0.95" CONTENT="Prop."/>
						</TextLine>
					</TextBlock>
				</ComposedBlock>
				<ComposedBlock ID="cblock_8" HPOS="1101" VPOS="166" WIDTH="89" HEIGHT="17">
					<TextBlock ID="block_8" HPOS="1101" VPOS="166" WIDTH="89" HEIGHT="17">
						<TextLine ID="line_8" HPOS="1101" VPOS="166" WIDTH="89" HEIGHT="17">
							<String ID="string_8" HPOS="1101" VPOS="166" WIDTH="89" HEIGHT="17" WC="0.96" CONTENT="Motioner"/>
						</TextLine>
					</TextBlock>
				</ComposedBlock>
				<ComposedBlock ID="cblock_9" HPOS="1258" VPOS="166" WIDTH="71" HEIGHT="17">
					<TextBlock ID="block_9" HPOS="1258" VPOS="166" WIDTH="71" HEIGHT="17">
						<TextLine ID="line_9" HPOS="1258" VPOS="166" WIDTH="71" HEIGHT="17">
							<String ID="string_9" HPOS="1258" VPOS="166" WIDTH="71" HEIGHT="17" WC="0.96" CONTENT="Utskott"/>
						</TextLine>
					</TextBlock>
				</ComposedBlock>
				<ComposedBlock ID="cblock_10" HPOS="1377" VPOS="178" WIDTH="57" HEIGHT="16">
					<TextBlock ID="block_10" HPOS="1377" VPOS="178" WIDTH="57" HEIGHT="16">
						<TextLine ID="line_10" HPOS="1377" VPOS="178" WIDTH="57" HEIGHT="16">
							<String ID="string_10" HPOS="1377" VPOS="178" WIDTH="57" HEIGHT="16" WC="0.63" CONTENT="Skriv."/>
						</TextLine>
					</TextBlock>
				</ComposedBlock>
				<ComposedBlock ID="cblock_11" HPOS="1492" VPOS="166" WIDTH="91" HEIGHT="17">
					<TextBlock ID="block_11" HPOS="1492" VPOS="166" WIDTH="91" HEIGHT="17">
						<TextLine ID="line_11" HPOS="1492" VPOS="166" WIDTH="91" HEIGHT="17">
							<String ID="string_11" HPOS="1492" VPOS="166" WIDTH="91" HEIGHT="17" WC="0.96" CONTENT="Protokoll"/>
						</TextLine>
					</TextBlock>
				</ComposedBlock>
				<ComposedBlock ID="cblock_12" HPOS="1087" VPOS="200" WIDTH="549" HEIGHT="5">
					<TextBlock ID="block_12" HPOS="1087" VPOS="200" WIDTH="549" HEIGHT="5">
						<TextLine ID="line_12" HPOS="1087" VPOS="200" WIDTH="549" HEIGHT="5">
							<String ID="string_12" HPOS="1087" VPOS="200" WIDTH="549" HEIGHT="5" WC="0.95" CONTENT=" "/>
						</TextLine>
					</TextBlock>
				</ComposedBlock>
				<ComposedBlock ID="cblock_13" HPOS="1101" VPOS="220" WIDTH="29" HEIGHT="16">
					<TextBlock ID="block_13" HPOS="1101" VPOS="220" WIDTH="29" HEIGHT="16">
						<TextLine ID="line_13" HPOS="1101" VPOS="220" WIDTH="29" HEIGHT="16">
							<String ID="string_13" HPOS="1101" VPOS="220" WIDTH="29" HEIGHT="16" WC="0.80" CONTENT="FK"/>
						</TextLine>
					</TextBlock>
				</ComposedBlock>
				<ComposedBlock ID="cblock_14" HPOS="1164" VPOS="220" WIDTH="32" HEIGHT="16">
					<TextBlock ID="block_14" HPOS="1164" VPOS="220" WIDTH="32" HEIGHT="16">
						<TextLine ID="line_14" HPOS="1164" VPOS="220" WIDTH="32" HEIGHT="16">
							<String ID="string_14" HPOS="1164" VPOS="220" WIDTH="32" HEIGHT="16" WC="0.87" CONTENT="AK"/>
						</TextLine>
					</TextBlock>
				</ComposedBlock>
				<ComposedBlock ID="cblock_15" HPOS="1217" VPOS="219" WIDTH="137" HEIGHT="18">
					<TextBlock ID="block_15" HPOS="1217" VPOS="219" WIDTH="137" HEIGHT="18">
						<TextLine ID="line_15" HPOS="1217" VPOS="219" WIDTH="137" HEIGHT="18">
							<String ID="string_15" HPOS="1217" VPOS="219" WIDTH="88" HEIGHT="18" WC="0.11" CONTENT="ISmllAvd!"/><SP WIDTH="24" VPOS="219" HPOS="1305"/>
							<String ID="string_16" HPOS="1329" VPOS="220" WIDTH="25" HEIGHT="16" WC="0.96" CONTENT="Nr"/>
						</TextLine>
					</TextBlock>
				</ComposedBlock>
				<ComposedBlock ID="cblock_16" HPOS="1397" VPOS="207" WIDTH="22" HEIGHT="11">
					<TextBlock ID="block_16" HPOS="1397" VPOS="207" WIDTH="22" HEIGHT="11">
						<TextLine ID="line_16" HPOS="1397" VPOS="207" WIDTH="22" HEIGHT="11">
							<String ID="string_17" HPOS="1397" VPOS="207" WIDTH="22" HEIGHT="11" WC="0.94" CONTENT="nr"/>
						</TextLine>
					</TextBlock>
				</ComposedBlock>
				<ComposedBlock ID="cblock_17" HPOS="1476" VPOS="220" WIDTH="131" HEIGHT="16">
					<TextBlock ID="block_17" HPOS="1476" VPOS="220" WIDTH="131" HEIGHT="16">
						<TextLine ID="line_17" HPOS="1476" VPOS="220" WIDTH="131" HEIGHT="16">
							<String ID="string_18" HPOS="1476" VPOS="220" WIDTH="29" HEIGHT="16" WC="0.95" CONTENT="FK"/><SP WIDTH="70" VPOS="220" HPOS="1505"/>
							<String ID="string_19" HPOS="1575" VPOS="220" WIDTH="32" HEIGHT="16" WC="0.95" CONTENT="AK"/>
						</TextLine>
					</TextBlock>
				</ComposedBlock>
				<ComposedBlock ID="cblock_18" HPOS="956" VPOS="253" WIDTH="679" HEIGHT="6">
					<TextBlock ID="block_18" HPOS="956" VPOS="253" WIDTH="679" HEIGHT="6">
						<TextLine ID="line_18" HPOS="956" VPOS="253" WIDTH="679" HEIGHT="6">
							<String ID="string_20" HPOS="956" VPOS="253" WIDTH="679" HEIGHT="6" WC="0.95" CONTENT=" "/>
						</TextLine>
					</TextBlock>
				</ComposedBlock>
				<ComposedBlock ID="cblock_19" HPOS="63" VPOS="257" WIDTH="887" HEIGHT="740">
					<TextBlock ID="block_19" HPOS="63" VPOS="257" WIDTH="287" HEIGHT="26">
						<TextLine ID="line_19" HPOS="63" VPOS="257" WIDTH="287" HEIGHT="26">
							<String ID="string_21" HPOS="63" VPOS="257" WIDTH="287" HEIGHT="26" WC="0.91" CONTENT="Avlöningsreglementen"/>
						</TextLine>
					</TextBlock>
					<TextBlock ID="block_20" HPOS="79" VPOS="288" WIDTH="870" HEIGHT="81">
						<TextLine ID="line_20" HPOS="79" VPOS="288" WIDTH="870" HEIGHT="27">
							<String ID="string_22" HPOS="79" VPOS="293" WIDTH="7" HEIGHT="14" WC="0.91" CONTENT="1"/><SP WIDTH="20" VPOS="293" HPOS="86"/>
							<String ID="string_23" HPOS="106" VPOS="288" WIDTH="39" HEIGHT="20" WC="0.91" CONTENT="RD"/><SP WIDTH="12" VPOS="288" HPOS="145"/>
							<String ID="string_24" HPOS="157" VPOS="288" WIDTH="78" HEIGHT="20" WC="0.96" CONTENT="avslår"/><SP WIDTH="11" VPOS="288" HPOS="235"/>
							<String ID="string_25" HPOS="246" VPOS="289" WIDTH="89" HEIGHT="20" WC="0.96" CONTENT="motion"/><SP WIDTH="12" VPOS="289" HPOS="335"/>
							<String ID="string_26" HPOS="347" VPOS="295" WIDTH="37" HEIGHT="14" WC="0.96" CONTENT="om"/><SP WIDTH="11" VPOS="295" HPOS="384"/>
							<String ID="string_27" HPOS="395" VPOS="289" WIDTH="131" HEIGHT="21" WC="0.96" CONTENT="beredande"/><SP WIDTH="11" VPOS="289" HPOS="526"/>
							<String ID="string_28" HPOS="537" VPOS="296" WIDTH="28" HEIGHT="14" WC="0.96" CONTENT="av"/><SP WIDTH="11" VPOS="296" HPOS="565"/>
							<String ID="string_29" HPOS="576" VPOS="290" WIDTH="122" HEIGHT="25" WC="0.96" CONTENT="möjlighet"/><SP WIDTH="10" VPOS="290" HPOS="698"/>
							<String ID="string_30" HPOS="708" VPOS="290" WIDTH="35" HEIGHT="20" WC="0.96" CONTENT="till"/><SP WIDTH="12" VPOS="290" HPOS="743"/>
							<String ID="string_31" HPOS="755" VPOS="290" WIDTH="101" HEIGHT="20" WC="0.93" CONTENT="särskild"/><SP WIDTH="11" VPOS="290" HPOS="856"/>
							<String ID="string_32" HPOS="867" VPOS="291" WIDTH="82" HEIGHT="20" WC="0.92" CONTENT="ersätt-"/>
						</TextLine>
						<TextLine ID="line_21" HPOS="106" VPOS="318" WIDTH="842" HEIGHT="26">
							<String ID="string_33" HPOS="106" VPOS="318" WIDTH="56" HEIGHT="25" WC="0.96" CONTENT="ning"/><SP WIDTH="12" VPOS="318" HPOS="162"/>
							<String ID="string_34" HPOS="174" VPOS="318" WIDTH="35" HEIGHT="20" WC="0.93" CONTENT="till"/><SP WIDTH="14" VPOS="318" HPOS="209"/>
							<String ID="string_35" HPOS="223" VPOS="318" WIDTH="212" HEIGHT="25" WC="0.91" CONTENT="löneplananställd"/><SP WIDTH="13" VPOS="318" HPOS="435"/>
							<String ID="string_36" HPOS="448" VPOS="320" WIDTH="107" HEIGHT="24" WC="0.96" CONTENT="personal"/><SP WIDTH="13" VPOS="320" HPOS="555"/>
							<String ID="string_37" HPOS="568" VPOS="320" WIDTH="38" HEIGHT="20" WC="0.96" CONTENT="vid"/><SP WIDTH="12" VPOS="320" HPOS="606"/>
							<String ID="string_38" HPOS="618" VPOS="320" WIDTH="125" HEIGHT="20" WC="0.96" CONTENT="utförande"/><SP WIDTH="13" VPOS="320" HPOS="743"/>
							<String ID="string_39" HPOS="756" VPOS="326" WIDTH="27" HEIGHT="14" WC="0.96" CONTENT="av"/><SP WIDTH="12" VPOS="326" HPOS="783"/>
							<String ID="string_40" HPOS="795" VPOS="320" WIDTH="96" HEIGHT="21" WC="0.93" CONTENT="särskilt"/><SP WIDTH="12" VPOS="320" HPOS="891"/>
							<String ID="string_41" HPOS="903" VPOS="320" WIDTH="45" HEIGHT="20" WC="0.91" CONTENT="för-"/>
						</TextLine>
						<TextLine ID="line_22" HPOS="105" VPOS="348" WIDTH="214" HEIGHT="21">
							<String ID="string_42" HPOS="105" VPOS="348" WIDTH="118" HEIGHT="20" WC="0.91" CONTENT="orenande"/><SP WIDTH="10" VPOS="348" HPOS="223"/>
							<String ID="string_43" HPOS="233" VPOS="348" WIDTH="86" HEIGHT="21" WC="0.95" CONTENT="arbete."/>
						</TextLine>
					</TextBlock>
					<TextBlock ID="block_21" HPOS="77" VPOS="377" WIDTH="873" HEIGHT="620">
						<TextLine ID="line_23" HPOS="77" VPOS="377" WIDTH="872" HEIGHT="27">
							<String ID="string_44" HPOS="77" VPOS="382" WIDTH="10" HEIGHT="15" WC="0.91" CONTENT="2"/><SP WIDTH="19" VPOS="382" HPOS="87"/>
							<String ID="string_45" HPOS="106" VPOS="377" WIDTH="39" HEIGHT="20" WC="0.91" CONTENT="RD"/><SP WIDTH="14" VPOS="377" HPOS="145"/>
							<String ID="string_46" HPOS="159" VPOS="377" WIDTH="154" HEIGHT="26" WC="0.90" CONTENT="bemyndigar"/><SP WIDTH="15" VPOS="377" HPOS="313"/>
							<String ID="string_47" HPOS="328" VPOS="378" WIDTH="26" HEIGHT="21" WC="0.91" CONTENT="K."/><SP WIDTH="15" VPOS="378" HPOS="354"/>
							<String ID="string_48" HPOS="369" VPOS="378" WIDTH="44" HEIGHT="21" WC="0.96" CONTENT="M:t"/><SP WIDTH="15" VPOS="378" HPOS="413"/>
							<String ID="string_49" HPOS="428" VPOS="379" WIDTH="48" HEIGHT="20" WC="0.96" CONTENT="dels"/><SP WIDTH="15" VPOS="379" HPOS="476"/>
							<String ID="string_50" HPOS="491" VPOS="380" WIDTH="33" HEIGHT="19" WC="0.96" CONTENT="att"/><SP WIDTH="14" VPOS="380" HPOS="524"/>
							<String ID="string_51" HPOS="538" VPOS="379" WIDTH="93" HEIGHT="25" WC="0.95" CONTENT="vidtaga"/><SP WIDTH="14" VPOS="379" HPOS="631"/>
							<String ID="string_52" HPOS="645" VPOS="379" WIDTH="126" HEIGHT="25" WC="0.96" CONTENT="ändringar"/><SP WIDTH="13" VPOS="379" HPOS="771"/>
							<String ID="string_53" HPOS="784" VPOS="380" WIDTH="8" HEIGHT="20" WC="0.96" CONTENT="i"/><SP WIDTH="14" VPOS="380" HPOS="792"/>
							<String ID="string_54" HPOS="806" VPOS="380" WIDTH="88" HEIGHT="20" WC="0.93" CONTENT="statens"/><SP WIDTH="14" VPOS="380" HPOS="894"/>
							<String ID="string_55" HPOS="908" VPOS="380" WIDTH="41" HEIGHT="20" WC="0.89" CONTENT="all-"/>
						</TextLine>
						<TextLine ID="line_24" HPOS="106" VPOS="408" WIDTH="843" HEIGHT="26">
							<String ID="string_56" HPOS="106" VPOS="408" WIDTH="87" HEIGHT="20" WC="0.92" CONTENT="männa"/><SP WIDTH="14" VPOS="408" HPOS="193"/>
							<String ID="string_57" HPOS="207" VPOS="408" WIDTH="263" HEIGHT="25" WC="0.90" CONTENT="avlöningsreglemente"/><SP WIDTH="13" VPOS="408" HPOS="470"/>
							<String ID="string_58" HPOS="483" VPOS="409" WIDTH="44" HEIGHT="20" WC="0.96" CONTENT="den"/><SP WIDTH="13" VPOS="409" HPOS="527"/>
							<String ID="string_59" HPOS="540" VPOS="408" WIDTH="27" HEIGHT="21" WC="0.96" CONTENT="30"/><SP WIDTH="13" VPOS="408" HPOS="567"/>
							<String ID="string_60" HPOS="580" VPOS="409" WIDTH="52" HEIGHT="25" WC="0.96" CONTENT="juni"/><SP WIDTH="14" VPOS="409" HPOS="632"/>
							<String ID="string_61" HPOS="646" VPOS="409" WIDTH="56" HEIGHT="21" WC="0.96" CONTENT="1948"/><SP WIDTH="16" VPOS="409" HPOS="702"/>
							<String ID="string_62" HPOS="718" VPOS="410" WIDTH="40" HEIGHT="23" WC="0.96" CONTENT="(nr"/><SP WIDTH="12" VPOS="410" HPOS="758"/>
							<String ID="string_63" HPOS="770" VPOS="409" WIDTH="53" HEIGHT="24" WC="0.95" CONTENT="436)"/><SP WIDTH="16" VPOS="409" HPOS="823"/>
							<String ID="string_64" HPOS="839" VPOS="410" WIDTH="8" HEIGHT="20" WC="0.93" CONTENT="i"/><SP WIDTH="12" VPOS="410" HPOS="847"/>
							<String ID="string_65" HPOS="859" VPOS="409" WIDTH="90" HEIGHT="21" WC="0.92" CONTENT="huvud-"/>
						</TextLine>
						<TextLine ID="line_25" HPOS="105" VPOS="437" WIDTH="844" HEIGHT="27">
							<String ID="string_66" HPOS="105" VPOS="437" WIDTH="76" HEIGHT="25" WC="0.96" CONTENT="saklig"/><SP WIDTH="19" VPOS="437" HPOS="181"/>
							<String ID="string_67" HPOS="200" VPOS="438" WIDTH="232" HEIGHT="20" WC="0.96" CONTENT="överensstämmelse"/><SP WIDTH="19" VPOS="438" HPOS="432"/>
							<String ID="string_68" HPOS="451" VPOS="439" WIDTH="52" HEIGHT="19" WC="0.95" CONTENT="med"/><SP WIDTH="19" VPOS="439" HPOS="503"/>
							<String ID="string_69" HPOS="522" VPOS="439" WIDTH="38" HEIGHT="20" WC="0.96" CONTENT="det"/><SP WIDTH="19" VPOS="439" HPOS="560"/>
							<String ID="string_70" HPOS="579" VPOS="438" WIDTH="77" HEIGHT="21" WC="0.96" CONTENT="såsom"/><SP WIDTH="18" VPOS="438" HPOS="656"/>
							<String ID="string_71" HPOS="674" VPOS="439" WIDTH="77" HEIGHT="25" WC="0.96" CONTENT="bilaga"/><SP WIDTH="17" VPOS="439" HPOS="751"/>
							<String ID="string_72" HPOS="768" VPOS="439" WIDTH="38" HEIGHT="21" WC="0.92" CONTENT="vid"/><SP WIDTH="19" VPOS="439" HPOS="806"/>
							<String ID="string_73" HPOS="825" VPOS="439" WIDTH="124" HEIGHT="21" WC="0.91" CONTENT="statsråds-"/>
						</TextLine>
						<TextLine ID="line_26" HPOS="106" VPOS="467" WIDTH="843" HEIGHT="27">
							<String ID="string_74" HPOS="106" VPOS="467" WIDTH="141" HEIGHT="25" WC="0.95" CONTENT="protokollet"/><SP WIDTH="15" VPOS="467" HPOS="247"/>
							<String ID="string_75" HPOS="262" VPOS="468" WIDTH="8" HEIGHT="20" WC="0.96" CONTENT="i"/><SP WIDTH="17" VPOS="468" HPOS="270"/>
							<String ID="string_76" HPOS="287" VPOS="468" WIDTH="96" HEIGHT="20" WC="0.96" CONTENT="ärendet"/><SP WIDTH="16" VPOS="468" HPOS="383"/>
							<String ID="string_77" HPOS="399" VPOS="468" WIDTH="83" HEIGHT="25" WC="0.93" CONTENT="fogade"/><SP WIDTH="17" VPOS="468" HPOS="482"/>
							<String ID="string_78" HPOS="499" VPOS="468" WIDTH="272" HEIGHT="26" WC="0.92" CONTENT="författningsförslaget,"/><SP WIDTH="16" VPOS="468" HPOS="771"/>
							<String ID="string_79" HPOS="787" VPOS="469" WIDTH="49" HEIGHT="20" WC="0.96" CONTENT="dels"/><SP WIDTH="16" VPOS="469" HPOS="836"/>
							<String ID="string_80" HPOS="852" VPOS="470" WIDTH="34" HEIGHT="19" WC="0.92" CONTENT="att"/><SP WIDTH="15" VPOS="470" HPOS="886"/>
							<String ID="string_81" HPOS="901" VPOS="469" WIDTH="48" HEIGHT="20" WC="0.90" CONTENT="vid-"/>
						</TextLine>
						<TextLine ID="line_27" HPOS="106" VPOS="497" WIDTH="842" HEIGHT="27">
							<String ID="string_82" HPOS="106" VPOS="498" WIDTH="54" HEIGHT="24" WC="0.96" CONTENT="taga"/><SP WIDTH="11" VPOS="498" HPOS="160"/>
							<String ID="string_83" HPOS="171" VPOS="497" WIDTH="127" HEIGHT="26" WC="0.96" CONTENT="ändringar"/><SP WIDTH="11" VPOS="497" HPOS="298"/>
							<String ID="string_84" HPOS="309" VPOS="498" WIDTH="7" HEIGHT="20" WC="0.93" CONTENT="i"/><SP WIDTH="12" VPOS="498" HPOS="316"/>
							<String ID="string_85" HPOS="328" VPOS="498" WIDTH="272" HEIGHT="25" WC="0.91" CONTENT="avlöningsreglementet"/><SP WIDTH="11" VPOS="498" HPOS="600"/>
							<String ID="string_86" HPOS="611" VPOS="498" WIDTH="37" HEIGHT="20" WC="0.96" CONTENT="för"/><SP WIDTH="11" VPOS="498" HPOS="648"/>
							<String ID="string_87" HPOS="659" VPOS="498" WIDTH="134" HEIGHT="21" WC="0.96" CONTENT="folkskolan"/><SP WIDTH="11" VPOS="498" HPOS="793"/>
							<String ID="string_88" HPOS="804" VPOS="499" WIDTH="44" HEIGHT="20" WC="0.96" CONTENT="den"/><SP WIDTH="11" VPOS="499" HPOS="848"/>
							<String ID="string_89" HPOS="859" VPOS="499" WIDTH="27" HEIGHT="21" WC="0.96" CONTENT="30"/><SP WIDTH="10" VPOS="499" HPOS="886"/>
							<String ID="string_90" HPOS="896" VPOS="499" WIDTH="52" HEIGHT="25" WC="0.96" CONTENT="juni"/>
						</TextLine>
						<TextLine ID="line_28" HPOS="107" VPOS="527" WIDTH="842" HEIGHT="26">
							<String ID="string_91" HPOS="107" VPOS="527" WIDTH="55" HEIGHT="20" WC="0.96" CONTENT="1948"/><SP WIDTH="23" VPOS="527" HPOS="162"/>
							<String ID="string_92" HPOS="185" VPOS="527" WIDTH="40" HEIGHT="23" WC="0.96" CONTENT="(nr"/><SP WIDTH="19" VPOS="527" HPOS="225"/>
							<String ID="string_93" HPOS="244" VPOS="527" WIDTH="65" HEIGHT="23" WC="0.93" CONTENT="437),"/><SP WIDTH="19" VPOS="527" HPOS="309"/>
							<String ID="string_94" HPOS="328" VPOS="528" WIDTH="273" HEIGHT="24" WC="0.91" CONTENT="avlöningsreglementet"/><SP WIDTH="19" VPOS="528" HPOS="601"/>
							<String ID="string_95" HPOS="620" VPOS="528" WIDTH="36" HEIGHT="20" WC="0.96" CONTENT="för"/><SP WIDTH="19" VPOS="528" HPOS="656"/>
							<String ID="string_96" HPOS="675" VPOS="528" WIDTH="180" HEIGHT="25" WC="0.96" CONTENT="kyrkomusiker"/><SP WIDTH="19" VPOS="528" HPOS="855"/>
							<String ID="string_97" HPOS="874" VPOS="529" WIDTH="44" HEIGHT="20" WC="0.96" CONTENT="den"/><SP WIDTH="18" VPOS="529" HPOS="918"/>
							<String ID="string_98" HPOS="936" VPOS="528" WIDTH="13" HEIGHT="20" WC="0.96" CONTENT="9"/>
						</TextLine>
						<TextLine ID="line_29" HPOS="105" VPOS="556" WIDTH="844" HEIGHT="26">
							<String ID="string_99" HPOS="105" VPOS="556" WIDTH="53" HEIGHT="24" WC="0.96" CONTENT="juni"/><SP WIDTH="15" VPOS="556" HPOS="158"/>
							<String ID="string_100" HPOS="173" VPOS="556" WIDTH="56" HEIGHT="20" WC="0.96" CONTENT="1950"/><SP WIDTH="18" VPOS="556" HPOS="229"/>
							<String ID="string_101" HPOS="247" VPOS="556" WIDTH="40" HEIGHT="24" WC="0.96" CONTENT="(nr"/><SP WIDTH="14" VPOS="556" HPOS="287"/>
							<String ID="string_102" HPOS="301" VPOS="556" WIDTH="64" HEIGHT="24" WC="0.93" CONTENT="385),"/><SP WIDTH="15" VPOS="556" HPOS="365"/>
							<String ID="string_103" HPOS="380" VPOS="557" WIDTH="273" HEIGHT="25" WC="0.91" CONTENT="avlöningsreglementet"/><SP WIDTH="14" VPOS="557" HPOS="653"/>
							<String ID="string_104" HPOS="667" VPOS="557" WIDTH="36" HEIGHT="20" WC="0.93" CONTENT="för"/><SP WIDTH="14" VPOS="557" HPOS="703"/>
							<String ID="string_105" HPOS="717" VPOS="557" WIDTH="174" HEIGHT="25" WC="0.90" CONTENT="övningslärare"/><SP WIDTH="13" VPOS="557" HPOS="891"/>
							<String ID="string_106" HPOS="904" VPOS="558" WIDTH="45" HEIGHT="20" WC="0.96" CONTENT="den"/>
						</TextLine>
						<TextLine ID="line_30" HPOS="105" VPOS="586" WIDTH="842" HEIGHT="26">
							<String ID="string_107" HPOS="105" VPOS="586" WIDTH="13" HEIGHT="20" WC="0.96" CONTENT="9"/><SP WIDTH="18" VPOS="586" HPOS="118"/>
							<String ID="string_108" HPOS="136" VPOS="586" WIDTH="53" HEIGHT="24" WC="0.96" CONTENT="juni"/><SP WIDTH="20" VPOS="586" HPOS="189"/>
							<String ID="string_109" HPOS="209" VPOS="586" WIDTH="56" HEIGHT="20" WC="0.96" CONTENT="1950"/><SP WIDTH="22" VPOS="586" HPOS="265"/>
							<String ID="string_110" HPOS="287" VPOS="586" WIDTH="39" HEIGHT="23" WC="0.96" CONTENT="(nr"/><SP WIDTH="19" VPOS="586" HPOS="326"/>
							<String ID="string_111" HPOS="345" VPOS="586" WIDTH="64" HEIGHT="24" WC="0.93" CONTENT="386),"/><SP WIDTH="18" VPOS="586" HPOS="409"/>
							<String ID="string_112" HPOS="427" VPOS="587" WIDTH="270" HEIGHT="25" WC="0.91" CONTENT="prästlönereglementet"/><SP WIDTH="18" VPOS="587" HPOS="697"/>
							<String ID="string_113" HPOS="715" VPOS="587" WIDTH="44" HEIGHT="20" WC="0.96" CONTENT="den"/><SP WIDTH="18" VPOS="587" HPOS="759"/>
							<String ID="string_114" HPOS="777" VPOS="587" WIDTH="27" HEIGHT="21" WC="0.96" CONTENT="29"/><SP WIDTH="18" VPOS="587" HPOS="804"/>
							<String ID="string_115" HPOS="822" VPOS="587" WIDTH="52" HEIGHT="25" WC="0.96" CONTENT="juni"/><SP WIDTH="19" VPOS="587" HPOS="874"/>
							<String ID="string_116" HPOS="893" VPOS="587" WIDTH="54" HEIGHT="20" WC="0.96" CONTENT="1951"/>
						</TextLine>
						<TextLine ID="line_31" HPOS="109" VPOS="615" WIDTH="840" HEIGHT="26">
							<String ID="string_117" HPOS="109" VPOS="615" WIDTH="40" HEIGHT="23" WC="0.96" CONTENT="(nr"/><SP WIDTH="15" VPOS="615" HPOS="149"/>
							<String ID="string_118" HPOS="164" VPOS="615" WIDTH="54" HEIGHT="25" WC="0.96" CONTENT="577)"/><SP WIDTH="20" VPOS="615" HPOS="218"/>
							<String ID="string_119" HPOS="238" VPOS="617" WIDTH="61" HEIGHT="19" WC="0.92" CONTENT="samt"/><SP WIDTH="16" VPOS="617" HPOS="299"/>
							<String ID="string_120" HPOS="315" VPOS="616" WIDTH="273" HEIGHT="25" WC="0.92" CONTENT="avlöningsreglementet"/><SP WIDTH="16" VPOS="616" HPOS="588"/>
							<String ID="string_121" HPOS="604" VPOS="616" WIDTH="36" HEIGHT="20" WC="0.93" CONTENT="för"/><SP WIDTH="16" VPOS="616" HPOS="640"/>
							<String ID="string_122" HPOS="656" VPOS="617" WIDTH="218" HEIGHT="20" WC="0.61" CONTENT="statsunderstödda"/><SP WIDTH="16" VPOS="617" HPOS="874"/>
							<String ID="string_123" HPOS="890" VPOS="617" WIDTH="59" HEIGHT="20" WC="0.91" CONTENT="folk-"/>
						</TextLine>
						<TextLine ID="line_32" HPOS="106" VPOS="645" WIDTH="842" HEIGHT="26">
							<String ID="string_124" HPOS="106" VPOS="645" WIDTH="126" HEIGHT="25" WC="0.96" CONTENT="högskolor"/><SP WIDTH="21" VPOS="645" HPOS="232"/>
							<String ID="string_125" HPOS="253" VPOS="646" WIDTH="43" HEIGHT="19" WC="0.89" CONTENT="och"/><SP WIDTH="23" VPOS="646" HPOS="296"/>
							<String ID="string_126" HPOS="319" VPOS="645" WIDTH="420" HEIGHT="26" WC="0.89" CONTENT="lantbruksundervisningsanstalter"/><SP WIDTH="21" VPOS="645" HPOS="739"/>
							<String ID="string_127" HPOS="760" VPOS="653" WIDTH="30" HEIGHT="13" WC="0.92" CONTENT="m."/><SP WIDTH="14" VPOS="653" HPOS="790"/>
							<String ID="string_128" HPOS="804" VPOS="652" WIDTH="30" HEIGHT="15" WC="0.79" CONTENT="m."/><SP WIDTH="22" VPOS="652" HPOS="834"/>
							<String ID="string_129" HPOS="856" VPOS="646" WIDTH="44" HEIGHT="21" WC="0.93" CONTENT="den"/><SP WIDTH="21" VPOS="646" HPOS="900"/>
							<String ID="string_130" HPOS="921" VPOS="646" WIDTH="27" HEIGHT="20" WC="0.93" CONTENT="27"/>
						</TextLine>
						<TextLine ID="line_33" HPOS="107" VPOS="674" WIDTH="841" HEIGHT="26">
							<String ID="string_131" HPOS="107" VPOS="675" WIDTH="93" HEIGHT="25" WC="0.96" CONTENT="augusti"/><SP WIDTH="14" VPOS="675" HPOS="200"/>
							<String ID="string_132" HPOS="214" VPOS="674" WIDTH="54" HEIGHT="21" WC="0.96" CONTENT="1951"/><SP WIDTH="19" VPOS="674" HPOS="268"/>
							<String ID="string_133" HPOS="287" VPOS="675" WIDTH="39" HEIGHT="23" WC="0.96" CONTENT="(nr"/><SP WIDTH="13" VPOS="675" HPOS="326"/>
							<String ID="string_134" HPOS="339" VPOS="675" WIDTH="52" HEIGHT="24" WC="0.96" CONTENT="615)"/><SP WIDTH="17" VPOS="675" HPOS="391"/>
							<String ID="string_135" HPOS="408" VPOS="675" WIDTH="7" HEIGHT="20" WC="0.96" CONTENT="i"/><SP WIDTH="12" VPOS="675" HPOS="415"/>
							<String ID="string_136" HPOS="427" VPOS="675" WIDTH="157" HEIGHT="25" WC="0.96" CONTENT="huvudsaklig"/><SP WIDTH="13" VPOS="675" HPOS="584"/>
							<String ID="string_137" HPOS="597" VPOS="676" WIDTH="231" HEIGHT="20" WC="0.96" CONTENT="överensstämmelse"/><SP WIDTH="12" VPOS="676" HPOS="828"/>
							<String ID="string_138" HPOS="840" VPOS="676" WIDTH="52" HEIGHT="20" WC="0.95" CONTENT="med"/><SP WIDTH="12" VPOS="676" HPOS="892"/>
							<String ID="string_139" HPOS="904" VPOS="676" WIDTH="44" HEIGHT="20" WC="0.96" CONTENT="vad"/>
						</TextLine>
						<TextLine ID="line_34" HPOS="106" VPOS="704" WIDTH="843" HEIGHT="26">
							<String ID="string_140" HPOS="106" VPOS="704" WIDTH="7" HEIGHT="20" WC="0.93" CONTENT="i"/><SP WIDTH="16" VPOS="704" HPOS="113"/>
							<String ID="string_141" HPOS="129" VPOS="704" WIDTH="258" HEIGHT="26" WC="0.91" CONTENT="statsrådsprotokollet"/><SP WIDTH="15" VPOS="704" HPOS="387"/>
							<String ID="string_142" HPOS="402" VPOS="705" WIDTH="7" HEIGHT="20" WC="0.96" CONTENT="i"/><SP WIDTH="16" VPOS="705" HPOS="409"/>
							<String ID="string_143" HPOS="425" VPOS="705" WIDTH="96" HEIGHT="20" WC="0.96" CONTENT="ärendet"/><SP WIDTH="15" VPOS="705" HPOS="521"/>
							<String ID="string_144" HPOS="536" VPOS="706" WIDTH="74" HEIGHT="19" WC="0.96" CONTENT="under"/><SP WIDTH="15" VPOS="706" HPOS="610"/>
							<String ID="string_145" HPOS="625" VPOS="705" WIDTH="20" HEIGHT="20" WC="0.92" CONTENT="II"/><SP WIDTH="17" VPOS="705" HPOS="645"/>
							<String ID="string_146" HPOS="662" VPOS="705" WIDTH="124" HEIGHT="24" WC="0.91" CONTENT="förordats,"/><SP WIDTH="16" VPOS="705" HPOS="786"/>
							<String ID="string_147" HPOS="802" VPOS="705" WIDTH="48" HEIGHT="21" WC="0.96" CONTENT="dels"/><SP WIDTH="15" VPOS="705" HPOS="850"/>
							<String ID="string_148" HPOS="865" VPOS="707" WIDTH="34" HEIGHT="19" WC="0.93" CONTENT="att"/><SP WIDTH="15" VPOS="707" HPOS="899"/>
							<String ID="string_149" HPOS="914" VPOS="706" WIDTH="35" HEIGHT="19" WC="0.92" CONTENT="ut-"/>
						</TextLine>
						<TextLine ID="line_35" HPOS="106" VPOS="734" WIDTH="843" HEIGHT="26">
							<String ID="string_150" HPOS="106" VPOS="734" WIDTH="68" HEIGHT="20" WC="0.92" CONTENT="färda"/><SP WIDTH="12" VPOS="734" HPOS="174"/>
							<String ID="string_151" HPOS="186" VPOS="734" WIDTH="176" HEIGHT="20" WC="0.96" CONTENT="bestämmelser"/><SP WIDTH="12" VPOS="734" HPOS="362"/>
							<String ID="string_152" HPOS="374" VPOS="740" WIDTH="38" HEIGHT="14" WC="0.96" CONTENT="om"/><SP WIDTH="12" VPOS="740" HPOS="412"/>
							<String ID="string_153" HPOS="424" VPOS="734" WIDTH="130" HEIGHT="26" WC="0.96" CONTENT="ersättning"/><SP WIDTH="12" VPOS="734" HPOS="554"/>
							<String ID="string_154" HPOS="566" VPOS="735" WIDTH="36" HEIGHT="19" WC="0.92" CONTENT="för"/><SP WIDTH="12" VPOS="735" HPOS="602"/>
							<String ID="string_155" HPOS="614" VPOS="735" WIDTH="226" HEIGHT="25" WC="0.92" CONTENT="flyttningskostnad"/><SP WIDTH="12" VPOS="735" HPOS="840"/>
							<String ID="string_156" HPOS="852" VPOS="735" WIDTH="24" HEIGHT="20" WC="0.96" CONTENT="åt"/><SP WIDTH="11" VPOS="735" HPOS="876"/>
							<String ID="string_157" HPOS="887" VPOS="735" WIDTH="62" HEIGHT="20" WC="0.96" CONTENT="vissa"/>
						</TextLine>
						<TextLine ID="line_36" HPOS="106" VPOS="764" WIDTH="843" HEIGHT="26">
							<String ID="string_158" HPOS="106" VPOS="765" WIDTH="89" HEIGHT="19" WC="0.96" CONTENT="statens"/><SP WIDTH="15" VPOS="765" HPOS="195"/>
							<String ID="string_159" HPOS="210" VPOS="764" WIDTH="145" HEIGHT="24" WC="0.93" CONTENT="tjänstemän"/><SP WIDTH="14" VPOS="764" HPOS="355"/>
							<String ID="string_160" HPOS="369" VPOS="770" WIDTH="30" HEIGHT="14" WC="0.86" CONTENT="m."/><SP WIDTH="15" VPOS="770" HPOS="399"/>
							<String ID="string_161" HPOS="414" VPOS="764" WIDTH="31" HEIGHT="23" WC="0.92" CONTENT="fl.,"/><SP WIDTH="16" VPOS="764" HPOS="445"/>
							<String ID="string_162" HPOS="461" VPOS="764" WIDTH="48" HEIGHT="20" WC="0.96" CONTENT="dels"/><SP WIDTH="15" VPOS="764" HPOS="509"/>
							<String ID="string_163" HPOS="524" VPOS="765" WIDTH="33" HEIGHT="19" WC="0.96" CONTENT="att"/><SP WIDTH="14" VPOS="765" HPOS="557"/>
							<String ID="string_164" HPOS="571" VPOS="764" WIDTH="95" HEIGHT="20" WC="0.96" CONTENT="utfärda"/><SP WIDTH="14" VPOS="764" HPOS="666"/>
							<String ID="string_165" HPOS="680" VPOS="765" WIDTH="27" HEIGHT="20" WC="0.93" CONTENT="de"/><SP WIDTH="14" VPOS="765" HPOS="707"/>
							<String ID="string_166" HPOS="721" VPOS="764" WIDTH="228" HEIGHT="26" WC="0.90" CONTENT="övergångsbestäm-"/>
						</TextLine>
						<TextLine ID="line_37" HPOS="106" VPOS="793" WIDTH="843" HEIGHT="26">
							<String ID="string_167" HPOS="106" VPOS="793" WIDTH="91" HEIGHT="24" WC="0.88" CONTENT="melser,"/><SP WIDTH="14" VPOS="793" HPOS="197"/>
							<String ID="string_168" HPOS="211" VPOS="799" WIDTH="50" HEIGHT="14" WC="0.96" CONTENT="som"/><SP WIDTH="13" VPOS="799" HPOS="261"/>
							<String ID="string_169" HPOS="274" VPOS="794" WIDTH="46" HEIGHT="19" WC="0.96" CONTENT="kan"/><SP WIDTH="13" VPOS="794" HPOS="320"/>
							<String ID="string_170" HPOS="333" VPOS="793" WIDTH="31" HEIGHT="20" WC="0.96" CONTENT="bli"/><SP WIDTH="12" VPOS="793" HPOS="364"/>
							<String ID="string_171" HPOS="376" VPOS="793" WIDTH="152" HEIGHT="25" WC="0.96" CONTENT="erforderliga"/><SP WIDTH="12" VPOS="793" HPOS="528"/>
							<String ID="string_172" HPOS="540" VPOS="794" WIDTH="7" HEIGHT="20" WC="0.96" CONTENT="i"/><SP WIDTH="13" VPOS="794" HPOS="547"/>
							<String ID="string_173" HPOS="560" VPOS="794" WIDTH="125" HEIGHT="25" WC="0.96" CONTENT="anledning"/><SP WIDTH="12" VPOS="794" HPOS="685"/>
							<String ID="string_174" HPOS="697" VPOS="800" WIDTH="28" HEIGHT="14" WC="0.93" CONTENT="av"/><SP WIDTH="12" VPOS="800" HPOS="725"/>
							<String ID="string_175" HPOS="737" VPOS="794" WIDTH="154" HEIGHT="20" WC="0.91" CONTENT="förenämnda"/><SP WIDTH="12" VPOS="794" HPOS="891"/>
							<String ID="string_176" HPOS="903" VPOS="794" WIDTH="46" HEIGHT="20" WC="0.92" CONTENT="för-"/>
						</TextLine>
						<TextLine ID="line_38" HPOS="106" VPOS="823" WIDTH="843" HEIGHT="25">
							<String ID="string_177" HPOS="106" VPOS="823" WIDTH="56" HEIGHT="25" WC="0.96" CONTENT="slag,"/><SP WIDTH="16" VPOS="823" HPOS="162"/>
							<String ID="string_178" HPOS="178" VPOS="823" WIDTH="48" HEIGHT="20" WC="0.96" CONTENT="dels"/><SP WIDTH="15" VPOS="823" HPOS="226"/>
							<String ID="string_179" HPOS="241" VPOS="823" WIDTH="44" HEIGHT="20" WC="0.96" CONTENT="ock"/><SP WIDTH="15" VPOS="823" HPOS="285"/>
							<String ID="string_180" HPOS="300" VPOS="824" WIDTH="34" HEIGHT="19" WC="0.96" CONTENT="att"/><SP WIDTH="15" VPOS="824" HPOS="334"/>
							<String ID="string_181" HPOS="349" VPOS="823" WIDTH="105" HEIGHT="20" WC="0.96" CONTENT="meddela"/><SP WIDTH="14" VPOS="823" HPOS="454"/>
							<String ID="string_182" HPOS="468" VPOS="823" WIDTH="175" HEIGHT="21" WC="0.96" CONTENT="bestämmelser"/><SP WIDTH="15" VPOS="823" HPOS="643"/>
							<String ID="string_183" HPOS="658" VPOS="829" WIDTH="51" HEIGHT="19" WC="0.93" CONTENT="ang."/><SP WIDTH="15" VPOS="829" HPOS="709"/>
							<String ID="string_184" HPOS="724" VPOS="823" WIDTH="225" HEIGHT="25" WC="0.91" CONTENT="beredskapsersätt-"/>
						</TextLine>
						<TextLine ID="line_39" HPOS="106" VPOS="852" WIDTH="844" HEIGHT="27">
							<String ID="string_185" HPOS="106" VPOS="853" WIDTH="56" HEIGHT="25" WC="0.95" CONTENT="ning"/><SP WIDTH="13" VPOS="853" HPOS="162"/>
							<String ID="string_186" HPOS="175" VPOS="852" WIDTH="35" HEIGHT="21" WC="0.95" CONTENT="till"/><SP WIDTH="14" VPOS="852" HPOS="210"/>
							<String ID="string_187" HPOS="224" VPOS="853" WIDTH="47" HEIGHT="20" WC="0.96" CONTENT="viss"/><SP WIDTH="14" VPOS="853" HPOS="271"/>
							<String ID="string_188" HPOS="285" VPOS="853" WIDTH="108" HEIGHT="25" WC="0.95" CONTENT="personal"/><SP WIDTH="13" VPOS="853" HPOS="393"/>
							<String ID="string_189" HPOS="406" VPOS="853" WIDTH="38" HEIGHT="20" WC="0.96" CONTENT="vid"/><SP WIDTH="14" VPOS="853" HPOS="444"/>
							<String ID="string_190" HPOS="458" VPOS="853" WIDTH="88" HEIGHT="20" WC="0.96" CONTENT="statens"/><SP WIDTH="13" VPOS="853" HPOS="546"/>
							<String ID="string_191" HPOS="559" VPOS="853" WIDTH="126" HEIGHT="25" WC="0.96" CONTENT="järnvägar"/><SP WIDTH="12" VPOS="853" HPOS="685"/>
							<String ID="string_192" HPOS="697" VPOS="853" WIDTH="7" HEIGHT="20" WC="0.96" CONTENT="i"/><SP WIDTH="13" VPOS="853" HPOS="704"/>
							<String ID="string_193" HPOS="717" VPOS="853" WIDTH="157" HEIGHT="26" WC="0.91" CONTENT="huvudsaklig"/><SP WIDTH="12" VPOS="853" HPOS="874"/>
							<String ID="string_194" HPOS="886" VPOS="854" WIDTH="64" HEIGHT="19" WC="0.91" CONTENT="över-"/>
						</TextLine>
						<TextLine ID="line_40" HPOS="106" VPOS="882" WIDTH="844" HEIGHT="25">
							<String ID="string_195" HPOS="106" VPOS="882" WIDTH="177" HEIGHT="21" WC="0.91" CONTENT="ensstämmelse"/><SP WIDTH="19" VPOS="882" HPOS="283"/>
							<String ID="string_196" HPOS="302" VPOS="882" WIDTH="52" HEIGHT="20" WC="0.96" CONTENT="med"/><SP WIDTH="19" VPOS="882" HPOS="354"/>
							<String ID="string_197" HPOS="373" VPOS="883" WIDTH="44" HEIGHT="19" WC="0.95" CONTENT="vad"/><SP WIDTH="19" VPOS="883" HPOS="417"/>
							<String ID="string_198" HPOS="436" VPOS="883" WIDTH="7" HEIGHT="19" WC="0.93" CONTENT="i"/><SP WIDTH="19" VPOS="883" HPOS="443"/>
							<String ID="string_199" HPOS="462" VPOS="882" WIDTH="256" HEIGHT="25" WC="0.91" CONTENT="statsrådsprotokollet"/><SP WIDTH="18" VPOS="882" HPOS="718"/>
							<String ID="string_200" HPOS="736" VPOS="883" WIDTH="7" HEIGHT="20" WC="0.96" CONTENT="i"/><SP WIDTH="19" VPOS="883" HPOS="743"/>
							<String ID="string_201" HPOS="762" VPOS="883" WIDTH="96" HEIGHT="20" WC="0.95" CONTENT="ärendet"/><SP WIDTH="18" VPOS="883" HPOS="858"/>
							<String ID="string_202" HPOS="876" VPOS="883" WIDTH="74" HEIGHT="20" WC="0.96" CONTENT="under"/>
						</TextLine>
						<TextLine ID="line_41" HPOS="107" VPOS="912" WIDTH="842" HEIGHT="25">
							<String ID="string_203" HPOS="107" VPOS="912" WIDTH="31" HEIGHT="20" WC="0.70" CONTENT="III"/><SP WIDTH="15" VPOS="912" HPOS="138"/>
							<String ID="string_204" HPOS="153" VPOS="912" WIDTH="44" HEIGHT="20" WC="0.96" CONTENT="har"/><SP WIDTH="16" VPOS="912" HPOS="197"/>
							<String ID="string_205" HPOS="213" VPOS="912" WIDTH="102" HEIGHT="23" WC="0.96" CONTENT="anförts;"/><SP WIDTH="17" VPOS="912" HPOS="315"/>
							<String ID="string_206" HPOS="332" VPOS="912" WIDTH="44" HEIGHT="20" WC="0.96" CONTENT="och"/><SP WIDTH="15" VPOS="912" HPOS="376"/>
							<String ID="string_207" HPOS="391" VPOS="912" WIDTH="135" HEIGHT="25" WC="0.93" CONTENT="godkänner"/><SP WIDTH="16" VPOS="912" HPOS="526"/>
							<String ID="string_208" HPOS="542" VPOS="912" WIDTH="39" HEIGHT="20" WC="0.92" CONTENT="RD"/><SP WIDTH="16" VPOS="912" HPOS="581"/>
							<String ID="string_209" HPOS="597" VPOS="918" WIDTH="29" HEIGHT="15" WC="0.91" CONTENT="av"/><SP WIDTH="15" VPOS="918" HPOS="626"/>
							<String ID="string_210" HPOS="641" VPOS="913" WIDTH="26" HEIGHT="20" WC="0.91" CONTENT="K."/><SP WIDTH="16" VPOS="913" HPOS="667"/>
							<String ID="string_211" HPOS="683" VPOS="912" WIDTH="44" HEIGHT="21" WC="0.96" CONTENT="M:t"/><SP WIDTH="16" VPOS="912" HPOS="727"/>
							<String ID="string_212" HPOS="743" VPOS="913" WIDTH="116" HEIGHT="20" WC="0.96" CONTENT="meddelat"/><SP WIDTH="14" VPOS="913" HPOS="859"/>
							<String ID="string_213" HPOS="873" VPOS="912" WIDTH="76" HEIGHT="21" WC="0.95" CONTENT="beslut"/>
						</TextLine>
						<TextLine ID="line_42" HPOS="107" VPOS="941" WIDTH="842" HEIGHT="26">
							<String ID="string_214" HPOS="107" VPOS="947" WIDTH="52" HEIGHT="20" WC="0.96" CONTENT="ang."/><SP WIDTH="14" VPOS="947" HPOS="159"/>
							<String ID="string_215" HPOS="173" VPOS="942" WIDTH="130" HEIGHT="25" WC="0.96" CONTENT="ersättning"/><SP WIDTH="14" VPOS="942" HPOS="303"/>
							<String ID="string_216" HPOS="317" VPOS="941" WIDTH="37" HEIGHT="21" WC="0.93" CONTENT="för"/><SP WIDTH="13" VPOS="941" HPOS="354"/>
							<String ID="string_217" HPOS="367" VPOS="942" WIDTH="301" HEIGHT="25" WC="0.91" CONTENT="beredskapstjänstgöring"/><SP WIDTH="13" VPOS="942" HPOS="668"/>
							<String ID="string_218" HPOS="681" VPOS="942" WIDTH="35" HEIGHT="20" WC="0.96" CONTENT="till"/><SP WIDTH="14" VPOS="942" HPOS="716"/>
							<String ID="string_219" HPOS="730" VPOS="943" WIDTH="62" HEIGHT="20" WC="0.96" CONTENT="vissa"/><SP WIDTH="13" VPOS="943" HPOS="792"/>
							<String ID="string_220" HPOS="805" VPOS="942" WIDTH="144" HEIGHT="25" WC="0.96" CONTENT="tjänstemän"/>
						</TextLine>
						<TextLine ID="line_43" HPOS="105" VPOS="972" WIDTH="323" HEIGHT="25">
							<String ID="string_221" HPOS="105" VPOS="972" WIDTH="38" HEIGHT="20" WC="0.96" CONTENT="vid"/><SP WIDTH="11" VPOS="972" HPOS="143"/>
							<String ID="string_222" HPOS="154" VPOS="972" WIDTH="130" HEIGHT="25" WC="0.93" CONTENT="Södertälje"/><SP WIDTH="9" VPOS="972" HPOS="284"/>
							<String ID="string_223" HPOS="293" VPOS="972" WIDTH="135" HEIGHT="20" WC="0.90" CONTENT="kanalverk."/>
						</TextLine>
					</TextBlock>
				</ComposedBlock>
				<ComposedBlock ID="cblock_20" HPOS="79" VPOS="1031" WIDTH="871" HEIGHT="560">
					<TextBlock ID="block_22" HPOS="80" VPOS="1031" WIDTH="869" HEIGHT="50">
						<TextLine ID="line_44" HPOS="80" VPOS="1031" WIDTH="869" HEIGHT="25">
							<String ID="string_224" HPOS="80" VPOS="1037" WIDTH="6" HEIGHT="14" WC="0.91" CONTENT="1"/><SP WIDTH="21" VPOS="1037" HPOS="86"/>
							<String ID="string_225" HPOS="107" VPOS="1031" WIDTH="39" HEIGHT="20" WC="0.88" CONTENT="RD"/><SP WIDTH="15" VPOS="1031" HPOS="146"/>
							<String ID="string_226" HPOS="161" VPOS="1031" WIDTH="76" HEIGHT="20" WC="0.96" CONTENT="avslår"/><SP WIDTH="14" VPOS="1031" HPOS="237"/>
							<String ID="string_227" HPOS="251" VPOS="1032" WIDTH="116" HEIGHT="20" WC="0.96" CONTENT="motioner"/><SP WIDTH="13" VPOS="1032" HPOS="367"/>
							<String ID="string_228" HPOS="380" VPOS="1037" WIDTH="38" HEIGHT="14" WC="0.96" CONTENT="om"/><SP WIDTH="14" VPOS="1037" HPOS="418"/>
							<String ID="string_229" HPOS="432" VPOS="1032" WIDTH="98" HEIGHT="24" WC="0.96" CONTENT="översyn"/><SP WIDTH="14" VPOS="1032" HPOS="530"/>
							<String ID="string_230" HPOS="544" VPOS="1038" WIDTH="28" HEIGHT="14" WC="0.93" CONTENT="av"/><SP WIDTH="14" VPOS="1038" HPOS="572"/>
							<String ID="string_231" HPOS="586" VPOS="1031" WIDTH="202" HEIGHT="25" WC="0.91" CONTENT="kallortstillägget"/><SP WIDTH="14" VPOS="1031" HPOS="788"/>
							<String ID="string_232" HPOS="802" VPOS="1031" WIDTH="36" HEIGHT="21" WC="0.92" CONTENT="för"/><SP WIDTH="14" VPOS="1031" HPOS="838"/>
							<String ID="string_233" HPOS="852" VPOS="1031" WIDTH="97" HEIGHT="25" WC="0.92" CONTENT="tjänste-"/>
						</TextLine>
						<TextLine ID="line_45" HPOS="106" VPOS="1061" WIDTH="267" HEIGHT="20">
							<String ID="string_234" HPOS="106" VPOS="1062" WIDTH="55" HEIGHT="19" WC="0.95" CONTENT="män"/><SP WIDTH="10" VPOS="1062" HPOS="161"/>
							<String ID="string_235" HPOS="171" VPOS="1061" WIDTH="6" HEIGHT="20" WC="0.96" CONTENT="i"/><SP WIDTH="10" VPOS="1061" HPOS="177"/>
							<String ID="string_236" HPOS="187" VPOS="1062" WIDTH="54" HEIGHT="19" WC="0.96" CONTENT="övre"/><SP WIDTH="8" VPOS="1062" HPOS="241"/>
							<String ID="string_237" HPOS="249" VPOS="1061" WIDTH="124" HEIGHT="20" WC="0.96" CONTENT="Norrland."/>
						</TextLine>
					</TextBlock>
					<TextBlock ID="block_23" HPOS="79" VPOS="1091" WIDTH="871" HEIGHT="500">
						<TextLine ID="line_46" HPOS="79" VPOS="1091" WIDTH="870" HEIGHT="25">
							<String ID="string_238" HPOS="79" VPOS="1096" WIDTH="9" HEIGHT="14" WC="0.92" CONTENT="2"/><SP WIDTH="19" VPOS="1096" HPOS="88"/>
							<String ID="string_239" HPOS="107" VPOS="1091" WIDTH="39" HEIGHT="20" WC="0.92" CONTENT="RD"/><SP WIDTH="14" VPOS="1091" HPOS="146"/>
							<String ID="string_240" HPOS="160" VPOS="1091" WIDTH="152" HEIGHT="25" WC="0.90" CONTENT="bemyndigar"/><SP WIDTH="13" VPOS="1091" HPOS="312"/>
							<String ID="string_241" HPOS="325" VPOS="1091" WIDTH="27" HEIGHT="20" WC="0.91" CONTENT="K."/><SP WIDTH="13" VPOS="1091" HPOS="352"/>
							<String ID="string_242" HPOS="365" VPOS="1091" WIDTH="45" HEIGHT="20" WC="0.95" CONTENT="M:t"/><SP WIDTH="13" VPOS="1091" HPOS="410"/>
							<String ID="string_243" HPOS="423" VPOS="1092" WIDTH="33" HEIGHT="19" WC="0.95" CONTENT="att"/><SP WIDTH="13" VPOS="1092" HPOS="456"/>
							<String ID="string_244" HPOS="469" VPOS="1091" WIDTH="93" HEIGHT="24" WC="0.96" CONTENT="vidtaga"/><SP WIDTH="13" VPOS="1091" HPOS="562"/>
							<String ID="string_245" HPOS="575" VPOS="1091" WIDTH="61" HEIGHT="20" WC="0.96" CONTENT="vissa"/><SP WIDTH="13" VPOS="1091" HPOS="636"/>
							<String ID="string_246" HPOS="649" VPOS="1091" WIDTH="126" HEIGHT="25" WC="0.96" CONTENT="ändringar"/><SP WIDTH="12" VPOS="1091" HPOS="775"/>
							<String ID="string_247" HPOS="787" VPOS="1091" WIDTH="7" HEIGHT="20" WC="0.96" CONTENT="i"/><SP WIDTH="14" VPOS="1091" HPOS="794"/>
							<String ID="string_248" HPOS="808" VPOS="1092" WIDTH="88" HEIGHT="19" WC="0.92" CONTENT="statens"/><SP WIDTH="12" VPOS="1092" HPOS="896"/>
							<String ID="string_249" HPOS="908" VPOS="1091" WIDTH="41" HEIGHT="20" WC="0.92" CONTENT="all-"/>
						</TextLine>
						<TextLine ID="line_47" HPOS="107" VPOS="1120" WIDTH="842" HEIGHT="25">
							<String ID="string_250" HPOS="107" VPOS="1121" WIDTH="87" HEIGHT="20" WC="0.92" CONTENT="männa"/><SP WIDTH="14" VPOS="1121" HPOS="194"/>
							<String ID="string_251" HPOS="208" VPOS="1120" WIDTH="263" HEIGHT="25" WC="0.75" CONTENT="avlöningsreglemente"/><SP WIDTH="14" VPOS="1120" HPOS="471"/>
							<String ID="string_252" HPOS="485" VPOS="1121" WIDTH="43" HEIGHT="19" WC="0.96" CONTENT="den"/><SP WIDTH="15" VPOS="1121" HPOS="528"/>
							<String ID="string_253" HPOS="543" VPOS="1120" WIDTH="27" HEIGHT="20" WC="0.96" CONTENT="30"/><SP WIDTH="14" VPOS="1120" HPOS="570"/>
							<String ID="string_254" HPOS="584" VPOS="1120" WIDTH="52" HEIGHT="25" WC="0.96" CONTENT="juni"/><SP WIDTH="15" VPOS="1120" HPOS="636"/>
							<String ID="string_255" HPOS="651" VPOS="1120" WIDTH="56" HEIGHT="21" WC="0.96" CONTENT="1948"/><SP WIDTH="17" VPOS="1120" HPOS="707"/>
							<String ID="string_256" HPOS="724" VPOS="1120" WIDTH="39" HEIGHT="23" WC="0.94" CONTENT="(nr"/><SP WIDTH="13" VPOS="1120" HPOS="763"/>
							<String ID="string_257" HPOS="776" VPOS="1120" WIDTH="65" HEIGHT="24" WC="0.94" CONTENT="436),"/><SP WIDTH="13" VPOS="1120" HPOS="841"/>
							<String ID="string_258" HPOS="854" VPOS="1121" WIDTH="35" HEIGHT="20" WC="0.92" CONTENT="att"/><SP WIDTH="12" VPOS="1121" HPOS="889"/>
							<String ID="string_259" HPOS="901" VPOS="1120" WIDTH="48" HEIGHT="20" WC="0.90" CONTENT="vid-"/>
						</TextLine>
						<TextLine ID="line_48" HPOS="106" VPOS="1149" WIDTH="843" HEIGHT="26">
							<String ID="string_260" HPOS="106" VPOS="1151" WIDTH="54" HEIGHT="24" WC="0.96" CONTENT="taga"/><SP WIDTH="15" VPOS="1151" HPOS="160"/>
							<String ID="string_261" HPOS="175" VPOS="1150" WIDTH="62" HEIGHT="20" WC="0.96" CONTENT="vissa"/><SP WIDTH="15" VPOS="1150" HPOS="237"/>
							<String ID="string_262" HPOS="252" VPOS="1150" WIDTH="127" HEIGHT="25" WC="0.96" CONTENT="ändringar"/><SP WIDTH="15" VPOS="1150" HPOS="379"/>
							<String ID="string_263" HPOS="394" VPOS="1150" WIDTH="7" HEIGHT="20" WC="0.93" CONTENT="i"/><SP WIDTH="16" VPOS="1150" HPOS="401"/>
							<String ID="string_264" HPOS="417" VPOS="1150" WIDTH="273" HEIGHT="25" WC="0.90" CONTENT="avlöningsreglementet"/><SP WIDTH="14" VPOS="1150" HPOS="690"/>
							<String ID="string_265" HPOS="704" VPOS="1149" WIDTH="37" HEIGHT="21" WC="0.96" CONTENT="för"/><SP WIDTH="15" VPOS="1149" HPOS="741"/>
							<String ID="string_266" HPOS="756" VPOS="1149" WIDTH="134" HEIGHT="21" WC="0.96" CONTENT="folkskolan"/><SP WIDTH="15" VPOS="1149" HPOS="890"/>
							<String ID="string_267" HPOS="905" VPOS="1150" WIDTH="44" HEIGHT="20" WC="0.96" CONTENT="den"/>
						</TextLine>
						<TextLine ID="line_49" HPOS="107" VPOS="1179" WIDTH="842" HEIGHT="26">
							<String ID="string_268" HPOS="107" VPOS="1180" WIDTH="27" HEIGHT="20" WC="0.95" CONTENT="30"/><SP WIDTH="15" VPOS="1180" HPOS="134"/>
							<String ID="string_269" HPOS="149" VPOS="1180" WIDTH="52" HEIGHT="25" WC="0.96" CONTENT="juni"/><SP WIDTH="17" VPOS="1180" HPOS="201"/>
							<String ID="string_270" HPOS="218" VPOS="1179" WIDTH="55" HEIGHT="21" WC="0.96" CONTENT="1948"/><SP WIDTH="19" VPOS="1179" HPOS="273"/>
							<String ID="string_271" HPOS="292" VPOS="1180" WIDTH="39" HEIGHT="22" WC="0.96" CONTENT="(nr"/><SP WIDTH="15" VPOS="1180" HPOS="331"/>
							<String ID="string_272" HPOS="346" VPOS="1180" WIDTH="64" HEIGHT="23" WC="0.96" CONTENT="437),"/><SP WIDTH="15" VPOS="1180" HPOS="410"/>
							<String ID="string_273" HPOS="425" VPOS="1181" WIDTH="34" HEIGHT="19" WC="0.96" CONTENT="att"/><SP WIDTH="14" VPOS="1181" HPOS="459"/>
							<String ID="string_274" HPOS="473" VPOS="1180" WIDTH="93" HEIGHT="24" WC="0.96" CONTENT="vidtaga"/><SP WIDTH="14" VPOS="1180" HPOS="566"/>
							<String ID="string_275" HPOS="580" VPOS="1179" WIDTH="62" HEIGHT="21" WC="0.96" CONTENT="vissa"/><SP WIDTH="15" VPOS="1179" HPOS="642"/>
							<String ID="string_276" HPOS="657" VPOS="1179" WIDTH="126" HEIGHT="25" WC="0.96" CONTENT="ändringar"/><SP WIDTH="14" VPOS="1179" HPOS="783"/>
							<String ID="string_277" HPOS="797" VPOS="1180" WIDTH="7" HEIGHT="20" WC="0.93" CONTENT="i"/><SP WIDTH="14" VPOS="1180" HPOS="804"/>
							<String ID="string_278" HPOS="818" VPOS="1180" WIDTH="131" HEIGHT="24" WC="0.90" CONTENT="avlönings-"/>
						</TextLine>
						<TextLine ID="line_50" HPOS="107" VPOS="1209" WIDTH="843" HEIGHT="25">
							<String ID="string_279" HPOS="107" VPOS="1209" WIDTH="150" HEIGHT="25" WC="0.96" CONTENT="reglementet"/><SP WIDTH="16" VPOS="1209" HPOS="257"/>
							<String ID="string_280" HPOS="273" VPOS="1209" WIDTH="37" HEIGHT="20" WC="0.96" CONTENT="för"/><SP WIDTH="16" VPOS="1209" HPOS="310"/>
							<String ID="string_281" HPOS="326" VPOS="1209" WIDTH="181" HEIGHT="25" WC="0.96" CONTENT="kyrkomusiker"/><SP WIDTH="16" VPOS="1209" HPOS="507"/>
							<String ID="string_282" HPOS="523" VPOS="1209" WIDTH="44" HEIGHT="20" WC="0.96" CONTENT="den"/><SP WIDTH="16" VPOS="1209" HPOS="567"/>
							<String ID="string_283" HPOS="583" VPOS="1209" WIDTH="12" HEIGHT="20" WC="0.96" CONTENT="9"/><SP WIDTH="16" VPOS="1209" HPOS="595"/>
							<String ID="string_284" HPOS="611" VPOS="1209" WIDTH="52" HEIGHT="25" WC="0.96" CONTENT="juni"/><SP WIDTH="17" VPOS="1209" HPOS="663"/>
							<String ID="string_285" HPOS="680" VPOS="1209" WIDTH="56" HEIGHT="21" WC="0.96" CONTENT="1950"/><SP WIDTH="18" VPOS="1209" HPOS="736"/>
							<String ID="string_286" HPOS="754" VPOS="1209" WIDTH="40" HEIGHT="23" WC="0.96" CONTENT="(nr"/><SP WIDTH="15" VPOS="1209" HPOS="794"/>
							<String ID="string_287" HPOS="809" VPOS="1209" WIDTH="65" HEIGHT="24" WC="0.93" CONTENT="385),"/><SP WIDTH="15" VPOS="1209" HPOS="874"/>
							<String ID="string_288" HPOS="889" VPOS="1209" WIDTH="61" HEIGHT="20" WC="0.92" CONTENT="avlö-"/>
						</TextLine>
						<TextLine ID="line_51" HPOS="106" VPOS="1238" WIDTH="839" HEIGHT="26">
							<String ID="string_289" HPOS="106" VPOS="1239" WIDTH="220" HEIGHT="25" WC="0.91" CONTENT="ningsreglementet"/><SP WIDTH="20" VPOS="1239" HPOS="326"/>
							<String ID="string_290" HPOS="346" VPOS="1239" WIDTH="36" HEIGHT="20" WC="0.93" CONTENT="för"/><SP WIDTH="18" VPOS="1239" HPOS="382"/>
							<String ID="string_291" HPOS="400" VPOS="1239" WIDTH="175" HEIGHT="25" WC="0.91" CONTENT="övningslärare"/><SP WIDTH="18" VPOS="1239" HPOS="575"/>
							<String ID="string_292" HPOS="593" VPOS="1239" WIDTH="44" HEIGHT="20" WC="0.96" CONTENT="den"/><SP WIDTH="19" VPOS="1239" HPOS="637"/>
							<String ID="string_293" HPOS="656" VPOS="1239" WIDTH="12" HEIGHT="20" WC="0.96" CONTENT="9"/><SP WIDTH="18" VPOS="1239" HPOS="668"/>
							<String ID="string_294" HPOS="686" VPOS="1238" WIDTH="52" HEIGHT="25" WC="0.96" CONTENT="juni"/><SP WIDTH="20" VPOS="1238" HPOS="738"/>
							<String ID="string_295" HPOS="758" VPOS="1238" WIDTH="55" HEIGHT="21" WC="0.96" CONTENT="1950"/><SP WIDTH="22" VPOS="1238" HPOS="813"/>
							<String ID="string_296" HPOS="835" VPOS="1238" WIDTH="40" HEIGHT="24" WC="0.96" CONTENT="(nr"/><SP WIDTH="18" VPOS="1238" HPOS="875"/>
							<String ID="string_297" HPOS="893" VPOS="1238" WIDTH="52" HEIGHT="22" WC="0.94" CONTENT="386)"/>
						</TextLine>
						<TextLine ID="line_52" HPOS="106" VPOS="1268" WIDTH="844" HEIGHT="26">
							<String ID="string_298" HPOS="106" VPOS="1270" WIDTH="61" HEIGHT="19" WC="0.92" CONTENT="samt"/><SP WIDTH="20" VPOS="1270" HPOS="167"/>
							<String ID="string_299" HPOS="187" VPOS="1269" WIDTH="274" HEIGHT="25" WC="0.91" CONTENT="avlöningsreglementet"/><SP WIDTH="19" VPOS="1269" HPOS="461"/>
							<String ID="string_300" HPOS="480" VPOS="1268" WIDTH="36" HEIGHT="20" WC="0.92" CONTENT="för"/><SP WIDTH="20" VPOS="1268" HPOS="516"/>
							<String ID="string_301" HPOS="536" VPOS="1268" WIDTH="219" HEIGHT="21" WC="0.91" CONTENT="statsunderstödda"/><SP WIDTH="19" VPOS="1268" HPOS="755"/>
							<String ID="string_302" HPOS="774" VPOS="1268" WIDTH="176" HEIGHT="25" WC="0.96" CONTENT="folkhögskolor"/>
						</TextLine>
						<TextLine ID="line_53" HPOS="107" VPOS="1297" WIDTH="840" HEIGHT="26">
							<String ID="string_303" HPOS="107" VPOS="1299" WIDTH="44" HEIGHT="20" WC="0.92" CONTENT="och"/><SP WIDTH="14" VPOS="1299" HPOS="151"/>
							<String ID="string_304" HPOS="165" VPOS="1298" WIDTH="421" HEIGHT="25" WC="0.45" CONTENT="lantbruksundervisningsånstalter"/><SP WIDTH="14" VPOS="1298" HPOS="586"/>
							<String ID="string_305" HPOS="600" VPOS="1304" WIDTH="29" HEIGHT="14" WC="0.92" CONTENT="m."/><SP WIDTH="15" VPOS="1304" HPOS="629"/>
							<String ID="string_306" HPOS="644" VPOS="1304" WIDTH="29" HEIGHT="14" WC="0.89" CONTENT="m."/><SP WIDTH="14" VPOS="1304" HPOS="673"/>
							<String ID="string_307" HPOS="687" VPOS="1298" WIDTH="45" HEIGHT="20" WC="0.96" CONTENT="den"/><SP WIDTH="13" VPOS="1298" HPOS="732"/>
							<String ID="string_308" HPOS="745" VPOS="1298" WIDTH="27" HEIGHT="20" WC="0.96" CONTENT="27"/><SP WIDTH="15" VPOS="1298" HPOS="772"/>
							<String ID="string_309" HPOS="787" VPOS="1298" WIDTH="92" HEIGHT="25" WC="0.95" CONTENT="augusti"/><SP WIDTH="15" VPOS="1298" HPOS="879"/>
							<String ID="string_310" HPOS="894" VPOS="1297" WIDTH="53" HEIGHT="21" WC="0.96" CONTENT="1951"/>
						</TextLine>
						<TextLine ID="line_54" HPOS="109" VPOS="1328" WIDTH="841" HEIGHT="25">
							<String ID="string_311" HPOS="109" VPOS="1329" WIDTH="40" HEIGHT="23" WC="0.95" CONTENT="(nr"/><SP WIDTH="15" VPOS="1329" HPOS="149"/>
							<String ID="string_312" HPOS="164" VPOS="1328" WIDTH="65" HEIGHT="24" WC="0.96" CONTENT="615),"/><SP WIDTH="16" VPOS="1328" HPOS="229"/>
							<String ID="string_313" HPOS="245" VPOS="1329" WIDTH="33" HEIGHT="19" WC="0.96" CONTENT="att"/><SP WIDTH="15" VPOS="1329" HPOS="278"/>
							<String ID="string_314" HPOS="293" VPOS="1328" WIDTH="93" HEIGHT="25" WC="0.96" CONTENT="vidtaga"/><SP WIDTH="15" VPOS="1328" HPOS="386"/>
							<String ID="string_315" HPOS="401" VPOS="1328" WIDTH="63" HEIGHT="20" WC="0.96" CONTENT="vissa"/><SP WIDTH="14" VPOS="1328" HPOS="464"/>
							<String ID="string_316" HPOS="478" VPOS="1328" WIDTH="100" HEIGHT="25" WC="0.96" CONTENT="ändring"/><SP WIDTH="14" VPOS="1328" HPOS="578"/>
							<String ID="string_317" HPOS="592" VPOS="1328" WIDTH="7" HEIGHT="20" WC="0.96" CONTENT="i"/><SP WIDTH="15" VPOS="1328" HPOS="599"/>
							<String ID="string_318" HPOS="614" VPOS="1328" WIDTH="119" HEIGHT="20" WC="0.93" CONTENT="allmänna"/><SP WIDTH="16" VPOS="1328" HPOS="733"/>
							<String ID="string_319" HPOS="749" VPOS="1328" WIDTH="201" HEIGHT="25" WC="0.91" CONTENT="resereglementet"/>
						</TextLine>
						<TextLine ID="line_55" HPOS="106" VPOS="1357" WIDTH="843" HEIGHT="24">
							<String ID="string_320" HPOS="106" VPOS="1359" WIDTH="45" HEIGHT="20" WC="0.96" CONTENT="den"/><SP WIDTH="16" VPOS="1359" HPOS="151"/>
							<String ID="string_321" HPOS="167" VPOS="1358" WIDTH="25" HEIGHT="20" WC="0.96" CONTENT="21"/><SP WIDTH="19" VPOS="1358" HPOS="192"/>
							<String ID="string_322" HPOS="211" VPOS="1364" WIDTH="51" HEIGHT="14" WC="0.96" CONTENT="nov."/><SP WIDTH="18" VPOS="1364" HPOS="262"/>
							<String ID="string_323" HPOS="280" VPOS="1358" WIDTH="55" HEIGHT="20" WC="0.95" CONTENT="1952"/><SP WIDTH="20" VPOS="1358" HPOS="335"/>
							<String ID="string_324" HPOS="355" VPOS="1358" WIDTH="40" HEIGHT="23" WC="0.96" CONTENT="(nr"/><SP WIDTH="16" VPOS="1358" HPOS="395"/>
							<String ID="string_325" HPOS="411" VPOS="1357" WIDTH="64" HEIGHT="24" WC="0.95" CONTENT="735),"/><SP WIDTH="15" VPOS="1357" HPOS="475"/>
							<String ID="string_326" HPOS="490" VPOS="1359" WIDTH="34" HEIGHT="19" WC="0.96" CONTENT="att"/><SP WIDTH="16" VPOS="1359" HPOS="524"/>
							<String ID="string_327" HPOS="540" VPOS="1358" WIDTH="105" HEIGHT="20" WC="0.96" CONTENT="meddela"/><SP WIDTH="15" VPOS="1358" HPOS="645"/>
							<String ID="string_328" HPOS="660" VPOS="1357" WIDTH="176" HEIGHT="21" WC="0.96" CONTENT="bestämmelser"/><SP WIDTH="15" VPOS="1357" HPOS="836"/>
							<String ID="string_329" HPOS="851" VPOS="1357" WIDTH="36" HEIGHT="20" WC="0.96" CONTENT="för"/><SP WIDTH="15" VPOS="1357" HPOS="887"/>
							<String ID="string_330" HPOS="902" VPOS="1357" WIDTH="47" HEIGHT="20" WC="0.96" CONTENT="viss"/>
						</TextLine>
						<TextLine ID="line_56" HPOS="107" VPOS="1386" WIDTH="843" HEIGHT="27">
							<String ID="string_331" HPOS="107" VPOS="1388" WIDTH="107" HEIGHT="25" WC="0.96" CONTENT="personal"/><SP WIDTH="14" VPOS="1388" HPOS="214"/>
							<String ID="string_332" HPOS="228" VPOS="1388" WIDTH="38" HEIGHT="20" WC="0.93" CONTENT="vid"/><SP WIDTH="14" VPOS="1388" HPOS="266"/>
							<String ID="string_333" HPOS="280" VPOS="1388" WIDTH="167" HEIGHT="20" WC="0.92" CONTENT="domänverket"/><SP WIDTH="13" VPOS="1388" HPOS="447"/>
							<String ID="string_334" HPOS="460" VPOS="1388" WIDTH="43" HEIGHT="19" WC="0.96" CONTENT="och"/><SP WIDTH="13" VPOS="1388" HPOS="503"/>
							<String ID="string_335" HPOS="516" VPOS="1387" WIDTH="38" HEIGHT="21" WC="0.93" CONTENT="vid"/><SP WIDTH="13" VPOS="1387" HPOS="554"/>
							<String ID="string_336" HPOS="567" VPOS="1387" WIDTH="284" HEIGHT="25" WC="0.91" CONTENT="skogsvårdsstyrelserna"/><SP WIDTH="12" VPOS="1387" HPOS="851"/>
							<String ID="string_337" HPOS="863" VPOS="1388" WIDTH="7" HEIGHT="19" WC="0.96" CONTENT="i"/><SP WIDTH="14" VPOS="1388" HPOS="870"/>
							<String ID="string_338" HPOS="884" VPOS="1386" WIDTH="66" HEIGHT="26" WC="0.96" CONTENT="fråga"/>
						</TextLine>
						<TextLine ID="line_57" HPOS="107" VPOS="1417" WIDTH="843" HEIGHT="25">
							<String ID="string_339" HPOS="107" VPOS="1424" WIDTH="37" HEIGHT="14" WC="0.96" CONTENT="om"/><SP WIDTH="12" VPOS="1424" HPOS="144"/>
							<String ID="string_340" HPOS="156" VPOS="1418" WIDTH="118" HEIGHT="23" WC="0.96" CONTENT="semester,"/><SP WIDTH="12" VPOS="1418" HPOS="274"/>
							<String ID="string_341" HPOS="286" VPOS="1423" WIDTH="49" HEIGHT="15" WC="0.93" CONTENT="som"/><SP WIDTH="12" VPOS="1423" HPOS="335"/>
							<String ID="string_342" HPOS="347" VPOS="1417" WIDTH="93" HEIGHT="25" WC="0.90" CONTENT="belöper"/><SP WIDTH="11" VPOS="1417" HPOS="440"/>
							<String ID="string_343" HPOS="451" VPOS="1417" WIDTH="34" HEIGHT="25" WC="0.96" CONTENT="sig"/><SP WIDTH="11" VPOS="1417" HPOS="485"/>
							<String ID="string_344" HPOS="496" VPOS="1417" WIDTH="29" HEIGHT="25" WC="0.96" CONTENT="på"/><SP WIDTH="11" VPOS="1417" HPOS="525"/>
							<String ID="string_345" HPOS="536" VPOS="1417" WIDTH="25" HEIGHT="20" WC="0.96" CONTENT="år"/><SP WIDTH="12" VPOS="1417" HPOS="561"/>
							<String ID="string_346" HPOS="573" VPOS="1417" WIDTH="63" HEIGHT="24" WC="0.96" CONTENT="1953,"/><SP WIDTH="11" VPOS="1417" HPOS="636"/>
							<String ID="string_347" HPOS="647" VPOS="1418" WIDTH="34" HEIGHT="19" WC="0.96" CONTENT="att"/><SP WIDTH="10" VPOS="1418" HPOS="681"/>
							<String ID="string_348" HPOS="691" VPOS="1417" WIDTH="7" HEIGHT="20" WC="0.96" CONTENT="i"/><SP WIDTH="11" VPOS="1417" HPOS="698"/>
							<String ID="string_349" HPOS="709" VPOS="1417" WIDTH="116" HEIGHT="20" WC="0.96" CONTENT="särskilda"/><SP WIDTH="10" VPOS="1417" HPOS="825"/>
							<String ID="string_350" HPOS="835" VPOS="1417" WIDTH="42" HEIGHT="20" WC="0.93" CONTENT="fall"/><SP WIDTH="11" VPOS="1417" HPOS="877"/>
							<String ID="string_351" HPOS="888" VPOS="1417" WIDTH="62" HEIGHT="20" WC="0.92" CONTENT="med-"/>
						</TextLine>
						<TextLine ID="line_58" HPOS="107" VPOS="1446" WIDTH="842" HEIGHT="27">
							<String ID="string_352" HPOS="107" VPOS="1448" WIDTH="51" HEIGHT="25" WC="0.96" CONTENT="giva"/><SP WIDTH="15" VPOS="1448" HPOS="158"/>
							<String ID="string_353" HPOS="173" VPOS="1447" WIDTH="100" HEIGHT="21" WC="0.96" CONTENT="anstånd"/><SP WIDTH="16" VPOS="1447" HPOS="273"/>
							<String ID="string_354" HPOS="289" VPOS="1448" WIDTH="52" HEIGHT="19" WC="0.93" CONTENT="med"/><SP WIDTH="14" VPOS="1448" HPOS="341"/>
							<String ID="string_355" HPOS="355" VPOS="1447" WIDTH="194" HEIGHT="25" WC="0.92" CONTENT="omstationering"/><SP WIDTH="14" VPOS="1447" HPOS="549"/>
							<String ID="string_356" HPOS="563" VPOS="1447" WIDTH="79" HEIGHT="25" WC="0.97" CONTENT="längre"/><SP WIDTH="14" VPOS="1447" HPOS="642"/>
							<String ID="string_357" HPOS="656" VPOS="1447" WIDTH="33" HEIGHT="20" WC="0.96" CONTENT="tid"/><SP WIDTH="14" VPOS="1447" HPOS="689"/>
							<String ID="string_358" HPOS="703" VPOS="1447" WIDTH="30" HEIGHT="20" WC="0.97" CONTENT="än"/><SP WIDTH="14" VPOS="1447" HPOS="733"/>
							<String ID="string_359" HPOS="747" VPOS="1448" WIDTH="33" HEIGHT="19" WC="0.91" CONTENT="ett"/><SP WIDTH="13" VPOS="1448" HPOS="780"/>
							<String ID="string_360" HPOS="793" VPOS="1446" WIDTH="33" HEIGHT="24" WC="0.92" CONTENT="år,"/><SP WIDTH="14" VPOS="1446" HPOS="826"/>
							<String ID="string_361" HPOS="840" VPOS="1447" WIDTH="35" HEIGHT="20" WC="0.93" CONTENT="att"/><SP WIDTH="13" VPOS="1447" HPOS="875"/>
							<String ID="string_362" HPOS="888" VPOS="1446" WIDTH="61" HEIGHT="20" WC="0.91" CONTENT="med-"/>
						</TextLine>
						<TextLine ID="line_59" HPOS="106" VPOS="1476" WIDTH="842" HEIGHT="26">
							<String ID="string_363" HPOS="106" VPOS="1478" WIDTH="52" HEIGHT="20" WC="0.96" CONTENT="dela"/><SP WIDTH="14" VPOS="1478" HPOS="158"/>
							<String ID="string_364" HPOS="172" VPOS="1477" WIDTH="77" HEIGHT="21" WC="0.96" CONTENT="beslut"/><SP WIDTH="14" VPOS="1477" HPOS="249"/>
							<String ID="string_365" HPOS="263" VPOS="1483" WIDTH="39" HEIGHT="14" WC="0.96" CONTENT="om"/><SP WIDTH="14" VPOS="1483" HPOS="302"/>
							<String ID="string_366" HPOS="316" VPOS="1477" WIDTH="126" HEIGHT="25" WC="0.96" CONTENT="utgivande"/><SP WIDTH="14" VPOS="1477" HPOS="442"/>
							<String ID="string_367" HPOS="456" VPOS="1477" WIDTH="8" HEIGHT="19" WC="0.96" CONTENT="i"/><SP WIDTH="14" VPOS="1477" HPOS="464"/>
							<String ID="string_368" HPOS="478" VPOS="1477" WIDTH="62" HEIGHT="20" WC="0.96" CONTENT="vissa"/><SP WIDTH="15" VPOS="1477" HPOS="540"/>
							<String ID="string_369" HPOS="555" VPOS="1476" WIDTH="41" HEIGHT="20" WC="0.96" CONTENT="fall"/><SP WIDTH="16" VPOS="1476" HPOS="596"/>
							<String ID="string_370" HPOS="612" VPOS="1482" WIDTH="28" HEIGHT="14" WC="0.96" CONTENT="av"/><SP WIDTH="14" VPOS="1482" HPOS="640"/>
							<String ID="string_371" HPOS="654" VPOS="1476" WIDTH="101" HEIGHT="20" WC="0.96" CONTENT="särskild"/><SP WIDTH="15" VPOS="1476" HPOS="755"/>
							<String ID="string_372" HPOS="770" VPOS="1476" WIDTH="130" HEIGHT="25" WC="0.96" CONTENT="ersättning"/><SP WIDTH="14" VPOS="1476" HPOS="900"/>
							<String ID="string_373" HPOS="914" VPOS="1476" WIDTH="34" HEIGHT="21" WC="0.96" CONTENT="till"/>
						</TextLine>
						<TextLine ID="line_60" HPOS="105" VPOS="1505" WIDTH="842" HEIGHT="27">
							<String ID="string_374" HPOS="105" VPOS="1507" WIDTH="239" HEIGHT="25" WC="0.91" CONTENT="befattningshavare,"/><SP WIDTH="19" VPOS="1507" HPOS="344"/>
							<String ID="string_375" HPOS="363" VPOS="1512" WIDTH="50" HEIGHT="15" WC="0.96" CONTENT="som"/><SP WIDTH="18" VPOS="1512" HPOS="413"/>
							<String ID="string_376" HPOS="431" VPOS="1507" WIDTH="26" HEIGHT="19" WC="0.96" CONTENT="är"/><SP WIDTH="17" VPOS="1507" HPOS="457"/>
							<String ID="string_377" HPOS="474" VPOS="1506" WIDTH="143" HEIGHT="25" WC="0.96" CONTENT="berättigade"/><SP WIDTH="17" VPOS="1506" HPOS="617"/>
							<String ID="string_378" HPOS="634" VPOS="1506" WIDTH="35" HEIGHT="20" WC="0.96" CONTENT="till"/><SP WIDTH="18" VPOS="1506" HPOS="669"/>
							<String ID="string_379" HPOS="687" VPOS="1506" WIDTH="100" HEIGHT="20" WC="0.96" CONTENT="livränta"/><SP WIDTH="17" VPOS="1506" HPOS="787"/>
							<String ID="string_380" HPOS="804" VPOS="1506" WIDTH="72" HEIGHT="25" WC="0.96" CONTENT="enligt"/><SP WIDTH="18" VPOS="1506" HPOS="876"/>
							<String ID="string_381" HPOS="894" VPOS="1505" WIDTH="53" HEIGHT="21" WC="0.96" CONTENT="1901"/>
						</TextLine>
						<TextLine ID="line_61" HPOS="106" VPOS="1535" WIDTH="844" HEIGHT="27">
							<String ID="string_382" HPOS="106" VPOS="1537" WIDTH="37" HEIGHT="20" WC="0.93" CONTENT="års"/><SP WIDTH="15" VPOS="1537" HPOS="143"/>
							<String ID="string_383" HPOS="158" VPOS="1536" WIDTH="326" HEIGHT="26" WC="0.91" CONTENT="olycksfallsersättningslag,"/><SP WIDTH="14" VPOS="1536" HPOS="484"/>
							<String ID="string_384" HPOS="498" VPOS="1537" WIDTH="61" HEIGHT="19" WC="0.96" CONTENT="samt"/><SP WIDTH="14" VPOS="1537" HPOS="559"/>
							<String ID="string_385" HPOS="573" VPOS="1535" WIDTH="94" HEIGHT="21" WC="0.96" CONTENT="utfärda"/><SP WIDTH="14" VPOS="1535" HPOS="667"/>
							<String ID="string_386" HPOS="681" VPOS="1536" WIDTH="28" HEIGHT="20" WC="0.93" CONTENT="de"/><SP WIDTH="13" VPOS="1536" HPOS="709"/>
							<String ID="string_387" HPOS="722" VPOS="1535" WIDTH="228" HEIGHT="26" WC="0.90" CONTENT="övergångsbestäm-"/>
						</TextLine>
						<TextLine ID="line_62" HPOS="107" VPOS="1565" WIDTH="813" HEIGHT="26">
							<String ID="string_388" HPOS="107" VPOS="1567" WIDTH="90" HEIGHT="23" WC="0.92" CONTENT="melser,"/><SP WIDTH="14" VPOS="1567" HPOS="197"/>
							<String ID="string_389" HPOS="211" VPOS="1572" WIDTH="50" HEIGHT="15" WC="0.96" CONTENT="som"/><SP WIDTH="13" VPOS="1572" HPOS="261"/>
							<String ID="string_390" HPOS="274" VPOS="1566" WIDTH="46" HEIGHT="20" WC="0.96" CONTENT="kan"/><SP WIDTH="13" VPOS="1566" HPOS="320"/>
							<String ID="string_391" HPOS="333" VPOS="1566" WIDTH="31" HEIGHT="20" WC="0.96" CONTENT="bli"/><SP WIDTH="13" VPOS="1566" HPOS="364"/>
							<String ID="string_392" HPOS="377" VPOS="1566" WIDTH="151" HEIGHT="25" WC="0.95" CONTENT="erforderliga"/><SP WIDTH="13" VPOS="1566" HPOS="528"/>
							<String ID="string_393" HPOS="541" VPOS="1566" WIDTH="6" HEIGHT="20" WC="0.92" CONTENT="i"/><SP WIDTH="14" VPOS="1566" HPOS="547"/>
							<String ID="string_394" HPOS="561" VPOS="1566" WIDTH="45" HEIGHT="20" WC="0.91" CONTENT="anl."/><SP WIDTH="13" VPOS="1566" HPOS="606"/>
							<String ID="string_395" HPOS="619" VPOS="1571" WIDTH="28" HEIGHT="15" WC="0.93" CONTENT="av"/><SP WIDTH="12" VPOS="1571" HPOS="647"/>
							<String ID="string_396" HPOS="659" VPOS="1565" WIDTH="154" HEIGHT="21" WC="0.92" CONTENT="förenämnda"/><SP WIDTH="12" VPOS="1565" HPOS="813"/>
							<String ID="string_397" HPOS="825" VPOS="1565" WIDTH="95" HEIGHT="25" WC="0.95" CONTENT="förslag."/>
						</TextLine>
					</TextBlock>
				</ComposedBlock>
				<ComposedBlock ID="cblock_21" HPOS="106" VPOS="1626" WIDTH="844" HEIGHT="109">
					<TextBlock ID="block_24" HPOS="106" VPOS="1626" WIDTH="844" HEIGHT="109">
						<TextLine ID="line_63" HPOS="107" VPOS="1626" WIDTH="842" HEIGHT="25">
							<String ID="string_398" HPOS="107" VPOS="1626" WIDTH="38" HEIGHT="20" WC="0.91" CONTENT="RD"/><SP WIDTH="15" VPOS="1626" HPOS="145"/>
							<String ID="string_399" HPOS="160" VPOS="1626" WIDTH="63" HEIGHT="25" WC="0.96" CONTENT="giver"/><SP WIDTH="14" VPOS="1626" HPOS="223"/>
							<String ID="string_400" HPOS="237" VPOS="1626" WIDTH="7" HEIGHT="20" WC="0.96" CONTENT="i"/><SP WIDTH="15" VPOS="1626" HPOS="244"/>
							<String ID="string_401" HPOS="259" VPOS="1626" WIDTH="112" HEIGHT="20" WC="0.95" CONTENT="skrivelse"/><SP WIDTH="14" VPOS="1626" HPOS="371"/>
							<String ID="string_402" HPOS="385" VPOS="1626" WIDTH="35" HEIGHT="20" WC="0.93" CONTENT="till"/><SP WIDTH="15" VPOS="1626" HPOS="420"/>
							<String ID="string_403" HPOS="435" VPOS="1626" WIDTH="26" HEIGHT="20" WC="0.91" CONTENT="K."/><SP WIDTH="14" VPOS="1626" HPOS="461"/>
							<String ID="string_404" HPOS="475" VPOS="1626" WIDTH="46" HEIGHT="20" WC="0.96" CONTENT="M:t"/><SP WIDTH="13" VPOS="1626" HPOS="521"/>
							<String ID="string_405" HPOS="534" VPOS="1626" WIDTH="116" HEIGHT="20" WC="0.96" CONTENT="tillkänna"/><SP WIDTH="14" VPOS="1626" HPOS="650"/>
							<String ID="string_406" HPOS="664" VPOS="1626" WIDTH="43" HEIGHT="20" WC="0.96" CONTENT="vad"/><SP WIDTH="15" VPOS="1626" HPOS="707"/>
							<String ID="string_407" HPOS="722" VPOS="1626" WIDTH="174" HEIGHT="20" WC="0.93" CONTENT="statsutskottet"/><SP WIDTH="14" VPOS="1626" HPOS="896"/>
							<String ID="string_408" HPOS="910" VPOS="1632" WIDTH="39" HEIGHT="14" WC="0.92" CONTENT="an-"/>
						</TextLine>
						<TextLine ID="line_64" HPOS="108" VPOS="1655" WIDTH="841" HEIGHT="26">
							<String ID="string_409" HPOS="108" VPOS="1655" WIDTH="46" HEIGHT="21" WC="0.96" CONTENT="fört"/><SP WIDTH="14" VPOS="1655" HPOS="154"/>
							<String ID="string_410" HPOS="168" VPOS="1656" WIDTH="7" HEIGHT="19" WC="0.93" CONTENT="i"/><SP WIDTH="14" VPOS="1656" HPOS="175"/>
							<String ID="string_411" HPOS="189" VPOS="1656" WIDTH="46" HEIGHT="20" WC="0.92" CONTENT="anl."/><SP WIDTH="15" VPOS="1656" HPOS="235"/>
							<String ID="string_412" HPOS="250" VPOS="1661" WIDTH="28" HEIGHT="14" WC="0.96" CONTENT="av"/><SP WIDTH="14" VPOS="1661" HPOS="278"/>
							<String ID="string_413" HPOS="292" VPOS="1656" WIDTH="115" HEIGHT="20" WC="0.96" CONTENT="motioner"/><SP WIDTH="14" VPOS="1656" HPOS="407"/>
							<String ID="string_414" HPOS="421" VPOS="1661" WIDTH="38" HEIGHT="14" WC="0.96" CONTENT="om"/><SP WIDTH="14" VPOS="1661" HPOS="459"/>
							<String ID="string_415" HPOS="473" VPOS="1655" WIDTH="149" HEIGHT="26" WC="0.96" CONTENT="tillämpning"/><SP WIDTH="13" VPOS="1655" HPOS="622"/>
							<String ID="string_416" HPOS="635" VPOS="1661" WIDTH="28" HEIGHT="15" WC="0.96" CONTENT="av"/><SP WIDTH="14" VPOS="1661" HPOS="663"/>
							<String ID="string_417" HPOS="677" VPOS="1656" WIDTH="88" HEIGHT="20" WC="0.94" CONTENT="statens"/><SP WIDTH="15" VPOS="1656" HPOS="765"/>
							<String ID="string_418" HPOS="780" VPOS="1656" WIDTH="118" HEIGHT="20" WC="0.90" CONTENT="allmänna"/><SP WIDTH="14" VPOS="1656" HPOS="898"/>
							<String ID="string_419" HPOS="912" VPOS="1661" WIDTH="37" HEIGHT="14" WC="0.88" CONTENT="av-"/>
						</TextLine>
						<TextLine ID="line_65" HPOS="106" VPOS="1685" WIDTH="844" HEIGHT="25">
							<String ID="string_420" HPOS="106" VPOS="1685" WIDTH="234" HEIGHT="25" WC="0.91" CONTENT="löningsreglemente"/><SP WIDTH="19" VPOS="1685" HPOS="340"/>
							<String ID="string_421" HPOS="359" VPOS="1685" WIDTH="30" HEIGHT="25" WC="0.92" CONTENT="på"/><SP WIDTH="19" VPOS="1685" HPOS="389"/>
							<String ID="string_422" HPOS="408" VPOS="1685" WIDTH="202" HEIGHT="25" WC="0.91" CONTENT="lärarpersonalen"/><SP WIDTH="19" VPOS="1685" HPOS="610"/>
							<String ID="string_423" HPOS="629" VPOS="1685" WIDTH="13" HEIGHT="20" WC="0.92" CONTENT="å"/><SP WIDTH="19" VPOS="1685" HPOS="642"/>
							<String ID="string_424" HPOS="661" VPOS="1685" WIDTH="178" HEIGHT="20" WC="0.73" CONTENT="enhetsskolans"/><SP WIDTH="19" VPOS="1685" HPOS="839"/>
							<String ID="string_425" HPOS="858" VPOS="1685" WIDTH="92" HEIGHT="25" WC="0.73" CONTENT="högsta-"/>
						</TextLine>
						<TextLine ID="line_66" HPOS="107" VPOS="1715" WIDTH="71" HEIGHT="20">
							<String ID="string_426" HPOS="107" VPOS="1715" WIDTH="71" HEIGHT="20" WC="0.90" CONTENT="dium."/>
						</TextLine>
					</TextBlock>
				</ComposedBlock>
				<ComposedBlock ID="cblock_22" HPOS="78" VPOS="1768" WIDTH="872" HEIGHT="323">
					<TextBlock ID="block_25" HPOS="80" VPOS="1768" WIDTH="870" HEIGHT="85">
						<TextLine ID="line_67" HPOS="80" VPOS="1768" WIDTH="869" HEIGHT="27">
							<String ID="string_427" HPOS="80" VPOS="1774" WIDTH="6" HEIGHT="14" WC="0.93" CONTENT="1"/><SP WIDTH="21" VPOS="1774" HPOS="86"/>
							<String ID="string_428" HPOS="107" VPOS="1769" WIDTH="39" HEIGHT="19" WC="0.90" CONTENT="RD"/><SP WIDTH="13" VPOS="1769" HPOS="146"/>
							<String ID="string_429" HPOS="159" VPOS="1768" WIDTH="77" HEIGHT="21" WC="0.96" CONTENT="avslår"/><SP WIDTH="13" VPOS="1768" HPOS="236"/>
							<String ID="string_430" HPOS="249" VPOS="1769" WIDTH="88" HEIGHT="20" WC="0.96" CONTENT="motion"/><SP WIDTH="13" VPOS="1769" HPOS="337"/>
							<String ID="string_431" HPOS="350" VPOS="1775" WIDTH="37" HEIGHT="13" WC="0.96" CONTENT="om"/><SP WIDTH="13" VPOS="1775" HPOS="387"/>
							<String ID="string_432" HPOS="400" VPOS="1768" WIDTH="141" HEIGHT="21" WC="0.96" CONTENT="utfärdande"/><SP WIDTH="12" VPOS="1768" HPOS="541"/>
							<String ID="string_433" HPOS="553" VPOS="1775" WIDTH="28" HEIGHT="14" WC="0.96" CONTENT="av"/><SP WIDTH="12" VPOS="1775" HPOS="581"/>
							<String ID="string_434" HPOS="593" VPOS="1769" WIDTH="147" HEIGHT="21" WC="0.96" CONTENT="föreskrifter"/><SP WIDTH="12" VPOS="1769" HPOS="740"/>
							<String ID="string_435" HPOS="752" VPOS="1770" WIDTH="45" HEIGHT="20" WC="0.96" CONTENT="rör."/><SP WIDTH="13" VPOS="1770" HPOS="797"/>
							<String ID="string_436" HPOS="810" VPOS="1770" WIDTH="139" HEIGHT="25" WC="0.96" CONTENT="löneavdrag"/>
						</TextLine>
						<TextLine ID="line_68" HPOS="106" VPOS="1798" WIDTH="844" HEIGHT="26">
							<String ID="string_437" HPOS="106" VPOS="1798" WIDTH="37" HEIGHT="20" WC="0.96" CONTENT="för"/><SP WIDTH="17" VPOS="1798" HPOS="143"/>
							<String ID="string_438" HPOS="160" VPOS="1798" WIDTH="206" HEIGHT="25" WC="0.95" CONTENT="statstjänstemän"/><SP WIDTH="16" VPOS="1798" HPOS="366"/>
							<String ID="string_439" HPOS="382" VPOS="1798" WIDTH="39" HEIGHT="20" WC="0.96" CONTENT="vid"/><SP WIDTH="16" VPOS="1798" HPOS="421"/>
							<String ID="string_440" HPOS="437" VPOS="1798" WIDTH="178" HEIGHT="26" WC="0.96" CONTENT="tjänstledighet"/><SP WIDTH="17" VPOS="1798" HPOS="615"/>
							<String ID="string_441" HPOS="632" VPOS="1799" WIDTH="36" HEIGHT="20" WC="0.96" CONTENT="för"/><SP WIDTH="16" VPOS="1799" HPOS="668"/>
							<String ID="string_442" HPOS="684" VPOS="1799" WIDTH="148" HEIGHT="25" WC="0.96" CONTENT="fullgörande"/><SP WIDTH="16" VPOS="1799" HPOS="832"/>
							<String ID="string_443" HPOS="848" VPOS="1806" WIDTH="29" HEIGHT="14" WC="0.92" CONTENT="av"/><SP WIDTH="16" VPOS="1806" HPOS="877"/>
							<String ID="string_444" HPOS="893" VPOS="1805" WIDTH="57" HEIGHT="19" WC="0.91" CONTENT="upp-"/>
						</TextLine>
						<TextLine ID="line_69" HPOS="106" VPOS="1828" WIDTH="447" HEIGHT="25">
							<String ID="string_445" HPOS="106" VPOS="1828" WIDTH="56" HEIGHT="25" WC="0.96" CONTENT="drag"/><SP WIDTH="9" VPOS="1828" HPOS="162"/>
							<String ID="string_446" HPOS="171" VPOS="1828" WIDTH="38" HEIGHT="20" WC="0.96" CONTENT="vid"/><SP WIDTH="10" VPOS="1828" HPOS="209"/>
							<String ID="string_447" HPOS="219" VPOS="1828" WIDTH="69" HEIGHT="20" WC="0.96" CONTENT="hovet"/><SP WIDTH="9" VPOS="1828" HPOS="288"/>
							<String ID="string_448" HPOS="297" VPOS="1828" WIDTH="43" HEIGHT="20" WC="0.93" CONTENT="och"/><SP WIDTH="10" VPOS="1828" HPOS="340"/>
							<String ID="string_449" HPOS="350" VPOS="1828" WIDTH="203" HEIGHT="20" WC="0.91" CONTENT="ordensväsendet."/>
						</TextLine>
					</TextBlock>
					<TextBlock ID="block_26" HPOS="78" VPOS="1858" WIDTH="871" HEIGHT="85">
						<TextLine ID="line_70" HPOS="78" VPOS="1858" WIDTH="871" HEIGHT="25">
							<String ID="string_450" HPOS="78" VPOS="1863" WIDTH="10" HEIGHT="15" WC="0.91" CONTENT="2"/><SP WIDTH="19" VPOS="1863" HPOS="88"/>
							<String ID="string_451" HPOS="107" VPOS="1858" WIDTH="63" HEIGHT="20" WC="0.91" CONTENT="RD:s"/><SP WIDTH="14" VPOS="1858" HPOS="170"/>
							<String ID="string_452" HPOS="184" VPOS="1858" WIDTH="110" HEIGHT="25" WC="0.95" CONTENT="yttrande"/><SP WIDTH="14" VPOS="1858" HPOS="294"/>
							<String ID="string_453" HPOS="308" VPOS="1858" WIDTH="7" HEIGHT="20" WC="0.92" CONTENT="i"/><SP WIDTH="14" VPOS="1858" HPOS="315"/>
							<String ID="string_454" HPOS="329" VPOS="1858" WIDTH="45" HEIGHT="20" WC="0.92" CONTENT="anl."/><SP WIDTH="15" VPOS="1858" HPOS="374"/>
							<String ID="string_455" HPOS="389" VPOS="1864" WIDTH="28" HEIGHT="14" WC="0.93" CONTENT="av"/><SP WIDTH="14" VPOS="1864" HPOS="417"/>
							<String ID="string_456" HPOS="431" VPOS="1858" WIDTH="63" HEIGHT="20" WC="0.92" CONTENT="RD:s"/><SP WIDTH="15" VPOS="1858" HPOS="494"/>
							<String ID="string_457" HPOS="509" VPOS="1858" WIDTH="25" HEIGHT="20" WC="0.96" CONTENT="år"/><SP WIDTH="15" VPOS="1858" HPOS="534"/>
							<String ID="string_458" HPOS="549" VPOS="1858" WIDTH="56" HEIGHT="21" WC="0.96" CONTENT="1954"/><SP WIDTH="14" VPOS="1858" HPOS="605"/>
							<String ID="string_459" HPOS="619" VPOS="1858" WIDTH="141" HEIGHT="21" WC="0.96" CONTENT="församlade"/><SP WIDTH="14" VPOS="1858" HPOS="760"/>
							<String ID="string_460" HPOS="774" VPOS="1859" WIDTH="125" HEIGHT="20" WC="0.93" CONTENT="revisorers"/><SP WIDTH="13" VPOS="1859" HPOS="899"/>
							<String ID="string_461" HPOS="912" VPOS="1859" WIDTH="37" HEIGHT="20" WC="0.92" CONTENT="be-"/>
						</TextLine>
						<TextLine ID="line_71" HPOS="107" VPOS="1888" WIDTH="842" HEIGHT="25">
							<String ID="string_462" HPOS="107" VPOS="1888" WIDTH="93" HEIGHT="20" WC="0.96" CONTENT="rättelse"/><SP WIDTH="17" VPOS="1888" HPOS="200"/>
							<String ID="string_463" HPOS="217" VPOS="1893" WIDTH="51" HEIGHT="20" WC="0.96" CONTENT="ang."/><SP WIDTH="17" VPOS="1893" HPOS="268"/>
							<String ID="string_464" HPOS="285" VPOS="1888" WIDTH="127" HEIGHT="20" WC="0.96" CONTENT="verkställd"/><SP WIDTH="16" VPOS="1888" HPOS="412"/>
							<String ID="string_465" HPOS="428" VPOS="1888" WIDTH="144" HEIGHT="25" WC="0.95" CONTENT="granskning"/><SP WIDTH="16" VPOS="1888" HPOS="572"/>
							<String ID="string_466" HPOS="588" VPOS="1894" WIDTH="28" HEIGHT="14" WC="0.93" CONTENT="av"/><SP WIDTH="15" VPOS="1894" HPOS="616"/>
							<String ID="string_467" HPOS="631" VPOS="1888" WIDTH="147" HEIGHT="24" WC="0.91" CONTENT="statsverket,"/><SP WIDTH="15" VPOS="1888" HPOS="778"/>
							<String ID="string_468" HPOS="793" VPOS="1889" WIDTH="7" HEIGHT="20" WC="0.96" CONTENT="i"/><SP WIDTH="16" VPOS="1889" HPOS="800"/>
							<String ID="string_469" HPOS="816" VPOS="1889" WIDTH="43" HEIGHT="20" WC="0.93" CONTENT="vad"/><SP WIDTH="15" VPOS="1889" HPOS="859"/>
							<String ID="string_470" HPOS="874" VPOS="1889" WIDTH="75" HEIGHT="20" WC="0.92" CONTENT="berät-"/>
						</TextLine>
						<TextLine ID="line_72" HPOS="106" VPOS="1918" WIDTH="630" HEIGHT="25">
							<String ID="string_471" HPOS="106" VPOS="1918" WIDTH="73" HEIGHT="20" WC="0.92" CONTENT="telsen"/><SP WIDTH="10" VPOS="1918" HPOS="179"/>
							<String ID="string_472" HPOS="189" VPOS="1924" WIDTH="67" HEIGHT="13" WC="0.96" CONTENT="avser"/><SP WIDTH="10" VPOS="1924" HPOS="256"/>
							<String ID="string_473" HPOS="266" VPOS="1918" WIDTH="27" HEIGHT="19" WC="0.96" CONTENT="de"/><SP WIDTH="11" VPOS="1918" HPOS="293"/>
							<String ID="string_474" HPOS="304" VPOS="1918" WIDTH="93" HEIGHT="24" WC="0.92" CONTENT="statliga"/><SP WIDTH="10" VPOS="1918" HPOS="397"/>
							<String ID="string_475" HPOS="407" VPOS="1918" WIDTH="329" HEIGHT="25" WC="0.91" CONTENT="avlöningsförfattningarna."/>
						</TextLine>
					</TextBlock>
					<TextBlock ID="block_27" HPOS="78" VPOS="1947" WIDTH="872" HEIGHT="144">
						<TextLine ID="line_73" HPOS="78" VPOS="1947" WIDTH="871" HEIGHT="26">
							<String ID="string_476" HPOS="78" VPOS="1953" WIDTH="9" HEIGHT="14" WC="0.93" CONTENT="3"/><SP WIDTH="19" VPOS="1953" HPOS="87"/>
							<String ID="string_477" HPOS="106" VPOS="1947" WIDTH="39" HEIGHT="20" WC="0.91" CONTENT="RD"/><SP WIDTH="17" VPOS="1947" HPOS="145"/>
							<String ID="string_478" HPOS="162" VPOS="1947" WIDTH="104" HEIGHT="25" WC="0.92" CONTENT="vidtager"/><SP WIDTH="17" VPOS="1947" HPOS="266"/>
							<String ID="string_479" HPOS="283" VPOS="1947" WIDTH="126" HEIGHT="25" WC="0.96" CONTENT="ändringar"/><SP WIDTH="15" VPOS="1947" HPOS="409"/>
							<String ID="string_480" HPOS="424" VPOS="1947" WIDTH="7" HEIGHT="20" WC="0.96" CONTENT="i"/><SP WIDTH="17" VPOS="1947" HPOS="431"/>
							<String ID="string_481" HPOS="448" VPOS="1948" WIDTH="89" HEIGHT="19" WC="0.96" CONTENT="statens"/><SP WIDTH="15" VPOS="1948" HPOS="537"/>
							<String ID="string_482" HPOS="552" VPOS="1948" WIDTH="120" HEIGHT="20" WC="0.93" CONTENT="allmänna"/><SP WIDTH="15" VPOS="1948" HPOS="672"/>
							<String ID="string_483" HPOS="687" VPOS="1948" WIDTH="262" HEIGHT="25" WC="0.91" CONTENT="avlöningsreglemente"/>
						</TextLine>
						<TextLine ID="line_74" HPOS="107" VPOS="1976" WIDTH="842" HEIGHT="27">
							<String ID="string_484" HPOS="107" VPOS="1977" WIDTH="44" HEIGHT="20" WC="0.96" CONTENT="den"/><SP WIDTH="14" VPOS="1977" HPOS="151"/>
							<String ID="string_485" HPOS="165" VPOS="1977" WIDTH="27" HEIGHT="20" WC="0.96" CONTENT="30"/><SP WIDTH="13" VPOS="1977" HPOS="192"/>
							<String ID="string_486" HPOS="205" VPOS="1977" WIDTH="53" HEIGHT="24" WC="0.95" CONTENT="juni"/><SP WIDTH="15" VPOS="1977" HPOS="258"/>
							<String ID="string_487" HPOS="273" VPOS="1977" WIDTH="55" HEIGHT="20" WC="0.96" CONTENT="1948"/><SP WIDTH="18" VPOS="1977" HPOS="328"/>
							<String ID="string_488" HPOS="346" VPOS="1976" WIDTH="38" HEIGHT="24" WC="0.96" CONTENT="(nr"/><SP WIDTH="14" VPOS="1976" HPOS="384"/>
							<String ID="string_489" HPOS="398" VPOS="1976" WIDTH="52" HEIGHT="24" WC="0.96" CONTENT="436)"/><SP WIDTH="18" VPOS="1976" HPOS="450"/>
							<String ID="string_490" HPOS="468" VPOS="1978" WIDTH="60" HEIGHT="19" WC="0.96" CONTENT="samt"/><SP WIDTH="14" VPOS="1978" HPOS="528"/>
							<String ID="string_491" HPOS="542" VPOS="1977" WIDTH="126" HEIGHT="25" WC="0.96" CONTENT="ändringar"/><SP WIDTH="12" VPOS="1977" HPOS="668"/>
							<String ID="string_492" HPOS="680" VPOS="1977" WIDTH="8" HEIGHT="20" WC="0.93" CONTENT="i"/><SP WIDTH="13" VPOS="1977" HPOS="688"/>
							<String ID="string_493" HPOS="701" VPOS="1977" WIDTH="248" HEIGHT="26" WC="0.91" CONTENT="avlöningsreglemen-"/>
						</TextLine>
						<TextLine ID="line_75" HPOS="106" VPOS="2006" WIDTH="844" HEIGHT="26">
							<String ID="string_494" HPOS="106" VPOS="2008" WIDTH="33" HEIGHT="19" WC="0.96" CONTENT="tet"/><SP WIDTH="18" VPOS="2008" HPOS="139"/>
							<String ID="string_495" HPOS="157" VPOS="2007" WIDTH="36" HEIGHT="19" WC="0.96" CONTENT="för"/><SP WIDTH="18" VPOS="2007" HPOS="193"/>
							<String ID="string_496" HPOS="211" VPOS="2006" WIDTH="135" HEIGHT="20" WC="0.96" CONTENT="folkskolan"/><SP WIDTH="18" VPOS="2006" HPOS="346"/>
							<String ID="string_497" HPOS="364" VPOS="2007" WIDTH="44" HEIGHT="19" WC="0.96" CONTENT="den"/><SP WIDTH="17" VPOS="2007" HPOS="408"/>
							<String ID="string_498" HPOS="425" VPOS="2006" WIDTH="28" HEIGHT="20" WC="0.96" CONTENT="30"/><SP WIDTH="17" VPOS="2006" HPOS="453"/>
							<String ID="string_499" HPOS="470" VPOS="2006" WIDTH="53" HEIGHT="25" WC="0.96" CONTENT="juni"/><SP WIDTH="19" VPOS="2006" HPOS="523"/>
							<String ID="string_500" HPOS="542" VPOS="2007" WIDTH="55" HEIGHT="20" WC="0.96" CONTENT="1948"/><SP WIDTH="21" VPOS="2007" HPOS="597"/>
							<String ID="string_501" HPOS="618" VPOS="2007" WIDTH="39" HEIGHT="22" WC="0.96" CONTENT="(nr"/><SP WIDTH="18" VPOS="2007" HPOS="657"/>
							<String ID="string_502" HPOS="675" VPOS="2007" WIDTH="63" HEIGHT="23" WC="0.93" CONTENT="437),"/><SP WIDTH="18" VPOS="2007" HPOS="738"/>
							<String ID="string_503" HPOS="756" VPOS="2007" WIDTH="194" HEIGHT="25" WC="0.91" CONTENT="avlöningsregle-"/>
						</TextLine>
						<TextLine ID="line_76" HPOS="107" VPOS="2036" WIDTH="842" HEIGHT="26">
							<String ID="string_504" HPOS="107" VPOS="2037" WIDTH="77" HEIGHT="19" WC="0.96" CONTENT="mente"/><SP WIDTH="15" VPOS="2037" HPOS="184"/>
							<String ID="string_505" HPOS="199" VPOS="2036" WIDTH="36" HEIGHT="20" WC="0.93" CONTENT="för"/><SP WIDTH="14" VPOS="2036" HPOS="235"/>
							<String ID="string_506" HPOS="249" VPOS="2036" WIDTH="175" HEIGHT="25" WC="0.91" CONTENT="övningslärare"/><SP WIDTH="14" VPOS="2036" HPOS="424"/>
							<String ID="string_507" HPOS="438" VPOS="2036" WIDTH="44" HEIGHT="20" WC="0.96" CONTENT="den"/><SP WIDTH="14" VPOS="2036" HPOS="482"/>
							<String ID="string_508" HPOS="496" VPOS="2036" WIDTH="13" HEIGHT="20" WC="0.96" CONTENT="9"/><SP WIDTH="14" VPOS="2036" HPOS="509"/>
							<String ID="string_509" HPOS="523" VPOS="2036" WIDTH="52" HEIGHT="25" WC="0.96" CONTENT="juni"/><SP WIDTH="16" VPOS="2036" HPOS="575"/>
							<String ID="string_510" HPOS="591" VPOS="2036" WIDTH="55" HEIGHT="20" WC="0.96" CONTENT="1950"/><SP WIDTH="17" VPOS="2036" HPOS="646"/>
							<String ID="string_511" HPOS="663" VPOS="2036" WIDTH="40" HEIGHT="23" WC="0.96" CONTENT="(nr"/><SP WIDTH="13" VPOS="2036" HPOS="703"/>
							<String ID="string_512" HPOS="716" VPOS="2036" WIDTH="53" HEIGHT="25" WC="0.96" CONTENT="386)"/><SP WIDTH="18" VPOS="2036" HPOS="769"/>
							<String ID="string_513" HPOS="787" VPOS="2039" WIDTH="61" HEIGHT="18" WC="0.93" CONTENT="samt"/><SP WIDTH="13" VPOS="2039" HPOS="848"/>
							<String ID="string_514" HPOS="861" VPOS="2037" WIDTH="88" HEIGHT="25" WC="0.91" CONTENT="kungö-"/>
						</TextLine>
						<TextLine ID="line_77" HPOS="107" VPOS="2065" WIDTH="842" HEIGHT="26">
							<String ID="string_515" HPOS="107" VPOS="2066" WIDTH="75" HEIGHT="20" WC="0.96" CONTENT="relsen"/><SP WIDTH="16" VPOS="2066" HPOS="182"/>
							<String ID="string_516" HPOS="198" VPOS="2066" WIDTH="44" HEIGHT="20" WC="0.96" CONTENT="den"/><SP WIDTH="16" VPOS="2066" HPOS="242"/>
							<String ID="string_517" HPOS="258" VPOS="2065" WIDTH="27" HEIGHT="21" WC="0.95" CONTENT="22"/><SP WIDTH="16" VPOS="2065" HPOS="285"/>
							<String ID="string_518" HPOS="301" VPOS="2066" WIDTH="53" HEIGHT="24" WC="0.95" CONTENT="juni"/><SP WIDTH="17" VPOS="2066" HPOS="354"/>
							<String ID="string_519" HPOS="371" VPOS="2066" WIDTH="53" HEIGHT="19" WC="0.96" CONTENT="1951"/><SP WIDTH="21" VPOS="2066" HPOS="424"/>
							<String ID="string_520" HPOS="445" VPOS="2066" WIDTH="39" HEIGHT="22" WC="0.96" CONTENT="(nr"/><SP WIDTH="16" VPOS="2066" HPOS="484"/>
							<String ID="string_521" HPOS="500" VPOS="2065" WIDTH="53" HEIGHT="24" WC="0.95" CONTENT="586)"/><SP WIDTH="19" VPOS="2065" HPOS="553"/>
							<String ID="string_522" HPOS="572" VPOS="2071" WIDTH="52" HEIGHT="19" WC="0.95" CONTENT="ang."/><SP WIDTH="16" VPOS="2071" HPOS="624"/>
							<String ID="string_523" HPOS="640" VPOS="2066" WIDTH="141" HEIGHT="25" WC="0.96" CONTENT="statsbidrag"/><SP WIDTH="15" VPOS="2066" HPOS="781"/>
							<String ID="string_524" HPOS="796" VPOS="2067" WIDTH="35" HEIGHT="20" WC="0.94" CONTENT="till"/><SP WIDTH="15" VPOS="2067" HPOS="831"/>
							<String ID="string_525" HPOS="846" VPOS="2067" WIDTH="103" HEIGHT="20" WC="0.96" CONTENT="centrala"/>
						</TextLine>
					</TextBlock>
				</ComposedBlock>
				<ComposedBlock ID="cblock_23" HPOS="957" VPOS="142" WIDTH="5" HEIGHT="1982">
					<TextBlock ID="block_28" HPOS="957" VPOS="142" WIDTH="5" HEIGHT="1982">
						<TextLine ID="line_78" HPOS="957" VPOS="142" WIDTH="5" HEIGHT="1982">
							<String ID="string_526" HPOS="957" VPOS="142" WIDTH="5" HEIGHT="1982" WC="0.95" CONTENT=" "/>
						</TextLine>
					</TextBlock>
				</ComposedBlock>
				<ComposedBlock ID="cblock_24" HPOS="108" VPOS="2094" WIDTH="841" HEIGHT="28">
					<TextBlock ID="block_29" HPOS="108" VPOS="2094" WIDTH="841" HEIGHT="28">
						<TextLine ID="line_79" HPOS="108" VPOS="2094" WIDTH="841" HEIGHT="28">
							<String ID="string_527" HPOS="108" VPOS="2095" WIDTH="213" HEIGHT="23" WC="0.91" CONTENT="verkstadsskolor;"/><SP WIDTH="15" VPOS="2095" HPOS="321"/>
							<String ID="string_528" HPOS="336" VPOS="2095" WIDTH="43" HEIGHT="20" WC="0.92" CONTENT="och"/><SP WIDTH="13" VPOS="2095" HPOS="379"/>
							<String ID="string_529" HPOS="392" VPOS="2094" WIDTH="152" HEIGHT="26" WC="0.92" CONTENT="bemyndigar"/><SP WIDTH="14" VPOS="2094" HPOS="544"/>
							<String ID="string_530" HPOS="558" VPOS="2095" WIDTH="39" HEIGHT="20" WC="0.92" CONTENT="RD"/><SP WIDTH="13" VPOS="2095" HPOS="597"/>
							<String ID="string_531" HPOS="610" VPOS="2096" WIDTH="6" HEIGHT="20" WC="0.96" CONTENT="i"/><SP WIDTH="13" VPOS="2096" HPOS="616"/>
							<String ID="string_532" HPOS="629" VPOS="2095" WIDTH="43" HEIGHT="21" WC="0.96" CONTENT="vad"/><SP WIDTH="13" VPOS="2095" HPOS="672"/>
							<String ID="string_533" HPOS="685" VPOS="2097" WIDTH="67" HEIGHT="19" WC="0.93" CONTENT="avser"/><SP WIDTH="12" VPOS="2097" HPOS="752"/>
							<String ID="string_534" HPOS="764" VPOS="2095" WIDTH="139" HEIGHT="27" WC="0.90" CONTENT="barntillägg"/><SP WIDTH="12" VPOS="2095" HPOS="903"/>
							<String ID="string_535" HPOS="915" VPOS="2096" WIDTH="34" HEIGHT="20" WC="0.96" CONTENT="till"/>
						</TextLine>
					</TextBlock>
				</ComposedBlock>
				<ComposedBlock ID="cblock_25" HPOS="971" VPOS="290" WIDTH="30" HEIGHT="22">
					<TextBlock ID="block_30" HPOS="971" VPOS="290" WIDTH="30" HEIGHT="22">
						<TextLine ID="line_80" HPOS="971" VPOS="290" WIDTH="30" HEIGHT="22">
							<String ID="string_536" HPOS="971" VPOS="290" WIDTH="30" HEIGHT="22" WC="0.52" CONTENT="53]"/>
						</TextLine>
					</TextBlock>
				</ComposedBlock>
				<ComposedBlock ID="cblock_26" HPOS="971" VPOS="380" WIDTH="30" HEIGHT="21">
					<TextBlock ID="block_31" HPOS="971" VPOS="380" WIDTH="30" HEIGHT="21">
						<TextLine ID="line_81" HPOS="971" VPOS="380" WIDTH="30" HEIGHT="21">
							<String ID="string_537" HPOS="971" VPOS="380" WIDTH="30" HEIGHT="21" WC="0.96" CONTENT="53"/>
						</TextLine>
					</TextBlock>
				</ComposedBlock>
				<ComposedBlock ID="cblock_27" HPOS="972" VPOS="1033" WIDTH="31" HEIGHT="82">
					<TextBlock ID="block_32" HPOS="972" VPOS="1033" WIDTH="31" HEIGHT="82">
						<TextLine ID="line_82" HPOS="973" VPOS="1033" WIDTH="30" HEIGHT="22">
							<String ID="string_538" HPOS="973" VPOS="1033" WIDTH="30" HEIGHT="22" WC="0.34" CONTENT="54]"/>
						</TextLine>
						<TextLine ID="line_83" HPOS="972" VPOS="1093" WIDTH="31" HEIGHT="22">
							<String ID="string_539" HPOS="972" VPOS="1093" WIDTH="31" HEIGHT="22" WC="0.94" CONTENT="54"/>
						</TextLine>
					</TextBlock>
				</ComposedBlock>
				<ComposedBlock ID="cblock_28" HPOS="972" VPOS="1770" WIDTH="30" HEIGHT="22">
					<TextBlock ID="block_33" HPOS="972" VPOS="1770" WIDTH="30" HEIGHT="22">
						<TextLine ID="line_84" HPOS="972" VPOS="1770" WIDTH="30" HEIGHT="22">
							<String ID="string_540" HPOS="972" VPOS="1770" WIDTH="30" HEIGHT="22" WC="0.68" CONTENT="55)"/>
						</TextLine>
					</TextBlock>
				</ComposedBlock>
				<ComposedBlock ID="cblock_29" HPOS="972" VPOS="1859" WIDTH="29" HEIGHT="22">
					<TextBlock ID="block_34" HPOS="972" VPOS="1859" WIDTH="29" HEIGHT="22">
						<TextLine ID="line_85" HPOS="972" VPOS="1859" WIDTH="29" HEIGHT="22">
							<String ID="string_541" HPOS="972" VPOS="1859" WIDTH="29" HEIGHT="22" WC="0.96" CONTENT="55"/>
						</TextLine>
					</TextBlock>
				</ComposedBlock>
				<ComposedBlock ID="cblock_30" HPOS="972" VPOS="1949" WIDTH="30" HEIGHT="22">
					<TextBlock ID="block_35" HPOS="972" VPOS="1949" WIDTH="30" HEIGHT="22">
						<TextLine ID="line_86" HPOS="972" VPOS="1949" WIDTH="30" HEIGHT="22">
							<String ID="string_542" HPOS="972" VPOS="1949" WIDTH="30" HEIGHT="22" WC="0.65" CONTENT="55]"/>
						</TextLine>
					</TextBlock>
				</ComposedBlock>
				<ComposedBlock ID="cblock_31" HPOS="1004" VPOS="142" WIDTH="6" HEIGHT="1982">
					<TextBlock ID="block_36" HPOS="1004" VPOS="142" WIDTH="6" HEIGHT="1982">
						<TextLine ID="line_87" HPOS="1004" VPOS="142" WIDTH="6" HEIGHT="1982">
							<String ID="string_543" HPOS="1004" VPOS="142" WIDTH="6" HEIGHT="1982" WC="0.95" CONTENT=" "/>
						</TextLine>
					</TextBlock>
				</ComposedBlock>
				<ComposedBlock ID="cblock_32" HPOS="1024" VPOS="382" WIDTH="42" HEIGHT="20">
					<TextBlock ID="block_37" HPOS="1024" VPOS="382" WIDTH="42" HEIGHT="20">
						<TextLine ID="line_88" HPOS="1024" VPOS="382" WIDTH="42" HEIGHT="20">
							<String ID="string_544" HPOS="1024" VPOS="382" WIDTH="42" HEIGHT="20" WC="0.96" CONTENT="194"/>
						</TextLine>
					</TextBlock>
				</ComposedBlock>
				<ComposedBlock ID="cblock_33" HPOS="1025" VPOS="1951" WIDTH="39" HEIGHT="20">
					<TextBlock ID="block_38" HPOS="1025" VPOS="1951" WIDTH="39" HEIGHT="20">
						<TextLine ID="line_89" HPOS="1025" VPOS="1951" WIDTH="39" HEIGHT="20">
							<String ID="string_545" HPOS="1025" VPOS="1951" WIDTH="39" HEIGHT="20" WC="0.96" CONTENT="171"/>
						</TextLine>
					</TextBlock>
				</ComposedBlock>
				<ComposedBlock ID="cblock_34" HPOS="1081" VPOS="142" WIDTH="5" HEIGHT="1982">
					<TextBlock ID="block_39" HPOS="1081" VPOS="142" WIDTH="5" HEIGHT="1982">
						<TextLine ID="line_90" HPOS="1081" VPOS="142" WIDTH="5" HEIGHT="1982">
							<String ID="string_546" HPOS="1081" VPOS="142" WIDTH="5" HEIGHT="1982" WC="0.95" CONTENT=" "/>
						</TextLine>
					</TextBlock>
				</ComposedBlock>
				<ComposedBlock ID="cblock_35" HPOS="1110" VPOS="1035" WIDTH="28" HEIGHT="21">
					<TextBlock ID="block_40" HPOS="1110" VPOS="1035" WIDTH="28" HEIGHT="21">
						<TextLine ID="line_91" HPOS="1110" VPOS="1035" WIDTH="28" HEIGHT="21">
							<String ID="string_547" HPOS="1110" VPOS="1035" WIDTH="28" HEIGHT="21" WC="0.96" CONTENT="68"/>
						</TextLine>
					</TextBlock>
				</ComposedBlock>
				<ComposedBlock ID="cblock_36" HPOS="1096" VPOS="1630" WIDTH="42" HEIGHT="20">
					<TextBlock ID="block_41" HPOS="1096" VPOS="1630" WIDTH="42" HEIGHT="20">
						<TextLine ID="line_92" HPOS="1096" VPOS="1630" WIDTH="42" HEIGHT="20">
							<String ID="string_548" HPOS="1096" VPOS="1630" WIDTH="42" HEIGHT="20" WC="0.96" CONTENT="104"/>
						</TextLine>
					</TextBlock>
				</ComposedBlock>
				<ComposedBlock ID="cblock_37" HPOS="1094" VPOS="1951" WIDTH="43" HEIGHT="80">
					<TextBlock ID="block_42" HPOS="1094" VPOS="1951" WIDTH="43" HEIGHT="80">
						<TextLine ID="line_93" HPOS="1094" VPOS="1951" WIDTH="43" HEIGHT="20">
							<String ID="string_549" HPOS="1094" VPOS="1951" WIDTH="43" HEIGHT="20" WC="0.96" CONTENT="260"/>
						</TextLine>
						<TextLine ID="line_94" HPOS="1094" VPOS="1981" WIDTH="41" HEIGHT="20">
							<String ID="string_550" HPOS="1094" VPOS="1981" WIDTH="41" HEIGHT="20" WC="0.96" CONTENT="301"/>
						</TextLine>
						<TextLine ID="line_95" HPOS="1094" VPOS="2011" WIDTH="43" HEIGHT="20">
							<String ID="string_551" HPOS="1094" VPOS="2011" WIDTH="43" HEIGHT="20" WC="0.94" CONTENT="305"/>
						</TextLine>
					</TextBlock>
				</ComposedBlock>
				<ComposedBlock ID="cblock_38" HPOS="1148" VPOS="202" WIDTH="4" HEIGHT="1920">
					<TextBlock ID="block_43" HPOS="1148" VPOS="202" WIDTH="4" HEIGHT="1920">
						<TextLine ID="line_96" HPOS="1148" VPOS="202" WIDTH="4" HEIGHT="1920">
							<String ID="string_552" HPOS="1148" VPOS="202" WIDTH="4" HEIGHT="1920" WC="0.95" CONTENT=" "/>
						</TextLine>
					</TextBlock>
				</ComposedBlock>
				<ComposedBlock ID="cblock_39" HPOS="1159" VPOS="292" WIDTH="42" HEIGHT="21">
					<TextBlock ID="block_44" HPOS="1159" VPOS="292" WIDTH="42" HEIGHT="21">
						<TextLine ID="line_97" HPOS="1159" VPOS="292" WIDTH="42" HEIGHT="21">
							<String ID="string_553" HPOS="1159" VPOS="292" WIDTH="42" HEIGHT="21" WC="0.96" CONTENT="340"/>
						</TextLine>
					</TextBlock>
				</ComposedBlock>
				<ComposedBlock ID="cblock_40" HPOS="1175" VPOS="1036" WIDTH="29" HEIGHT="20">
					<TextBlock ID="block_45" HPOS="1175" VPOS="1036" WIDTH="29" HEIGHT="20">
						<TextLine ID="line_98" HPOS="1175" VPOS="1036" WIDTH="29" HEIGHT="20">
							<String ID="string_554" HPOS="1175" VPOS="1036" WIDTH="29" HEIGHT="20" WC="0.96" CONTENT="84"/>
						</TextLine>
					</TextBlock>
				</ComposedBlock>
				<ComposedBlock ID="cblock_41" HPOS="1162" VPOS="1630" WIDTH="41" HEIGHT="20">
					<TextBlock ID="block_46" HPOS="1162" VPOS="1630" WIDTH="41" HEIGHT="20">
						<TextLine ID="line_99" HPOS="1162" VPOS="1630" WIDTH="41" HEIGHT="20">
							<String ID="string_555" HPOS="1162" VPOS="1630" WIDTH="41" HEIGHT="20" WC="0.95" CONTENT="123"/>
						</TextLine>
					</TextBlock>
				</ComposedBlock>
				<ComposedBlock ID="cblock_42" HPOS="1160" VPOS="1772" WIDTH="42" HEIGHT="20">
					<TextBlock ID="block_47" HPOS="1160" VPOS="1772" WIDTH="42" HEIGHT="20">
						<TextLine ID="line_100" HPOS="1160" VPOS="1772" WIDTH="42" HEIGHT="20">
							<String ID="string_556" HPOS="1160" VPOS="1772" WIDTH="42" HEIGHT="20" WC="0.91" CONTENT="395"/>
						</TextLine>
					</TextBlock>
				</ComposedBlock>
				<ComposedBlock ID="cblock_43" HPOS="1159" VPOS="1951" WIDTH="44" HEIGHT="80">
					<TextBlock ID="block_48" HPOS="1159" VPOS="1951" WIDTH="44" HEIGHT="80">
						<TextLine ID="line_101" HPOS="1159" VPOS="1951" WIDTH="43" HEIGHT="20">
							<String ID="string_557" HPOS="1159" VPOS="1951" WIDTH="43" HEIGHT="20" WC="0.95" CONTENT="333"/>
						</TextLine>
						<TextLine ID="line_102" HPOS="1159" VPOS="1981" WIDTH="44" HEIGHT="20">
							<String ID="string_558" HPOS="1159" VPOS="1981" WIDTH="44" HEIGHT="20" WC="0.95" CONTENT="376"/>
						</TextLine>
						<TextLine ID="line_103" HPOS="1159" VPOS="2011" WIDTH="41" HEIGHT="20">
							<String ID="string_559" HPOS="1159" VPOS="2011" WIDTH="41" HEIGHT="20" WC="0.96" CONTENT="391"/>
						</TextLine>
					</TextBlock>
				</ComposedBlock>
				<ComposedBlock ID="cblock_44" HPOS="1243" VPOS="292" WIDTH="119" HEIGHT="20">
					<TextBlock ID="block_49" HPOS="1243" VPOS="292" WIDTH="119" HEIGHT="20">
						<TextLine ID="line_104" HPOS="1243" VPOS="292" WIDTH="119" HEIGHT="20">
							<String ID="string_560" HPOS="1243" VPOS="293" WIDTH="13" HEIGHT="19" WC="0.9" CONTENT="6"/><SP WIDTH="22" VPOS="293" HPOS="1256"/>
							<String ID="string_561" HPOS="1278" VPOS="288" WIDTH="38" HEIGHT="35" WC="0.43" CONTENT="—|"/><SP WIDTH="17" VPOS="288" HPOS="1316"/>
							<String ID="string_562" HPOS="1333" VPOS="292" WIDTH="29" HEIGHT="20" WC="0.96" CONTENT="64"/>
						</TextLine>
					</TextBlock>
				</ComposedBlock>
				<ComposedBlock ID="cblock_45" HPOS="1243" VPOS="382" WIDTH="119" HEIGHT="20">
					<TextBlock ID="block_50" HPOS="1243" VPOS="382" WIDTH="119" HEIGHT="20">
						<TextLine ID="line_105" HPOS="1243" VPOS="382" WIDTH="119" HEIGHT="20">
							<String ID="string_563" HPOS="1243" VPOS="382" WIDTH="13" HEIGHT="20" WC="0.5" CONTENT="6)."/><SP WIDTH="24" VPOS="382" HPOS="1256"/>
							<String ID="string_564" HPOS="1280" VPOS="378" WIDTH="34" HEIGHT="35" WC="0.5" CONTENT="—|"/><SP WIDTH="-1" VPOS="378" HPOS="1314"/>
							<String ID="string_565" HPOS="1313" VPOS="378" WIDTH="49" HEIGHT="35" WC="0.43" CONTENT="132"/>
						</TextLine>
					</TextBlock>
				</ComposedBlock>
				<ComposedBlock ID="cblock_46" HPOS="1244" VPOS="1095" WIDTH="119" HEIGHT="21">
					<TextBlock ID="block_51" HPOS="1244" VPOS="1095" WIDTH="119" HEIGHT="21">
						<TextLine ID="line_106" HPOS="1244" VPOS="1095" WIDTH="119" HEIGHT="21">
							<String ID="string_566" HPOS="1244" VPOS="1096" WIDTH="13" HEIGHT="20" WC="0.61" CONTENT="6)"/><SP WIDTH="23" VPOS="1096" HPOS="1257"/>
							<String ID="string_567" HPOS="1280" VPOS="1091" WIDTH="35" HEIGHT="36" WC="0.39" CONTENT="—|"/><SP WIDTH="-1" VPOS="1091" HPOS="1315"/>
							<String ID="string_568" HPOS="1314" VPOS="1091" WIDTH="49" HEIGHT="36" WC="0.39" CONTENT="145"/>
						</TextLine>
					</TextBlock>
				</ComposedBlock>
				<ComposedBlock ID="cblock_47" HPOS="1245" VPOS="1630" WIDTH="118" HEIGHT="20">
					<TextBlock ID="block_52" HPOS="1245" VPOS="1630" WIDTH="118" HEIGHT="20">
						<TextLine ID="line_107" HPOS="1245" VPOS="1630" WIDTH="118" HEIGHT="20">
							<String ID="string_569" HPOS="1245" VPOS="1630" WIDTH="12" HEIGHT="20" WC="0.41" CONTENT="6)"/><SP WIDTH="23" VPOS="1630" HPOS="1257"/>
							<String ID="string_570" HPOS="1280" VPOS="1626" WIDTH="36" HEIGHT="35" WC="0.66" CONTENT="—|"/><SP WIDTH="6" VPOS="1626" HPOS="1316"/>
							<String ID="string_571" HPOS="1322" VPOS="1630" WIDTH="41" HEIGHT="20" WC="0.96" CONTENT="177"/>
						</TextLine>
					</TextBlock>
				</ComposedBlock>
				<ComposedBlock ID="cblock_48" HPOS="1243" VPOS="1862" WIDTH="119" HEIGHT="21">
					<TextBlock ID="block_53" HPOS="1243" VPOS="1862" WIDTH="119" HEIGHT="21">
						<TextLine ID="line_108" HPOS="1243" VPOS="1862" WIDTH="119" HEIGHT="21">
							<String ID="string_572" HPOS="1243" VPOS="1862" WIDTH="61" HEIGHT="20" WC="0.0" CONTENT="6)—"/><SP WIDTH="16" VPOS="1862" HPOS="1304"/>
							<String ID="string_573" HPOS="1320" VPOS="1862" WIDTH="42" HEIGHT="21" WC="0.96" CONTENT="108"/>
						</TextLine>
					</TextBlock>
				</ComposedBlock>
				<ComposedBlock ID="cblock_49" HPOS="1244" VPOS="1951" WIDTH="118" HEIGHT="21">
					<TextBlock ID="block_54" HPOS="1244" VPOS="1951" WIDTH="118" HEIGHT="21">
						<TextLine ID="line_109" HPOS="1244" VPOS="1951" WIDTH="118" HEIGHT="21">
							<String ID="string_574" HPOS="1244" VPOS="1951" WIDTH="12" HEIGHT="21" WC="0.70" CONTENT="6|"/><SP WIDTH="23" VPOS="1951" HPOS="1256"/>
							<String ID="string_575" HPOS="1279" VPOS="1947" WIDTH="36" HEIGHT="36" WC="0.64" CONTENT="—I"/><SP WIDTH="-1" VPOS="1947" HPOS="1315"/>
							<String ID="string_576" HPOS="1314" VPOS="1947" WIDTH="48" HEIGHT="36" WC="0.94" CONTENT="134"/>
						</TextLine>
					</TextBlock>
				</ComposedBlock>
				<ComposedBlock ID="cblock_50" HPOS="1212" VPOS="141" WIDTH="5" HEIGHT="1983">
					<TextBlock ID="block_55" HPOS="1212" VPOS="141" WIDTH="5" HEIGHT="1983">
						<TextLine ID="line_110" HPOS="1212" VPOS="141" WIDTH="5" HEIGHT="1983">
							<String ID="string_577" HPOS="1212" VPOS="141" WIDTH="5" HEIGHT="1983" WC="0.95" CONTENT=" "/>
						</TextLine>
					</TextBlock>
				</ComposedBlock>
				<ComposedBlock ID="cblock_51" HPOS="1308" VPOS="201" WIDTH="5" HEIGHT="1918">
					<TextBlock ID="block_56" HPOS="1308" VPOS="201" WIDTH="5" HEIGHT="1918">
						<TextLine ID="line_111" HPOS="1308" VPOS="201" WIDTH="5" HEIGHT="1918">
							<String ID="string_578" HPOS="1308" VPOS="201" WIDTH="5" HEIGHT="1918" WC="0.95" CONTENT=" "/>
						</TextLine>
					</TextBlock>
				</ComposedBlock>
				<ComposedBlock ID="cblock_52" HPOS="1260" VPOS="206" WIDTH="4" HEIGHT="1917">
					<TextBlock ID="block_57" HPOS="1260" VPOS="206" WIDTH="4" HEIGHT="1917">
						<TextLine ID="line_112" HPOS="1260" VPOS="206" WIDTH="4" HEIGHT="1917">
							<String ID="string_579" HPOS="1260" VPOS="206" WIDTH="4" HEIGHT="1917" WC="0.95" CONTENT=" "/>
						</TextLine>
					</TextBlock>
				</ComposedBlock>
				<ComposedBlock ID="cblock_53" HPOS="3" VPOS="2324" WIDTH="1235" HEIGHT="3">
					<TextBlock ID="block_58" HPOS="3" VPOS="2324" WIDTH="1235" HEIGHT="3">
						<TextLine ID="line_113" HPOS="3" VPOS="2324" WIDTH="1235" HEIGHT="3">
							<String ID="string_580" HPOS="3" VPOS="2324" WIDTH="1235" HEIGHT="3" WC="0.95" CONTENT=" "/>
						</TextLine>
					</TextBlock>
				</ComposedBlock>
				<ComposedBlock ID="cblock_54" HPOS="1384" VPOS="382" WIDTH="43" HEIGHT="20">
					<TextBlock ID="block_59" HPOS="1384" VPOS="382" WIDTH="43" HEIGHT="20">
						<TextLine ID="line_114" HPOS="1384" VPOS="382" WIDTH="43" HEIGHT="20">
							<String ID="string_581" HPOS="1384" VPOS="382" WIDTH="43" HEIGHT="20" WC="0.95" CONTENT="265"/>
						</TextLine>
					</TextBlock>
				</ComposedBlock>
				<ComposedBlock ID="cblock_55" HPOS="1386" VPOS="1095" WIDTH="43" HEIGHT="20">
					<TextBlock ID="block_60" HPOS="1386" VPOS="1095" WIDTH="43" HEIGHT="20">
						<TextLine ID="line_115" HPOS="1386" VPOS="1095" WIDTH="43" HEIGHT="20">
							<String ID="string_582" HPOS="1386" VPOS="1095" WIDTH="43" HEIGHT="20" WC="0.96" CONTENT="338"/>
						</TextLine>
					</TextBlock>
				</ComposedBlock>
				<ComposedBlock ID="cblock_56" HPOS="1386" VPOS="1630" WIDTH="44" HEIGHT="20">
					<TextBlock ID="block_61" HPOS="1386" VPOS="1630" WIDTH="44" HEIGHT="20">
						<TextLine ID="line_116" HPOS="1386" VPOS="1630" WIDTH="44" HEIGHT="20">
							<String ID="string_583" HPOS="1386" VPOS="1630" WIDTH="44" HEIGHT="20" WC="0.96" CONTENT="384"/>
						</TextLine>
					</TextBlock>
				</ComposedBlock>
				<ComposedBlock ID="cblock_57" HPOS="1384" VPOS="1862" WIDTH="44" HEIGHT="20">
					<TextBlock ID="block_62" HPOS="1384" VPOS="1862" WIDTH="44" HEIGHT="20">
						<TextLine ID="line_117" HPOS="1384" VPOS="1862" WIDTH="44" HEIGHT="20">
							<String ID="string_584" HPOS="1384" VPOS="1862" WIDTH="44" HEIGHT="20" WC="0.96" CONTENT="258"/>
						</TextLine>
					</TextBlock>
				</ComposedBlock>
				<ComposedBlock ID="cblock_58" HPOS="1385" VPOS="1952" WIDTH="43" HEIGHT="20">
					<TextBlock ID="block_63" HPOS="1385" VPOS="1952" WIDTH="43" HEIGHT="20">
						<TextLine ID="line_118" HPOS="1385" VPOS="1952" WIDTH="43" HEIGHT="20">
							<String ID="string_585" HPOS="1385" VPOS="1952" WIDTH="43" HEIGHT="20" WC="0.96" CONTENT="306"/>
						</TextLine>
					</TextBlock>
				</ComposedBlock>
				<ComposedBlock ID="cblock_59" HPOS="1372" VPOS="142" WIDTH="6" HEIGHT="1982">
					<TextBlock ID="block_64" HPOS="1372" VPOS="142" WIDTH="6" HEIGHT="1982">
						<TextLine ID="line_119" HPOS="1372" VPOS="142" WIDTH="6" HEIGHT="1982">
							<String ID="string_586" HPOS="1372" VPOS="142" WIDTH="6" HEIGHT="1982" WC="0.95" CONTENT=" "/>
						</TextLine>
					</TextBlock>
				</ComposedBlock>
				<ComposedBlock ID="cblock_60" HPOS="1444" VPOS="293" WIDTH="173" HEIGHT="20">
					<TextBlock ID="block_65" HPOS="1444" VPOS="293" WIDTH="173" HEIGHT="20">
						<TextLine ID="line_120" HPOS="1444" VPOS="293" WIDTH="173" HEIGHT="20">
							<String ID="string_587" HPOS="1444" VPOS="293" WIDTH="34" HEIGHT="20" WC="0.94" CONTENT="14:"/><SP WIDTH="16" VPOS="293" HPOS="1478"/>
							<String ID="string_588" HPOS="1494" VPOS="297" WIDTH="22" HEIGHT="16" WC="0.96" CONTENT="34"/><SP WIDTH="30" VPOS="297" HPOS="1516"/>
							<String ID="string_589" HPOS="1546" VPOS="293" WIDTH="34" HEIGHT="20" WC="0.0" CONTENT="14:"/><SP WIDTH="16" VPOS="293" HPOS="1580"/>
							<String ID="string_590" HPOS="1596" VPOS="297" WIDTH="21" HEIGHT="16" WC="0.96" CONTENT="59"/>
						</TextLine>
					</TextBlock>
				</ComposedBlock>
				<ComposedBlock ID="cblock_61" HPOS="1443" VPOS="382" WIDTH="173" HEIGHT="21">
					<TextBlock ID="block_66" HPOS="1443" VPOS="382" WIDTH="173" HEIGHT="21">
						<TextLine ID="line_121" HPOS="1443" VPOS="382" WIDTH="173" HEIGHT="21">
							<String ID="string_591" HPOS="1443" VPOS="382" WIDTH="35" HEIGHT="21" WC="0.45" CONTENT="20:"/><SP WIDTH="16" VPOS="382" HPOS="1478"/>
							<String ID="string_592" HPOS="1494" VPOS="382" WIDTH="86" HEIGHT="21" WC="0.10" CONTENT="5121:"/><SP WIDTH="15" VPOS="382" HPOS="1580"/>
							<String ID="string_593" HPOS="1595" VPOS="387" WIDTH="21" HEIGHT="16" WC="0.96" CONTENT="41"/>
						</TextLine>
					</TextBlock>
				</ComposedBlock>
				<ComposedBlock ID="cblock_62" HPOS="1446" VPOS="1036" WIDTH="192" HEIGHT="20">
					<TextBlock ID="block_67" HPOS="1446" VPOS="1036" WIDTH="192" HEIGHT="20">
						<TextLine ID="line_122" HPOS="1446" VPOS="1036" WIDTH="192" HEIGHT="20">
							<String ID="string_594" HPOS="1446" VPOS="1036" WIDTH="34" HEIGHT="20" WC="0.93" CONTENT="12:"/><SP WIDTH="15" VPOS="1036" HPOS="1480"/>
							<String ID="string_595" HPOS="1495" VPOS="1036" WIDTH="86" HEIGHT="20" WC="0.63" CONTENT="e1dl12:"/><SP WIDTH="16" VPOS="1036" HPOS="1581"/>
							<String ID="string_596" HPOS="1597" VPOS="1036" WIDTH="41" HEIGHT="20" WC="0.89" CONTENT="sid"/>
						</TextLine>
					</TextBlock>
				</ComposedBlock>
				<ComposedBlock ID="cblock_63" HPOS="1444" VPOS="1095" WIDTH="175" HEIGHT="21">
					<TextBlock ID="block_68" HPOS="1444" VPOS="1095" WIDTH="175" HEIGHT="21">
						<TextLine ID="line_123" HPOS="1444" VPOS="1095" WIDTH="175" HEIGHT="21">
							<String ID="string_597" HPOS="1444" VPOS="1095" WIDTH="74" HEIGHT="21" WC="0.81" CONTENT="22:188"/><SP WIDTH="27" VPOS="1095" HPOS="1518"/>
							<String ID="string_598" HPOS="1545" VPOS="1096" WIDTH="36" HEIGHT="20" WC="0.94" CONTENT="123:"/><SP WIDTH="16" VPOS="1096" HPOS="1581"/>
							<String ID="string_599" HPOS="1597" VPOS="1100" WIDTH="22" HEIGHT="16" WC="0.95" CONTENT="25"/>
						</TextLine>
					</TextBlock>
				</ComposedBlock>
				<ComposedBlock ID="cblock_64" HPOS="1445" VPOS="1631" WIDTH="173" HEIGHT="20">
					<TextBlock ID="block_69" HPOS="1445" VPOS="1631" WIDTH="173" HEIGHT="20">
						<TextLine ID="line_124" HPOS="1445" VPOS="1631" WIDTH="173" HEIGHT="20">
							<String ID="string_600" HPOS="1445" VPOS="1631" WIDTH="35" HEIGHT="20" WC="0.94" CONTENT="30:"/><SP WIDTH="16" VPOS="1631" HPOS="1480"/>
							<String ID="string_601" HPOS="1496" VPOS="1635" WIDTH="20" HEIGHT="15" WC="0.95" CONTENT="41"/><SP WIDTH="30" VPOS="1635" HPOS="1516"/>
							<String ID="string_602" HPOS="1546" VPOS="1631" WIDTH="35" HEIGHT="20" WC="0.94" CONTENT="130:"/><SP WIDTH="16" VPOS="1631" HPOS="1581"/>
							<String ID="string_603" HPOS="1597" VPOS="1635" WIDTH="21" HEIGHT="15" WC="0.96" CONTENT="77"/>
						</TextLine>
					</TextBlock>
				</ComposedBlock>
				<ComposedBlock ID="cblock_65" HPOS="1445" VPOS="1773" WIDTH="192" HEIGHT="21">
					<TextBlock ID="block_70" HPOS="1445" VPOS="1773" WIDTH="192" HEIGHT="21">
						<TextLine ID="line_125" HPOS="1445" VPOS="1773" WIDTH="192" HEIGHT="21">
							<String ID="string_604" HPOS="1445" VPOS="1773" WIDTH="35" HEIGHT="21" WC="0.94" CONTENT="10:"/><SP WIDTH="16" VPOS="1773" HPOS="1480"/>
							<String ID="string_605" HPOS="1496" VPOS="1777" WIDTH="21" HEIGHT="16" WC="0.94" CONTENT="13"/><SP WIDTH="29" VPOS="1777" HPOS="1517"/>
							<String ID="string_606" HPOS="1546" VPOS="1773" WIDTH="34" HEIGHT="20" WC="0.53" CONTENT="110:"/><SP WIDTH="16" VPOS="1773" HPOS="1580"/>
							<String ID="string_607" HPOS="1596" VPOS="1773" WIDTH="41" HEIGHT="20" WC="0.90" CONTENT="36d"/>
						</TextLine>
					</TextBlock>
				</ComposedBlock>
				<ComposedBlock ID="cblock_66" HPOS="1443" VPOS="1952" WIDTH="194" HEIGHT="20">
					<TextBlock ID="block_71" HPOS="1443" VPOS="1952" WIDTH="194" HEIGHT="20">
						<TextLine ID="line_126" HPOS="1443" VPOS="1952" WIDTH="194" HEIGHT="20">
							<String ID="string_608" HPOS="1443" VPOS="1952" WIDTH="36" HEIGHT="20" WC="0.92" CONTENT="20:"/><SP WIDTH="15" VPOS="1952" HPOS="1479"/>
							<String ID="string_609" HPOS="1494" VPOS="1952" WIDTH="86" HEIGHT="20" WC="0.77" CONTENT="32d120:"/><SP WIDTH="17" VPOS="1952" HPOS="1580"/>
							<String ID="string_610" HPOS="1597" VPOS="1952" WIDTH="40" HEIGHT="20" WC="0.93" CONTENT="15d"/>
						</TextLine>
					</TextBlock>
				</ComposedBlock>
				<ComposedBlock ID="cblock_67" HPOS="1437" VPOS="142" WIDTH="7" HEIGHT="1982">
					<TextBlock ID="block_72" HPOS="1437" VPOS="142" WIDTH="7" HEIGHT="1982">
						<TextLine ID="line_127" HPOS="1437" VPOS="142" WIDTH="7" HEIGHT="1982">
							<String ID="string_611" HPOS="1437" VPOS="142" WIDTH="7" HEIGHT="1982" WC="0.95" CONTENT=" "/>
						</TextLine>
					</TextBlock>
				</ComposedBlock>
				<ComposedBlock ID="cblock_68" HPOS="1640" VPOS="148" WIDTH="6" HEIGHT="1978">
					<TextBlock ID="block_73" HPOS="1640" VPOS="148" WIDTH="6" HEIGHT="1978">
						<TextLine ID="line_128" HPOS="1640" VPOS="148" WIDTH="6" HEIGHT="1978">
							<String ID="string_612" HPOS="1640" VPOS="148" WIDTH="6" HEIGHT="1978" WC="0.95" CONTENT=" "/>
						</TextLine>
					</TextBlock>
				</ComposedBlock>
				<ComposedBlock ID="cblock_69" HPOS="1540" VPOS="203" WIDTH="3" HEIGHT="1921">
					<TextBlock ID="block_74" HPOS="1540" VPOS="203" WIDTH="3" HEIGHT="1921">
						<TextLine ID="line_129" HPOS="1540" VPOS="203" WIDTH="3" HEIGHT="1921">
							<String ID="string_613" HPOS="1540" VPOS="203" WIDTH="3" HEIGHT="1921" WC="0.95" CONTENT=" "/>
						</TextLine>
					</TextBlock>
				</ComposedBlock>
				<ComposedBlock ID="cblock_70" HPOS="1787" VPOS="1" WIDTH="7" HEIGHT="2175">
					<TextBlock ID="block_75" HPOS="1787" VPOS="1" WIDTH="7" HEIGHT="2175">
						<TextLine ID="line_130" HPOS="1787" VPOS="1" WIDTH="7" HEIGHT="2175">
							<String ID="string_614" HPOS="1787" VPOS="1" WIDTH="7" HEIGHT="2175" WC="0.95" CONTENT=" "/>
						</TextLine>
					</TextBlock>
				</ComposedBlock>
			</PrintSpace>
		</Page>
	</Layout>
</alto>
