1819 2347
1618 74 28 20 87

64 246 168 27 Avskrivningar
247 247 36 20 och
299 247 116 26 eftergifter.

64 282 73 20 därest
148 282 43 20 han
204 282 57 20 inom
273 282 39 24 tid,
325 289 45 14 som
383 289 28 14 av
423 283 63 20 KM:t
498 284 138 23 bestämmes,
649 284 32 20 till
692 285 222 27 arméförvaltningen
926 286 31 20 in-

64 312 85 20 betalar
171 313 34 19 ett
216 312 79 26 belopp
307 319 28 13 av
349 313 39 20 150
399 313 40 23 kr.,
453 313 79 21 befrias
544 314 48 20 från
604 314 139 21 återstående
754 315 204 27 skadeståndsskyl-

64 342 75 26 dighet
150 341 34 20 till
195 342 83 20 kronan
290 342 88 26 jämlikt
389 343 87 20 Skövde
488 343 104 27 tingslags
603 344 137 20 häradsrätts
752 344 71 27 utslag
834 345 42 20 den
889 345 8 21 1
910 345 47 26 juni

66 371 59 23 1942,
138 371 45 20 dels
194 373 35 18 att
240 372 27 20 K.
280 372 25 20 E.
318 372 26 20 R.
356 372 108 20 Mattsson
476 373 79 20 befrias
566 373 48 20 från
625 374 81 20 honom
716 374 89 26 jämlikt
815 374 143 27 krigsrättens

64 401 37 20 vid
112 401 293 27 Livgrenadjärregementet
415 402 71 27 utslag
497 403 41 20 den
550 403 24 20 17
585 409 50 14 nov.
648 403 52 21 1942
710 404 114 27 åliggande
833 405 125 27 skyldighet

64 432 35 19 att
108 430 33 21 till
151 431 84 20 kronan
246 431 74 26 utgiva
331 432 133 20 skadestånd
474 433 49 19 med
534 433 26 20 57
570 433 32 20 kr.
612 433 27 20 50
649 435 42 22 öre,
702 434 45 20 dels
757 434 40 20 ock
807 436 34 18 att
851 435 107 20 dödsboet

64 461 55 19 efter
133 460 145 27 fanjunkaren
293 461 28 20 H.
336 462 25 19 E.
376 462 92 26 Löfgren
483 462 79 21 befrias
576 463 47 20 från
638 463 51 20 boet
702 463 101 21 åvilande
816 464 141 27 ersättnings-

64 490 125 27 skyldighet
205 490 32 20 till
253 491 83 20 kronan
352 491 50 20 med
420 492 38 20 133
474 492 32 20 kr.
523 492 27 20 40
566 494 35 18 öre
616 492 89 27 jämlikt
720 493 184 27 fältkrigsrättens
920 494 37 21 vid

67 520 177 26 Dalregementet
257 520 71 27 utslag
342 521 40 20 den
399 521 24 21 15
437 521 45 21 okt.
498 522 60 20 1940.

95 561 17 20 1.
129 562 42 19 RD
186 562 117 25 medgiver,
317 564 36 18 att
366 563 37 19 det
417 563 34 19 för
464 563 192 26 tomtupplåtelser
669 564 48 20 från
731 564 57 21 vissa
803 565 103 20 områden
920 565 37 21 vid

65 591 144 26 Malmberget
226 591 39 20 och
284 591 163 22 Koskullskulle
464 597 68 21 gruva
551 592 6 20 i
575 593 108 20 Gällivare
701 594 79 20 socken
798 594 33 20 för
848 594 55 20 visst
920 595 37 20 fall

64 620 107 26 stadgade
181 622 118 25 äventyret
309 621 34 20 för
353 621 206 21 tomtinnehavaren
571 628 35 14 om
617 623 79 20 förlust
706 629 28 14 av
745 622 73 22 rätten
828 624 34 20 till
872 626 85 18 tomten

65 650 39 20 och
120 650 41 20 den
177 650 73 20 därför
264 650 86 27 erlagda
365 651 92 20 andelen
472 657 28 14 av
514 652 172 26 köpeskillingen
700 653 36 20 må
750 655 94 18 ersättas
858 654 49 20 med
922 654 36 20 be-

64 680 136 19 stämmelser
215 686 29 13 av
259 680 174 26 huvudsakligen
450 681 37 20 det
502 681 94 20 innehåll
612 688 46 14 som
674 688 28 14 av
718 682 239 27 departementschefen

64 709 102 26 angivits.

92 739 19 19 2.
129 739 42 19 RD
184 739 118 26 medgiver,
316 741 35 18 att
363 740 152 26 skyldigheten
529 742 35 18 att
576 741 85 26 erlägga
675 743 109 19 tomtören
798 742 33 20 för
843 742 57 21 vissa
914 749 45 13 om-

64 768 107 21 förmälda
183 768 128 26 fastigheter
321 769 59 20 inom
392 769 108 21 Gällivare
511 770 224 26 municipalsamhälle
745 772 35 19 må
792 772 98 26 upphöra
901 774 58 18 samt

64 799 35 18 att
116 797 37 21 vid
170 798 103 20 blivande
291 798 154 27 försäljningar
461 805 28 14 av
506 800 121 20 tomtmark
645 800 47 20 från
710 801 143 20 förevarande
870 802 88 20 område

64 827 102 20 villkoret
178 833 35 14 om
226 829 122 19 tomtörens
361 829 121 26 utgörande
494 829 18 26 ej
527 829 73 27 längre
612 830 95 20 behöver
718 831 121 26 medtagas.

92 857 19 20 3.
129 857 42 20 RD
187 857 118 26 medgiver,
321 859 35 18 att
372 858 24 20 E.
413 858 101 20 Bartholf
529 859 35 20 må
580 859 79 20 befrias
674 860 48 20 från
737 860 75 20 vidare
827 861 132 27 betalnings-

64 886 126 27 skyldighet
199 886 33 21 till
243 887 84 20 kronan
338 888 27 26 på
376 888 70 26 grund
457 894 28 14 av
495 890 34 18 ett
539 889 6 20 i
556 895 61 20 prop.
629 890 125 20 omförmält
764 890 116 27 virkesköp
891 891 69 20 under

65 916 159 27 förutsättning
232 918 35 19 att
275 917 32 20 till
315 917 158 21 domänverket
481 918 58 20 inom
547 919 32 20 tid
588 925 46 14 som
642 919 64 20 KM:t
714 920 131 20 bestämmer
852 920 107 21 inbetalas

64 947 34 19 ett
110 946 79 27 belopp
201 952 28 14 av
240 947 12 20 3
262 947 41 20 000
313 947 33 20 kr.

95 988 17 19 1.
130 987 42 21 RD
185 988 118 26 medgiver,
316 990 35 19 att
364 989 155 20 landsfiskalen
532 990 25 19 A.
572 990 50 26 Ryd
635 991 35 19 må
683 991 79 20 befrias
776 991 47 21 från
836 992 74 20 vidare
924 992 35 20 be-

65 1017 222 27 talningsskyldighet
300 1018 32 20 till
345 1018 84 21 kronan
443 1019 27 26 på
483 1020 70 25 grund
566 1026 28 13 av
607 1020 101 20 eftersatt
721 1021 239 27 byggnadsskyldighet

66 1047 40 20 och
117 1047 90 20 husröta
219 1048 11 19 å
241 1047 58 21 förra
310 1047 244 22 landsfiskalsbostället
566 1050 25 26 34
601 1050 84 20 mantal
697 1051 62 20 Stora
770 1051 84 27 Bosarp
865 1051 6 20 i
882 1051 77 20 Mulse-

66 1077 51 26 ryds
131 1077 78 20 socken
224 1077 69 20 under
305 1077 159 27 förutsättning
477 1080 35 18 att
525 1078 33 21 till
571 1080 134 20 statsverket
718 1080 59 20 inom
790 1080 33 21 tid
836 1087 46 14 som
896 1081 64 20 KM:t

67 1107 132 20 bestämmer
210 1107 107 20 inbetalas
328 1108 33 19 ett
373 1107 78 27 belopp
463 1114 28 14 av
503 1109 13 19 2
524 1108 41 21 000
576 1109 32 20 kr.

94 1137 19 19 2.
127 1136 42 20 RD
176 1136 84 20 bifaller
266 1143 60 20 prop.
333 1143 49 20 ang.
389 1137 97 20 befrielse
492 1138 33 20 för
530 1138 22 20 C.
559 1138 94 21 Axelson
659 1139 47 20 från
713 1139 245 27 betalningsskyldighet

66 1165 33 20 till
112 1166 84 20 kronan
210 1166 28 26 på
251 1167 70 25 grund
335 1173 28 14 av
376 1167 213 26 fastighetsförvärv.

94 1195 19 20 3.
130 1195 42 20 RD
184 1196 112 26 medgiver
308 1196 70 20 nedan
390 1197 95 26 angivna
498 1203 101 20 personer
610 1198 39 20 och
662 1198 189 27 handelsförening
863 1199 97 20 befrielse

66 1225 48 20 från
123 1225 49 20 dem
183 1225 114 26 åliggande
309 1226 259 27 ersättningsskyldighet
579 1227 33 20 till
624 1227 91 21 kronan:
729 1229 20 20 S.
762 1228 26 21 A.
801 1229 21 20 S.
835 1229 124 24 Sörensson,

66 1255 25 20 O.
104 1254 97 24 Kahleis,
214 1255 24 19 E.
251 1255 20 20 J.
283 1255 34 20 W.
329 1255 124 27 Wahlberg,
466 1256 27 20 H.
506 1257 20 20 S.
539 1256 85 27 Rydén,
636 1257 24 20 L.
673 1257 25 21 O.
710 1258 24 20 P.
746 1258 131 24 Göransson,
889 1259 25 20 E.
926 1259 33 20 W.

67 1284 84 23 Olsson,
165 1284 25 20 E.
204 1284 25 20 V.
242 1284 124 24 Niklasson,
380 1285 20 21 S.
415 1286 24 20 O.
453 1286 84 24 Olsson,
551 1286 101 21 Flottans
664 1287 190 27 handelsförening
866 1288 6 20 i
885 1289 75 20 Stock-

67 1313 58 21 holm
137 1319 21 14 u.
169 1320 20 20 p.
200 1320 27 17 a.,
240 1314 25 21 O.
278 1314 28 20 H.
319 1314 109 24 Hansson,
441 1315 21 21 C.
476 1315 24 21 O.
513 1315 24 21 L.
549 1316 83 20 Brodin
643 1317 40 20 och
696 1317 27 20 D.
736 1317 84 27 Tiberg.

95 1343 19 20 4.
131 1343 43 20 RD
185 1344 118 26 medgiver,
314 1345 35 19 att
359 1344 25 20 E.
395 1344 26 20 V.
433 1345 116 26 Ringsäter
559 1346 35 19 må
606 1346 78 20 befrias
695 1346 47 21 från
753 1347 44 20 viss
807 1347 153 21 skadestånds-

67 1373 125 26 skyldighet
207 1373 33 20 till
254 1374 92 20 kronan.

95 1402 19 21 5.
131 1402 43 21 RD
189 1403 118 26 medgiver,
324 1405 35 19 att
374 1404 28 20 H.
418 1404 26 20 A.
461 1404 24 21 G.
502 1405 99 20 Carlsson
617 1406 35 20 må
669 1406 78 20 befrias
762 1406 48 21 från
826 1406 43 20 viss
884 1407 76 20 skade-

67 1432 203 27 ståndsskyldighet
282 1433 32 20 till
326 1433 91 21 kronan.

95 1462 19 20 6.
132 1462 42 20 RD
187 1462 111 27 medgiver
310 1463 71 20 nedan
394 1463 95 27 angivna
502 1470 101 20 personer
616 1465 96 20 befrielse
725 1465 48 21 från
786 1466 49 20 dem
847 1466 113 27 åliggande

67 1492 259 27 ersättningsskyldighet
336 1492 32 21 till
378 1493 91 20 kronan:
481 1493 25 21 G.
518 1494 27 20 H.
557 1494 121 27 Aidanpää,
693 1495 21 20 J.
729 1495 26 20 A.
765 1495 116 27 Lindberg,
892 1496 28 20 K.
931 1496 28 20 H.

67 1521 25 20 V.
104 1521 109 24 Tidholm,
225 1522 24 20 T.
262 1522 26 20 R.
300 1522 25 20 A.
338 1522 135 26 Bjarnekull,
485 1523 25 21 G.
523 1524 28 19 H.
563 1524 63 26 Berg,
638 1524 27 20 N.
677 1525 25 19 E.
714 1525 24 20 L.
751 1525 93 24 Nilsson,
856 1526 25 20 E.
894 1526 26 20 R.
933 1526 26 20 U.

67 1551 99 24 Persson,
177 1551 26 20 V.
215 1551 23 20 L.
250 1552 80 26 Skogh,
342 1552 24 21 O.
378 1552 25 20 A.
415 1553 25 19 E.
452 1552 41 24 Ek,
505 1553 57 20 S.-E.
573 1554 89 23 Molher,
674 1554 26 20 Y.
712 1555 22 20 C.
746 1555 25 20 E.
783 1551 105 28 Öhrlund,
899 1556 24 19 T.
935 1556 24 20 E.

68 1580 116 27 Slättberg,
199 1581 25 20 B.
238 1581 99 21 Carlsson
351 1582 40 20 och
405 1583 19 19 S.
439 1582 37 26 Hj.
490 1583 126 20 Källander.

95 1610 19 20 7.
132 1610 42 20 RD
189 1611 118 26 medgiver,
322 1613 35 18 att
371 1611 21 20 J.
408 1612 25 20 G.
449 1612 79 26 Viberg
542 1613 35 20 må
593 1613 79 20 befrias
687 1614 47 20 från
749 1614 44 20 viss
807 1615 154 20 skadestånds-

67 1639 126 27 skyldighet
205 1640 33 20 till
251 1641 91 20 kronan.

95 1670 19 19 8.
132 1669 42 20 RD
187 1670 111 26 medgiver
311 1671 70 20 nedan
394 1671 94 26 angivna
502 1678 101 19 personer
616 1672 97 20 befrielse
725 1673 48 20 från
786 1673 48 20 dem
847 1673 114 27 åliggande

67 1699 273 27 skadeståndsskyldighet
353 1700 33 20 till
400 1701 91 20 kronan:
507 1701 20 20 S.
543 1702 20 19 J.
581 1702 15 19 I.
611 1702 134 24 Zackrisson,
761 1703 25 20 O.
801 1703 25 20 A.
843 1703 117 27 Hamberg,

68 1728 25 20 B.
108 1729 25 19 0.
148 1729 134 26 Rundquist,
296 1729 28 20 H.
339 1730 25 20 E.
378 1730 131 27 Lundquist,
524 1731 28 20 K.
567 1731 26 20 R.
608 1731 113 24 Hammar,
735 1732 21 20 J.
770 1732 28 20 M.
813 1732 94 21 Jansson
921 1733 40 20 och

68 1758 28 19 K.
113 1758 20 20 S.
149 1758 25 20 G.
190 1758 103 27 Sallberg.
668 1770 3 3 /

96 1788 19 19 9.
132 1787 43 21 RD
183 1788 118 27 medgiver,
309 1790 35 19 att
352 1789 202 26 tyghantverkarna
562 1790 28 20 H.
599 1791 25 20 O.
633 1791 115 24 Grevstad,
757 1791 25 21 G.
791 1792 26 20 R.
826 1792 135 21 Gustavsson

69 1817 39 20 och
123 1817 20 21 J.
159 1817 24 20 P.
199 1818 105 20 Karlsson
319 1818 78 21 befrias
412 1819 47 20 från
474 1819 49 21 dem
538 1820 113 26 åliggande
665 1821 297 27 återbetalningsskyldighet

68 1853 28 13 av
107 1852 55 21 resp.
175 1848 41 20 234
227 1848 39 23 kr.,
278 1848 41 20 270
330 1848 32 20 kr.
374 1849 40 20 och
425 1849 41 20 324
477 1849 31 20 kr.

98 1876 31 21 10.
147 1877 42 20 RD
202 1878 117 26 medgiver,
333 1880 34 18 att
379 1878 145 27 fanjunkaren
537 1879 25 21 A.
575 1880 33 20 W.
622 1880 127 27 Lilienberg,
763 1881 73 20 därest
848 1881 42 20 han
903 1882 58 20 inom

68 1906 33 20 tid
114 1913 46 14 som
173 1913 28 14 av
215 1907 64 21 KM:t
292 1908 131 20 bestämmes
437 1909 31 19 till
481 1909 118 20 försvarets
612 1910 185 27 civilförvaltning
809 1911 108 20 inbetalar
929 1913 33 19 ett

69 1936 78 27 belopp
157 1943 28 13 av
198 1937 38 20 142
246 1937 31 20 kr.
288 1937 27 21 40
325 1939 42 22 öre,
379 1938 78 20 befrias
467 1938 47 21 från
525 1939 137 20 återstående
672 1940 248 27 betalningsskyldighet
929 1941 32 20 till

69 1966 90 20 kronan.

99 2002 17 19 1.
133 2001 42 20 RD
186 2002 118 27 medgiver,
314 2005 35 18 att
359 2003 155 21 lantbrukaren
525 2004 25 20 G.
561 2005 104 20 Karlsson
675 2006 36 19 må
721 2005 79 21 befrias
810 2006 47 20 från
867 2006 95 26 skyldig-

69 2031 38 20 het
117 2033 35 18 att
162 2031 33 21 till
206 2032 84 20 kronan
303 2033 74 26 utgiva
389 2033 38 20 det
438 2034 78 26 belopp
524 2034 11 20 å
544 2034 13 20 6
565 2034 40 21 273
616 2035 32 19 kr.
660 2035 27 20 22
698 2037 36 19 öre
743 2035 69 26 jämte
824 2037 70 22 ränta,
902 2042 46 14 som

69 2060 43 21 han
129 2061 27 26 på
172 2062 71 25 grund
259 2068 28 14 av
303 2063 224 26 borgensförbindelse
542 2069 77 21 genom
636 2065 121 26 Aspelands
773 2065 40 20 och
829 2066 133 20 Handbörds

70 2090 114 27 domsagas
197 2091 137 21 häradsrätts
347 2093 71 26 utslag
430 2093 41 20 den
484 2093 24 19 21
523 2093 53 20 febr.
591 2093 53 21 1944
656 2094 70 26 ålagts
738 2095 75 26 utgiva
826 2095 32 20 till
870 2095 91 20 kronan.

1111 159 90 28 Motioner
1259 162 79 17 Utskott
1382 159 51 36 Skriv.
1501 163 92 16 Protokoll

975 183 25 19 År
1003 179 8 32 |
1024 186 53 20 Prop.
1096 198 49 2 |
1227 199 107 1 AA
1400 203 21 12 ae

1105 216 32 16 FK
1140 212 23 29 |
1168 216 34 16 AK
1224 216 85 16 |SmllAvd]
1333 217 26 15 Nr
1478 217 32 16 FK
1577 217 34 16 AK

978 566 26 19 431
1032 566 41 20 328
1082 562 26 34 I
1117 578 27 2 —|I
1182 567 122 19 —I]101—]
1342 567 26 19 671
1393 566 40 20 4951
1457 567 69 20 31:22
1530 562 22 34 |
1558 567 33 19 31:
1602 569 24 17 33

981 595 20 20 H|
1032 599 21 20 pt
1055 591 13 33 1
1323 598 47 17 s.14

989 749 8 12 »
1033 743 40 20 1328]
1118 755 27 2 —I
1182 744 123 19 —I101—1]
1343 744 25 20 671
1393 744 40 20 4951
1458 744 33 20 31:
1503 746 24 17 22
1531 739 23 35 |
1558 744 33 20 31:
1603 746 24 17 33

1033 777 21 19 pt
1064 776 10 16 2
1324 781 15 11 s.
1348 776 23 17 16

989 868 8 12 »
1034 862 40 20 [330]
1118 874 27 2 —I
1183 863 122 19 —1101—]
1343 862 148 21 691497131:
1503 865 24 17 22
1535 858 18 34 |
1559 863 32 19 31:
1603 865 24 17 38

979 992 28 20 441
1048 993 27 20 36
1084 988 23 35 |
1119 1005 26 2 —!I
1184 993 121 20 —I101—
1357 994 12 19 GI
1408 993 83 20 --00T-0:
1503 995 24 17 4
1535 989 48 34 lv
1588 995 40 18 ree

990 1147 8 13 »
1048 1141 27 20 381
1119 1153 27 2 —|I
1184 1141 122 20 —]101]—
1358 1142 12 19 TT
1408 1141 119 20 DELAR
1574 1142 54 20 ICT

990 1206 9 13 »
1037 1200 38 20 [148]
1120 1212 27 2 —I
1184 1212 28 3 —I
1246 1200 60 20 61—]/
1344 1201 26 20 781
1397 1201 95 20 194114:
1503 1203 25 17 35
1532 1196 22 34 |
1562 1201 30 19 14:
1604 1203 24 17 40

990 1354 9 13 »
1049 1348 26 20 481
1120 1361 26 1 —I
1184 1361 27 2 —I
1246 1350 60 19 61—]1
1345 1348 90 21 791195]
1462 1349 66 20 14:36
1530 1344 23 35 |
1562 1349 31 20 14:
1605 1350 24 18 40

1035 1382 20 20 pt
1067 1380 7 17 1
1332 1386 15 11 s.
1359 1380 52 18 518.
1424 1381 10 17 6

991 1414 8 12 »
1049 1407 26 20 481
1119 1419 28 3 —I
1184 1420 28 3 —I
1246 1409 61 19 61—]1
1345 1408 183 20 791195114:36
1530 1403 23 35 |
1562 1408 31 20 14:
1605 1409 24 18 40

1035 1441 21 20 pt
1066 1440 9 16 2
1332 1440 102 17 s.015.6

991 1473 9 13 »
1006 1463 23 35 I
1049 1467 26 20 481
1120 1479 27 2 —I
1184 1480 27 2 —I
1246 1468 61 19 61—]
1345 1467 148 21 7911951]114:
1504 1470 24 17 36
1531 1463 23 35 |
1563 1467 30 20 14:
1605 1469 24 18 40

1035 1500 21 20 pt
1065 1498 11 18 3
1332 1500 37 16 SCR

1029 1528 55 18 —14

991 1621 8 13 »
1049 1615 27 20 481
1120 1627 27 3 —|
1185 1628 27 2 —]|
1247 1616 60 19 61—]
1345 1616 91 20 7911951
1463 1616 66 19 14:36
1532 1611 23 35 |
1563 1616 31 20 14:
1605 1617 25 18 40

1030 1649 20 20 pt
1061 1646 23 18 15
1333 1653 15 11 s.
1360 1648 52 17 91s.
1418 1643 12 31 8

991 1681 8 12 »
1050 1674 26 21 481
1120 1687 27 2 —I
1185 1687 27 3 —I
1247 1675 60 19 61—]1
1345 1675 91 20 791195]
1463 1675 30 20 14:
1505 1677 24 17 36
1531 1670 23 35 |
1563 1675 31 20 14:
1605 1677 25 17 40

1030 1708 20 20 pt
1061 1706 23 17 16
1327 1707 85 17 s.11l1s.
1425 1707 10 17 8

1030 1736 54 17 —22

992 1799 8 13 »
1050 1805 27 2 —
1086 1789 14 34 I]
1120 1805 28 3 —|
1188 1793 24 21 121
1247 1794 61 19 6/—]1|
1334 1793 38 21 1561
1396 1793 40 21 3471
1461 1794 55 20 21:3
1528 1789 26 34 |
1561 1794 69 19 21:46

992 1888 8 13 »
1050 1895 27 2 —
1081 1878 22 35 |
1121 1882 26 20 241
1186 1883 26 20 59]
1248 1883 60 19 61—]|
1334 1883 38 20 1581
1396 1883 41 20 3481
1461 1883 55 20 21:3
1529 1878 23 35 |
1561 1883 69 20 21:46

981 2007 29 20 441
1037 2008 38 20 2911
1121 2019 28 3 —I
1187 2008 121 20 —l110/—1
1347 2008 147 20 721495132:
1506 2010 24 17 48
1534 2003 23 35 |
1562 2008 33 20 32:
1606 2009 25 18 85

987 2037 20 20 H
