1856 2360
176 81 42 21 654

192 259 161 27 Kroppsskada,
370 259 89 27 ådragen
478 260 65 20 under
558 260 225 26 militärtjänstgöring.

192 295 347 27 olycksfallsförsäkringsbolaget
556 296 62 19 Land
636 296 40 19 och
695 296 36 25 Sjö
749 296 35 19 må
802 296 88 19 komma
908 297 35 18 att
960 295 32 20 till
1011 296 69 19 henne

192 326 76 26 utgiva
283 327 59 19 samt
356 326 33 19 till
405 325 346 27 olycksfallsförsäkringsbolaget
765 326 62 19 Land
843 326 40 19 och
899 325 36 26 Sjö
950 325 130 26 gottgörelse

192 355 33 20 för
234 355 41 20 den
284 355 102 23 livränta,
397 355 111 20 beräknad
518 355 54 20 efter
581 355 40 20 300
630 356 31 19 kr.
672 355 33 20 för
713 356 30 22 år,
753 361 46 14 som
808 361 28 14 av
846 355 86 26 bolaget
941 355 43 20 kan
993 355 87 20 komma

192 387 34 18 att
238 385 87 26 utgivas
336 385 33 20 till
381 385 91 20 änkefru
485 385 90 20 Persson
587 385 33 20 för
631 385 60 20 tiden
703 385 55 20 efter
770 385 41 20 den
823 385 27 20 30
860 385 47 26 juni
921 385 59 20 1950.

219 427 20 20 4.
256 427 42 20 RD
310 427 117 26 medgiver,
439 428 34 19 att
483 427 48 20 från
542 427 98 26 anslaget
650 427 33 19 till
694 427 83 19 diverse
787 427 114 26 pensioner
912 427 39 19 och
962 426 119 20 understöd

192 463 29 14 m.
230 463 29 14 m.
272 457 35 20 må
319 457 25 20 fr.
356 463 18 14 o.
384 463 29 14 m.
426 457 42 19 den
481 457 8 19 1
502 457 40 26 juli
555 457 53 20 1950
619 456 32 20 till
663 457 22 20 C.
699 457 24 20 O.
736 457 25 20 G.
774 457 137 20 Samuelsson
923 457 52 25 utgå
987 456 94 21 livränta

192 487 50 19 med
256 487 39 20 100
307 487 32 19 kr.
352 487 33 19 för
397 487 80 20 månad
490 487 71 25 längst
573 486 33 20 till
619 487 47 19 dess
679 487 43 19 han
734 487 63 26 fyller
811 487 24 19 18
848 487 30 23 år,
891 487 50 19 med
953 486 84 26 avdrag
1049 486 33 20 för

192 516 48 20 från
259 516 289 27 riksförsäkringsanstalten
567 517 33 19 för
619 516 155 20 motsvarande
793 517 33 19 tid
845 516 108 26 utgående
973 516 108 26 periodisk

192 547 128 26 ersättning.

220 576 19 21 5.
256 577 42 19 RD
310 576 117 26 medgiver,
439 578 34 18 att
483 576 48 20 från
542 576 98 26 anslaget
650 576 33 20 till
694 576 83 20 diverse
788 576 114 26 pensioner
912 576 39 20 och
963 576 118 20 understöd

192 612 67 14 m.m.
276 607 36 19 må
328 606 33 20 till
377 606 28 20 K.
422 606 25 20 0.
463 606 24 20 L.
505 606 111 26 Sandberg
632 606 52 26 utgå
700 606 103 26 livsvarig
818 606 95 20 livränta
929 606 25 19 fr.
965 612 19 13 o.
994 612 29 13 m.
1040 606 41 19 den

194 637 8 19 1
216 636 40 26 juli
271 636 53 20 1950
336 636 33 20 till
383 636 47 20 dess
443 636 43 20 han
498 636 63 26 fyller
573 636 26 20 67
613 636 23 19 år
648 636 55 19 efter
715 636 12 19 3
737 636 40 20 375
790 636 32 19 kr.
835 636 34 20 för
881 636 24 19 år
917 637 58 18 samt
987 636 95 19 därefter

192 666 50 20 med
251 666 65 20 halva
327 666 61 20 detta
397 666 85 26 belopp,
493 666 49 19 med
552 666 82 26 avdrag
643 666 45 19 före
698 666 25 19 67
733 666 34 19 års
776 666 60 19 ålder
844 666 50 19 med
904 666 47 19 hela
961 667 57 18 samt
1027 665 55 20 efter

192 696 26 20 67
236 696 34 20 års
287 696 60 20 ålder
363 696 50 19 med
430 696 64 19 halva
512 696 103 25 beloppet
632 701 27 14 av
676 695 48 20 från
742 695 289 26 riksförsäkringsanstalten
1048 695 33 20 för

192 726 156 19 motsvarande
360 725 32 20 tid
405 725 108 27 utgående
525 725 249 26 ersättningsförmåner.

220 755 19 20 6.
257 755 41 20 RD
309 755 117 26 medgiver,
438 757 34 18 att
482 755 48 20 från
541 755 99 26 anslaget
650 755 33 19 till
694 755 83 20 diverse
788 755 113 26 pensioner
912 755 39 20 och
962 754 119 20 understöd

192 791 28 14 m.
231 791 28 14 m.
271 785 36 20 må
318 785 34 20 till
363 785 28 20 K.
404 785 25 20 G.
441 785 95 20 Jansson
547 785 25 20 fr.
585 791 19 14 o.
616 791 29 13 m.
658 785 41 19 den
712 785 8 19 1
733 785 40 26 juli
786 785 53 20 1950
851 785 52 26 utgå
914 784 53 26 årlig
978 784 102 23 livränta,

192 815 112 20 beräknad
320 815 55 20 efter
390 821 26 14 en
432 815 133 20 årsinkomst
580 821 27 14 av
624 815 12 19 6
645 815 41 19 000
701 815 32 19 kr.
750 815 40 19 och
806 821 26 13 en
848 814 189 26 invaliditetsgrad
1053 820 28 14 av

191 844 28 21 40
234 843 32 29 94,
282 845 50 19 med
347 845 83 26 avdrag
444 845 34 19 för
492 845 44 19 vad
551 845 43 19 han
609 844 28 26 på
652 844 70 26 grund
737 850 29 14 av
781 844 178 26 olyckshändelse
974 844 86 26 uppbär
1074 844 6 19 i

192 874 94 21 livränta
299 874 49 20 från
361 874 296 26 riksförsäkringsanstalten.

219 904 20 20 7.
256 904 42 20 RD
310 904 111 26 medgiver
431 904 147 26 värnpliktige
588 904 40 20 Th.
641 904 25 20 E.
679 903 103 21 Hedlund
793 903 44 20 viss
848 903 127 26 ersättning.

219 963 20 21 8.
256 964 42 19 RD
306 963 73 21 avslår
385 963 84 21 motion
477 969 35 15 om
520 963 44 20 viss
572 963 121 26 ersättning
701 963 24 20 åt
732 963 146 26 värnpliktige
886 963 26 20 N.
921 963 21 19 J.
951 962 129 27 Björklund.

219 1023 20 21 9.
256 1023 42 21 RD
311 1023 73 21 avslår
395 1023 84 20 motion
492 1029 35 14 om
540 1023 43 20 viss
596 1023 121 26 ersättning
730 1023 23 20 åt
765 1022 146 27 värnpliktige
924 1023 28 19 K.
965 1022 24 20 T.
1004 1022 77 26 Björk-

191 1058 58 14 man.

221 1082 31 21 10.
270 1082 42 20 RD
333 1083 92 25 antager
444 1082 127 25 förordning
592 1088 35 14 om
648 1082 121 25 ersättning
790 1082 6 19 i
817 1081 42 20 anl.
881 1088 28 13 av
930 1081 150 26 kroppsskada

191 1112 95 26 ådragen
302 1112 70 20 under
382 1112 229 26 militärtjänstgöring
624 1111 365 26 (militärersättningsförordning),
999 1111 82 20 förord-

192 1142 51 26 ning
263 1147 49 21 ang.
333 1142 142 26 omreglering
494 1147 28 14 av
542 1141 57 20 vissa
619 1141 147 26 ersättningar
785 1141 6 19 i
811 1141 43 20 anl.
875 1147 28 13 av
922 1140 158 27 kroppsskada,

191 1171 95 26 ådragen
301 1172 68 19 under
382 1171 236 26 militärtjänstgöring,
633 1172 57 19 samt
704 1171 125 26 förordning
843 1177 35 13 om
892 1170 147 26 upphävande
1053 1176 27 14 av

191 1201 57 20 vissa
261 1201 163 20 bestämmelser
434 1206 49 21 ang.
495 1201 122 25 ersättning
627 1201 6 20 i
645 1201 42 20 anl.
699 1207 28 13 av
738 1200 157 26 kroppsskada,
907 1200 94 26 ådragen
1013 1200 68 20 under

191 1231 236 26 militärtjänstgöring,
440 1237 29 13 m.
479 1237 36 17 m.;
529 1231 40 19 och
582 1230 143 26 bemyndigar
737 1230 42 20 RD
792 1230 64 20 KM:t
868 1231 34 19 att
914 1230 99 20 meddela
1026 1230 54 19 före-

191 1260 88 20 skrifter
289 1267 35 13 om
334 1260 119 26 utgivande
463 1266 28 14 av
501 1260 68 26 skälig
579 1260 216 26 ersättningsfyllnad
805 1260 7 19 i
822 1260 26 20 de
857 1260 44 23 fall,
912 1260 39 20 där
960 1259 121 26 ersättning

192 1290 67 26 enligt
270 1290 26 20 de
306 1291 25 19 fr.
343 1296 18 14 o.
371 1296 29 14 m.
412 1290 42 20 den
466 1290 9 20 1
486 1290 40 26 juli
538 1290 53 20 1950
601 1290 100 26 gällande
712 1289 191 20 bestämmelserna
914 1296 35 13 om
960 1289 121 26 ersättning

192 1320 6 20 i
216 1320 42 20 anl.
277 1326 28 14 av
322 1320 158 26 kroppsskada,
499 1320 94 26 ådragen
612 1320 68 19 under
697 1319 234 26 militärtjänstgöring,
951 1319 64 26 utgår
1031 1319 49 19 med

192 1349 57 26 lägre
261 1349 79 26 belopp
352 1351 28 18 än
392 1355 47 14 som
450 1349 87 20 kunnat
549 1349 51 26 utgå
614 1355 34 13 om
661 1349 58 20 äldre
732 1349 163 20 bestämmelser
906 1350 41 18 rör.
960 1348 121 26 ersättning

192 1380 40 19 och
248 1379 161 27 familjebidrag
424 1379 97 26 alltjämt
537 1379 72 20 skolat
625 1379 110 26 tillämpas
751 1379 138 20 beträffande
906 1378 112 27 olycksfall
1034 1384 46 14 som

192 1409 102 20 inträffat
305 1409 40 20 och
357 1409 127 25 sjukdomar
495 1415 47 13 som
553 1410 80 25 yppats
645 1409 45 19 före
702 1408 96 20 nämnda
810 1408 48 26 dag.

222 1439 31 20 11.
271 1439 41 19 RD
322 1439 88 19 anvisar
418 1438 32 20 till
460 1438 76 26 bidrag
544 1438 32 20 till
586 1438 121 26 ersättning
715 1438 6 20 i
730 1438 43 20 anl.
783 1444 28 14 av
819 1438 158 26 kroppsskada,
987 1438 93 26 ådragen

193 1469 69 19 under
273 1468 235 26 militärtjänstgöring,
523 1468 25 20 12
557 1468 40 20 500
606 1468 41 20 000
659 1468 31 20 kr.
704 1468 33 26 (f).

221 1499 26 19 Se
270 1498 40 20 ock
333 1498 136 26 Civilförsvar
491 1498 69 26 (1944:
573 1498 26 26 3),
624 1498 164 20 Försvarsväsen
811 1497 69 26 (1943:
894 1499 30 22 23,
949 1497 59 20 1945:
1021 1499 17 21 3,
1063 1499 17 21 4,

194 1528 52 20 1945
256 1528 28 20 H:
297 1530 17 22 3,
338 1528 59 20 1947:
410 1528 40 26 20),
471 1528 114 23 Hemvärn,
609 1528 180 26 Interpellationer
809 1527 70 27 (1941:
892 1529 31 22 43,
946 1527 50 20 1941
1008 1527 28 20 H:
1049 1529 31 21 21,

193 1558 60 20 1945:
266 1558 26 26 1),
310 1558 128 24 Johansson,
458 1557 22 21 G.
498 1558 36 20 och
552 1557 34 24 E.,
601 1557 118 24 Lindholm,
736 1558 26 19 E.
779 1553 35 28 Å.,
831 1557 249 26 Olycksfallsförsäkring,

195 1588 120 26 Värnplikt.

191 1635 216 31 KROPPSSKADA,
422 1632 137 23 ÅDRAGEN
573 1635 97 20 UNDER
685 1631 204 24 FULLGÖRANDE
904 1635 36 20 AV
953 1635 58 19 VISS

219 1665 216 24 TJÄNSTEPLIKT;
448 1671 22 14 se
482 1665 243 26 Olycksfallsförsäkring
738 1665 79 26 (1943).

192 1712 167 20 KROPPSTAD
372 1712 35 25 22,
420 1712 30 20 222
463 1712 54 21 OCH
529 1712 40 25 2;
583 1718 21 14 se
617 1712 158 26 Avsöndringar
788 1712 69 26 (1942:
871 1712 39 26 16).

192 1754 266 20 KROPPSVISITATION
468 1754 36 20 AV
516 1754 142 24 RESANDE;
670 1760 22 14 se
704 1754 71 20 Enkla
786 1753 70 27 frågor
867 1753 70 27 (1950:
951 1753 39 26 15).

192 1790 163 30 KROUTHÉN,
366 1796 27 19 K.
405 1796 25 20 A.
443 1795 32 26 G.,
485 1795 263 27 vägingenjörsassistent.

220 1831 55 26 Ang.
289 1831 89 26 pension
391 1831 24 20 åt
426 1831 54 20 hans
493 1831 64 23 änka;
570 1837 22 14 se
603 1831 115 20 Pensioner
730 1831 80 26 (1947).

192 1873 103 25 KRUSE,
308 1873 68 19 Maria
388 1873 87 24 Lovisa;
488 1879 21 13 se
523 1872 124 26 Ersättning
660 1872 69 26 (1946:
742 1872 27 26 6).

192 1914 328 24 KRYLBOKATASTROFEN;
533 1920 21 14 se
569 1914 180 26 Interpellationer
761 1914 60 26 (1941
834 1914 27 19 H:
875 1913 25 27 1).

192 1953 157 23 KRÅNGEDE
359 1956 190 24 AKTIEBOLAG;
560 1962 22 13 se
596 1955 171 26 Vattenfallsverk
778 1955 60 26 (1941
851 1955 28 20 H:
892 1957 16 21 2,
923 1955 58 20 1944:
995 1957 30 21 13,
1041 1954 38 26 14).

192 1994 263 28 KRÅNGELSVERIGE;
468 2003 21 14 se
504 1997 180 27 Interpellationer
696 1997 70 26 (1946:
779 1999 31 21 96,
825 1997 59 20 1948:
897 1997 40 26 43).

192 2035 216 29 KRÄNKNINGAR,
432 2039 181 24 PERSONLIGA,
637 2039 96 20 GENOM
756 2039 144 19 MISSBRUK
925 2038 36 20 AV
984 2038 96 20 PRESS-

219 2069 152 24 FRIHETEN;
384 2075 22 14 se
422 2069 129 26 Tryckfrihet
563 2068 79 27 (1945).

191 2110 203 21 KUIVAKANGAS
405 2110 47 25 26;
463 2116 21 14 se
496 2110 124 26 Ersättning
630 2110 70 26 (1947:
713 2110 26 26 7).

1238 167 90 28 Motioner
1375 167 90 28 Utskott
1514 182 46 8 2
1627 170 95 16 Protokoll

1101 191 25 19 År
1124 187 16 31 |
1149 195 53 19 Prop.
1220 206 8 2 |-
1278 176 5 10 É
1443 206 45 2 CE

1232 224 33 16 FK
1281 211 1 45 |
1294 224 36 16 AK
1352 224 84 16 ISmllAvd!
1460 224 26 16 Nr
1604 224 34 16 FK
1704 224 35 16 AK

1101 426 27 20 50]
1171 426 26 20 751]
1242 438 27 2 —|
1307 438 27 2 —I
1369 426 61 19 61—]1
1468 426 26 19 661
1520 426 96 20 117113:
1630 428 37 17 135)
1686 426 31 19 13:
1731 428 36 17 172

1156 460 21 19 pt
1188 458 10 17 4
1483 458 9 17 re

1112 582 8 13 »
1171 576 26 19 751
1241 587 28 2 —I
1306 587 28 2 —I
1369 575 60 19 61—]1
1467 575 26 20 661
1520 575 95 20 117113:
1629 577 37 17 135]
1685 575 31 20 13:
1730 577 37 17 172

1156 609 21 19 pt
1187 607 10 17 5
1454 607 38 17 fre

1111 760 8 13 »
1128 749 28 35 |
1170 754 26 20 751
1240 765 28 3 —I|
1306 765 27 2 —]I
1368 753 61 20 61—1
1467 753 26 20 661
1520 753 95 20 117113:
1629 755 37 18 1351
1685 753 30 20 13:
1730 755 37 18 172

1155 788 22 19 pt
1187 786 10 17 6
1454 790 15 12 s.
1482 785 10 17 8

1111 909 9 13 »
1131 898 22 33 |
1156 903 40 19 2151
1241 914 28 2 —I
1305 914 28 2 —I
1368 902 60 19 61—]1
1454 902 39 20 1301
1517 902 98 20 212116:
1629 904 37 17 107)
1685 902 30 20 17:
1727 904 25 17 54

1156 936 21 19 pt
1188 935 8 17 1
1454 934 36 17 $:1

1112 968 8 13 »
1129 957 23 35 |
1170 974 28 2 —I
1240 973 28 3 —
1292 961 40 20 12801
1368 961 125 20 61—1130]
1531 961 84 20 —I116:
1629 963 36 18 107)
1684 961 31 20 17:
1727 963 25 17 54

1454 998 15 12 s.
1481 993 10 17 2

1111 1028 9 13 »
1131 1016 18 35 |
1170 1033 27 3 —]
1240 1020 90 21 —|2811
1367 1020 61 20 61—
1428 1016 14 35 |
1454 1021 39 20 130]
1531 1021 84 20 —Il|16:
1628 1023 37 18 107]
1685 1021 30 20 17:
1727 1022 25 18 54

1454 1057 14 12 s.
1481 1053 10 16 2

1112 1087 8 13 »
1127 1076 27 35 I
1170 1081 26 20 961
1240 1092 28 3 —I
1305 1092 28 2 —1I
1367 1080 13 20 91
1415 1080 13 20 21
1466 1080 184 20 391293118:59
1654 1076 23 35 |
1684 1080 31 20 18:
1726 1080 40 20 85d

1111 1443 8 13 »
1127 1431 28 36 |
1170 1437 26 20 961
1240 1448 28 3 —I
1306 1448 27 2 —IJI
1368 1436 61 20 61—]
1454 1436 39 20 1481
1517 1436 41 20 2831
1584 1436 31 20 18:
1629 1438 37 17 106)
1685 1435 31 21 18:
1730 1438 37 17 128
