1816 2341
141 81 38 19 244
829 80 222 20 SAKREGISTER

161 267 77 20 Enkla
246 267 81 25 frågor

206 297 32 20 Nr
252 297 28 20 54
297 296 65 24 (herr
375 296 98 24 Helén):
488 297 45 20 Om
547 297 44 20 den
604 296 100 25 begärda
718 296 229 25 snabbutredningen
961 302 38 14 om
1012 296 34 19 in-

207 326 97 21 förande
314 333 28 14 av
351 333 18 14 s.
379 327 22 20 k.
410 326 215 26 polisbötessystem
634 326 38 20 vid
682 326 165 25 felparkering.

205 357 33 20 Nr
250 357 27 20 55
293 357 65 23 (herr
368 357 103 20 Jansson
483 357 7 20 i
501 357 140 23 Benestad):
654 357 45 20 Om
711 356 140 25 tidpunkten
864 356 36 20 för
911 356 135 25 upphävan-

205 387 28 20 de
242 393 28 14 av
279 387 44 20 den
333 387 155 20 kvantitativa
497 386 143 26 regleringen
650 392 28 14 av
686 387 87 24 import
782 392 28 14 av
820 386 72 20 frukt.

205 417 33 19 Nr
252 417 28 20 56
298 416 94 24 (fröken
408 416 96 25 Vinge):
519 417 45 20 Om
579 416 156 21 slutförandet
749 422 28 14 av
792 416 55 20 1955
861 416 38 20 års
914 416 132 20 lantbruks-

205 446 317 26 undervisningskommittés
531 445 85 22 arbete.

206 476 32 20 Nr
250 476 27 20 57
294 477 65 23 (herr
371 477 143 20 Gustavsson
526 477 7 19 i
545 477 118 23 Alvesta):
676 477 44 20 Om
732 476 211 25 pensionsavgifter
955 476 36 20 för
1002 476 44 20 vis-

206 512 25 14 sa
240 506 115 21 beroende
364 507 204 25 uppdragsgivare.

205 536 33 20 Nr
250 536 28 21 58
294 536 65 24 (herr
370 536 131 24 Bohman):
515 536 45 21 Om
571 537 125 24 utredning
709 543 27 14 av
748 536 223 25 bostadsstyrelsens
984 536 62 20 ställ-

205 566 63 25 ning,
278 566 198 25 arbetsuppgifter
484 566 44 20 och
537 566 166 25 organisation.

205 596 33 20 Nr
254 596 27 20 59
302 596 65 24 (herr
382 596 143 24 Svenning):
542 597 58 24 Ang.
616 596 154 25 omprövning
786 602 28 14 av
830 596 61 20 vissa
907 596 139 20 tomtvärde-

207 626 85 25 ringar.

206 656 33 20 Nr
251 656 28 20 60
295 656 65 24 (herr
371 656 93 21 Nilsson
477 656 7 20 i
497 656 150 24 Bästekille):
661 657 8 19 I
682 656 46 20 anl.
740 662 28 14 av
780 656 38 20 det
831 656 146 25 sovjetryska
989 661 55 19 upp-

206 685 139 26 bringandet
355 692 28 14 av
392 692 28 14 en
430 686 147 20 fisketrålare
587 686 44 20 den
643 686 25 20 15
679 686 46 25 maj
736 687 7 19 i
753 686 32 20 år.

205 716 33 20 Nr
249 716 26 20 61
291 716 65 23 (herr
366 716 101 20 Larsson
478 716 8 20 i
496 716 156 24 Hedenäset)
642 712 17 33 :
664 716 44 20 Om
719 716 165 20 varuskattens
894 716 113 20 inverkan
1018 716 28 25 på

207 746 105 20 levnads-
322 746 43 20 och
375 746 314 25 produktionskostnaderna
699 747 7 19 i
715 746 123 20 Norrland.

206 817 32 20 Nr
255 818 9 20 1
286 817 65 24 (herr
365 818 101 24 Nilsson,
480 818 159 23 Ferdinand):
656 817 44 21 Om
716 818 38 20 det
768 817 74 21 ökade
857 818 74 20 behov
946 824 28 14 av
988 818 58 20 lant-

206 847 262 26 mäteriförrättningar,
482 854 50 14 som
546 848 70 24 följer
629 854 28 14 av
670 848 38 20 det
722 854 17 14 s.
753 848 22 20 k.
788 848 229 24 Arlandaprojektet.

205 877 33 20 Nr
253 877 13 21 2
286 877 65 24 (herr
365 878 92 23 Palm):
474 878 44 20 Om
534 878 118 25 upphovet
667 878 35 20 till
718 878 44 20 den
778 877 172 21 antisemitiska
965 883 81 19 propa-

206 907 101 25 gandan.

206 938 32 20 Nr
250 938 13 20 3
279 938 65 24 (herr
354 938 116 25 Hansson,
481 938 135 25 Per-Olof):
629 938 44 20 Om
685 938 181 25 tillgodoseende
877 944 28 14 av
917 938 129 20 säkerhets-

207 968 87 20 kraven
304 968 7 20 i
321 968 65 25 fråga
396 974 38 14 om
444 968 224 20 atomvärmeverket
677 969 7 19 i
693 967 90 26 Ågesta.

206 998 33 20 Nr
253 998 13 20 4
284 998 65 23 (herr
363 998 118 25 Olofsson,
496 998 75 23 Uno):
586 998 45 20 Om
645 998 87 25 förslag
746 998 34 20 till
795 997 39 21 RD
849 1004 37 13 om
901 997 146 26 utbyggande

207 1033 28 14 av
245 1028 233 24 räddningstjänsten
488 1028 7 20 i
506 1028 90 24 fjällen,

206 1057 32 20 Nr
249 1057 13 20 5
277 1057 65 23 (herr
352 1057 156 24 Bengtsson):
520 1057 45 20 Om
576 1057 75 20 bättre
663 1057 226 25 arbetsmöjligheter
901 1057 36 20 för
948 1057 98 20 svenska

207 1086 106 21 forskare
322 1087 7 20 i
338 1087 160 25 immunologi,
508 1093 30 13 m.
548 1093 30 14 m.

205 1116 33 20 Nr
253 1116 13 21 6
285 1117 66 23 (herr
365 1116 133 24 Elmwall):
515 1116 44 21 Om
575 1117 141 24 tidpunkten
732 1116 36 20 för
783 1116 165 26 förändringar
963 1117 7 20 i
985 1116 57 25 jord

205 1146 97 20 brukets
311 1146 171 25 importskydd.

206 1176 32 20 Nr
251 1176 11 20 7
279 1176 95 23 (fröken
387 1176 97 24 Vinge):
497 1176 45 20 Om
553 1176 47 20 viss
613 1176 99 25 ändring
724 1177 6 19 i
742 1176 303 25 varuskatteförordningen

206 1206 35 19 till
256 1205 93 20 förmån
362 1205 37 21 för
412 1206 27 20 de
452 1206 176 25 vetenskapliga
640 1205 279 26 forskningsbiblioteken
932 1212 30 14 m.
976 1205 25 21 fl.
1014 1206 30 19 in-

206 1235 141 21 stitutioner.

206 1266 32 20 Nr
252 1266 13 21 8
284 1266 65 24 (herr
362 1267 124 23 Hamrin):
502 1266 45 21 Om
562 1266 123 25 ifrågasatt
699 1265 140 26 indragning
853 1272 28 14 av
895 1263 153 23 musikkåren

206 1297 38 19 vid
254 1296 18 20 A
283 1297 13 20 6
305 1297 7 20 i
321 1296 141 25 Jönköping.

206 1326 32 20 Nr
254 1326 12 20 9
287 1326 65 23 (herr
367 1326 118 24 Edlund):
503 1326 44 20 Om
563 1326 124 25 ifrågasatt
702 1326 140 25 indragning
857 1332 28 13 av
901 1326 146 25 flygvapnets

208 1356 122 20 musikkår
339 1357 8 19 i
356 1356 117 20 Västerås.

207 1385 32 21 Nr
253 1386 26 20 10
296 1386 65 23 (herr
372 1385 117 25 Nyberg):
503 1386 44 20 Om
560 1385 107 26 åtgärder
680 1386 6 20 i
699 1386 46 20 anl.
758 1392 28 14 av
798 1385 249 26 byggnadsminnesut-

206 1416 141 24 redningens
357 1415 25 21 år
393 1416 55 20 1956
458 1416 137 20 avlämnade
604 1415 154 21 betänkande.

206 1445 32 20 Nr
253 1446 24 19 11
297 1445 65 24 (herr
374 1446 101 19 Persson
488 1445 7 20 i
509 1445 125 25 Appuna):
649 1446 9 19 I
672 1445 45 20 anl.
731 1451 28 14 av
772 1445 37 20 det
822 1445 120 20 beslutade
956 1445 91 25 nedläg-

206 1475 85 25 gandet
301 1481 28 14 av
338 1475 174 20 läderfabriken
521 1475 7 20 i
538 1475 184 20 Valdemarsvik.

206 1505 32 19 Nr
252 1505 26 20 12
295 1504 50 24 (fru
360 1504 139 24 Torbrink):
513 1505 44 20 Om
571 1505 263 24 statstjänstemännens
847 1505 160 24 tjänsteresor.

205 1534 33 20 Nr
251 1534 26 20 13
292 1534 50 24 (fru
353 1534 114 20 Eriksson
478 1535 8 20 i
497 1534 160 24 Stockholm):
670 1535 44 20 Om
726 1535 44 19 den
781 1534 101 25 begärda
893 1535 153 24 utredningen

186 1560 7 33 «»
205 1570 39 14 om
259 1564 135 20 ersättande
409 1569 28 15 av
453 1564 56 20 1885
525 1564 37 20 års
579 1564 159 25 lösdriverilag
753 1565 52 19 med
821 1564 137 21 modernare
973 1564 74 25 lagbe-

206 1594 154 20 stämmelser.

205 1624 33 20 Nr
251 1624 27 20 14
291 1624 65 24 (herr
366 1624 115 25 Nihlfors)
491 1630 5 14 :
509 1624 8 20 I
528 1624 46 20 anl.
585 1630 28 14 av
623 1624 109 20 inträffat
743 1624 101 20 dödsfall
854 1624 8 20 i
872 1623 146 21 bäddmöbel.

205 1654 32 20 Nr
254 1654 26 20 15
300 1654 65 23 (herr
379 1654 150 23 Braconier):
561 1654 44 20 Om
635 1653 211 21 vänstertrafikens
876 1654 113 19 inverkan
1019 1653 29 25 på

206 1683 285 26 olycksfallsfrekvensen.

206 1714 32 19 Nr
252 1714 27 20 16
295 1713 50 24 (fru
357 1714 164 23 Sandström):
535 1714 45 20 Om
594 1713 178 26 förseningarna
784 1713 38 20 vid
835 1713 172 25 behandlingen
1020 1719 27 14 av

205 1743 224 21 tillståndsärenden
439 1743 36 20 för
484 1743 149 26 charterflyg.

205 1773 33 20 Nr
251 1773 25 20 17
292 1773 65 24 (herr
367 1773 134 21 Johansson
513 1773 7 20 i
532 1773 160 24 Stockholm):
704 1774 44 20 Om
760 1773 151 20 anordnande
923 1779 27 14 av
961 1779 28 14 en
1000 1779 47 14 mor

206 1803 166 25 torcykelbana
382 1803 30 25 på
419 1803 148 20 Järvafältet.

205 1833 32 20 Nr
250 1833 26 20 18
291 1833 65 23 (herr
366 1833 94 20 Nilsson
471 1833 7 20 i
489 1833 136 23 Bästekille)
635 1839 4 14 :
651 1833 44 20 Om
706 1833 63 20 tiden
781 1833 36 20 för
827 1833 126 20 utförande
963 1839 28 14 av
1002 1833 44 19 för-

204 1862 213 25 bättringsarbeten
426 1863 7 20 i
442 1863 67 20 Hanö
519 1862 141 21 fiskehamn.

206 1892 32 20 Nr
251 1892 26 20 19
294 1892 65 24 (herr
370 1892 159 25 Spångberg):
543 1892 44 20 Om
600 1892 156 25 avlägsnande
768 1898 28 15 av
807 1892 62 20 vissa
881 1892 103 21 militära
995 1899 18 14 s.
1025 1893 20 19 k.

206 1922 160 25 skyddsnäten
376 1928 30 14 m.
416 1928 30 14 m.

204 1952 33 20 Nr
252 1952 28 20 20
299 1952 66 23 (herr
379 1951 94 21 Nilsson
489 1952 7 20 i
512 1952 150 23 Bästekille)
656 1947 18 34 :
679 1952 44 20 Om
739 1952 44 20 den
798 1952 96 20 utanför
908 1952 139 25 jordbruket

205 1981 95 20 stående
310 1981 243 25 fläskproduktionen.

205 2012 32 20 Nr
250 2012 26 20 21
295 2012 66 23 (herr
372 2012 135 20 Johansson
520 2012 7 19 i
539 2011 173 25 Norrköping):
726 2012 45 20 Om
784 2011 107 25 åtgärder
905 2013 47 19 mot
965 2011 82 21 trafik-

205 2041 96 25 olyckor
310 2042 7 19 i
327 2041 114 20 samband
451 2042 52 19 med
514 2041 166 25 sparkåkning.

204 2074 33 20 Nr
248 2074 27 20 22
291 2074 65 24 (herr
366 2074 135 20 Johansson
512 2074 7 20 i
531 2074 146 23 Stockholm)
674 2069 14 35 :
704 2074 8 19 I
724 2074 45 20 anl.
781 2080 28 14 av
820 2073 96 21 befarad
928 2074 119 25 försening

205 2110 28 14 av
241 2104 121 20 beslutade
372 2103 107 25 åtgärder
489 2104 48 19 mot
546 2103 141 21 skattefusk.

1192 167 100 28 Motioner
1348 167 79 28 Utskott
1477 167 50 37 Skriv
1594 172 90 16 Protokoll

1068 192 24 20 År
1090 188 20 32 |
1116 196 52 20 Prop.
1494 212 22 12 ne

1199 225 30 17 FK
1231 220 25 31 |
1264 226 31 16 AK
1318 224 85 18 |SmllAvd!
1428 225 25 17 Nr
1562 221 42 30 FK
1672 226 31 16 AK

1070 296 30 22 59
1178 292 21 36 hh
1211 310 145 3 ———
1377 310 225 2 ———]—
1621 292 8 36 7"
1643 298 73 21 180:109

1072 326 23 21 H

1070 356 30 21 591
1140 370 26 2 ök
1211 370 25 2 Lo
1276 369 80 3 larmdbare
1437 369 25 3 nose
1576 370 26 2 pod
1643 357 35 21 I8ER
1694 362 10 15 3

1072 386 22 21 H

1070 416 30 21 59
1140 429 26 3 —P
1211 429 25 2 —
1276 429 80 3 1
1377 429 26 3 —
1436 429 92 3 o—b—]b
1551 412 23 35 oo
1576 429 26 3 —
1599 412 14 35 i:
1643 417 35 21 81:
1694 422 10 15 4

1072 446 22 21 H

1070 475 30 22 5015
1169 471 46 33 Hi
1211 489 91 2 -&ss
1330 489 26 3 nd
1437 489 26 3 nike
1502 489 99 2 Rakode
1642 477 62 20 235

1072 505 22 22 H

1070 535 30 22 59
1140 548 26 3 —I]
1211 549 25 2 —
1276 548 80 3 —-—
1459 531 43 35 ho
1502 548 26 3 —]
1576 536 102 20 0182:
1694 541 10 15 5

1072 565 22 21 H

1070 595 30 21 59
1140 608 26 2 —]
1210 608 92 2 —l—
1330 608 25 3 =
1377 608 26 3 —
1437 608 91 2 —b—]
1576 608 25 2 —
1643 596 35 20 182:
1694 600 10 15 5

1072 625 22 21 H

1070 654 30 22 59
1140 668 26 2 —b
1211 668 25 2 —I
1276 668 26 2 —
1330 668 26 3 =
1378 667 85 3 —o—L]
1502 668 26 2 —I
1576 667 26 3 —
1643 655 35 20 132:
1694 660 22 15 58

1072 685 22 21 H

1070 714 30 22 59
1276 727 326 3 —hebenoseotut
1643 715 35 20 SEI82:
1694 719 22 15 99

1072 744 23 22 H

1071 819 29 21 6
1141 832 25 2 —I|
1211 832 25 2 —-I
1277 832 126 3 —-Il—-—
1437 831 25 3 —JI
1502 832 26 2 —LJ
1557 819 58 21 2:158

1071 878 29 22 60
1141 892 25 2 —I
1211 891 26 3 —I
1277 891 26 3 —I
1331 892 25 2 —
1378 891 25 3 —
1437 891 25 2 —I
1502 891 26 2 —J
1557 879 58 20 2:159

1071 938 29 21 600
1141 951 25 2 —I
1211 951 26 2 —
1277 951 26 2 —I
1331 951 72 3 ——
1437 951 25 2 —I
1502 951 26 2 —J
1557 939 21 20 3:
1584 933 10 36 3

1071 997 29 22 600
1141 1011 26 2 —I
1212 1011 25 2 —I
1277 1010 79 3 —I—
1378 1011 25 2 —
1437 1010 25 2 —I
1502 1010 26 3 —J
1558 998 20 21 7:
1593 1003 10 15 8

1071 1056 29 22 60
1141 1070 26 2 —I
1212 1070 25 2 —-I
1277 1069 127 3 FP
1469 1052 7 33 IT
1502 1057 102 21 —J120:.5

1071 1116 29 21 60
1141 1129 26 2 —I
1212 1129 25 2 —I
1310 1112 21 36 ll
1378 1129 26 2 -
1437 1128 91 3 I]
1577 1128 25 2 —
1658 1115 47 21 258

1071 1175 29 21 600
1141 1188 26 3 —I
1212 1188 25 3 —I
1277 1188 80 3 —-—-
1378 1188 26 2 —
1437 1188 92 2 —-bE—-]
1577 1187 26 3 —
1658 1175 47 20 2

1072 1267 28 21 600
1178 1262 21 36 ll
1212 1280 25 3 —-
1277 1280 127 3 —-l—-—-
1438 1280 25 2 —
1503 1280 26 2 —-
1577 1279 26 3 —
1623 1262 28 36 |
1659 1267 56 21 2:11

1071 1326 29 22 60
1141 1340 96 2 EEE
1278 1339 78 3 SI
1378 1340 26 2 —
1437 1339 26 3 —I
1503 1339 25 2 —]
1577 1339 25 2 —
1659 1327 56 20 Sd

1071 1386 29 21 601
1141 1400 26 2 —I
1212 1399 25 2 —-I
1277 1399 126 2 —-I—-—-
1458 1399 5 2 I
1503 1399 25 2 —-]
1577 1399 25 2 —
1658 1386 59 20 2:255

1071 1445 95 22 BS
1212 1458 25 3 SEN
1277 1459 26 2 a
1331 1459 25 2 Blobel
1437 1458 26 3 ag
1502 1458 26 3 VR
1577 1458 25 2 -
1659 1446 20 20 3:
1695 1450 9 15 3

1071 1505 29 21 OP
1166 1499 41 36 pe
1211 1518 26 2 Ne
1277 1518 26 2 ERA
1331 1518 72 2 uten
1437 1518 26 2 ce
1503 1517 99 3 Re
1659 1505 20 20 3:
1695 1510 10 14 6

1071 1535 95 21 60-11
1331 1548 132 2 leo
1659 1535 45 20 CA

1071 1626 29 22 60P
1141 1640 96 2 alot
1378 1639 224 3 ojecpaonl
1658 1627 21 20 3:
1696 1631 21 15 19

1071 1656 29 21 SÖ
1141 1670 25 2 ere
1174 1649 32 33 Bor
1211 1669 26 3 oe
1277 1670 26 2 sant
1331 1669 73 3 fonter:
1437 1669 26 3 ägna
1503 1669 25 2 BERANG
1577 1669 25 2 —
1659 1657 20 20 3:
1694 1661 22 15 33

1071 1715 29 22 ÖP
1141 1729 26 2 EE
1176 1710 31 35 lar
1237 1710 30 35 En
1277 1729 26 3 ee
1331 1729 25 2 fd
1378 1729 25 2 og]
1437 1729 26 2 hen
1465 1710 20 35 [i
1532 1710 28 35 fir
1576 1728 26 3 AA
1658 1716 20 20 5:
1695 1721 21 15 85

1071 1775 29 22 GÖ
1141 1789 25 2 be
1211 1788 145 3 rpPaackelalänte
1366 1768 10 36 ö
1378 1788 84 3 boorejq
1576 1788 26 2 Du
1658 1776 20 20 4:
1694 1780 22 16 26

1071 1835 29 21 6
1141 1848 25 2 —-P
1211 1848 192 2 El
1437 1848 25 2 I
1502 1848 26 2 —-I
1576 1847 26 2 —
1657 1835 21 21 4:
1694 1840 22 15 28

1071 1894 29 21 60
1140 1907 97 3 —i]—]
1277 1908 26 2 —
1331 1907 197 3 Pope
1658 1895 20 20 5:
1694 1899 10 15 9

1071 1953 29 22 60
1140 1967 26 2 0—J]
1211 1967 26 2 —b
1277 1967 26 2 =
1377 1967 26 2 —
1436 1967 26 2 —I
1502 1967 25 2 o—]
1576 1966 25 2 —
1657 1954 21 21 15
1696 1959 20 15 16

1071 2013 29 21 60
1140 2026 26 3 —b
1211 2026 26 3 —
1277 2026 79 3 —b—
1377 2026 26 2 —
1436 2025 165 3 —-b—oo—
1658 2014 20 20 6:
1694 2018 10 15 5

1070 2075 30 21 6015
1140 2089 26 2 —
1210 2088 27 3 cp
1276 2088 186 3 roots
1502 2088 99 3 öppet
1658 2076 20 20 6:
1694 2080 22 15 20
