1835 2360
161 157 26 19 40
855 161 223 17 SAKREGISTER

170 446 171 34 Arbetarskydd.
474 467 2 2 ;

224 480 113 26 olycksfall
352 480 6 20 i
373 481 74 19 arbete
463 493 28 2 —
505 481 33 20 till
553 488 85 20 person,
653 488 47 14 som
715 482 54 20 lider
783 488 29 14 av
826 483 195 26 yrkessjukdomen

223 510 209 27 stendammslunga,
451 511 73 20 vilken
543 513 81 25 yppats
642 512 69 20 under
728 512 82 20 sådana
829 513 192 26 omständigheter,

223 541 35 19 att
269 540 28 26 på
308 540 70 26 grund
390 546 29 14 av
430 540 132 27 stadgandet
573 541 6 20 i
591 541 67 21 andra
670 542 87 26 stycket
768 548 29 14 av
808 542 215 27 övergångsbestäm-

224 569 105 21 melserna
343 570 33 20 till
389 570 62 26 lagen
465 570 41 21 den
520 571 26 20 26
559 571 47 26 juni
621 571 52 21 1936
687 572 34 26 (nr
735 571 49 27 384)
797 573 46 19 rätt
855 572 33 20 till
902 573 120 27 ersättning

223 599 68 27 enligt
306 600 63 26 lagen
386 606 35 14 om
437 600 122 27 försäkring
575 601 33 20 för
623 601 58 21 vissa
697 602 193 26 yrkessjukdomar
905 602 47 21 icke
968 603 55 20 före-

224 629 72 27 ligger,
306 630 36 20 må
353 630 110 20 utbetalas
473 630 43 21 lika
526 632 46 19 stor
581 632 121 26 ersättning
712 632 6 20 i
728 632 43 20 anl.
782 638 28 14 av
819 632 202 27 yrkessjukdomen,

224 665 46 14 som
289 659 70 21 skulle
378 660 57 20 hava
454 660 81 27 utgått,
556 661 72 20 därest
647 661 375 28 yrkessjukdomsförsäkringslagen

223 689 59 20 varit
295 689 116 27 tillämplig
424 690 12 20 å
451 690 87 21 honom.

184 751 10 17 3
211 749 42 20 RD
269 749 117 27 medgiver,
402 751 36 19 att
453 750 63 20 KM:t
531 751 55 20 skall
601 753 40 24 äga
657 751 92 24 besluta,
765 753 35 19 att
815 763 27 3 —
857 758 28 14 av
902 752 37 20 det
955 752 68 21 under

225 779 46 20 11:e
282 779 41 20 HT
335 779 108 27 uppförda
454 780 189 27 förslagsanslaget
654 781 33 20 till
699 781 139 20 bestridande
849 787 29 15 av
889 783 134 20 statsverket

224 809 120 26 åliggande,
363 815 29 14 av
409 809 68 21 andra
494 810 70 20 medel
582 811 18 25 ej
620 811 108 26 utgående
745 811 147 27 ersättningar
908 812 8 19 i
933 812 43 21 anl.
994 818 28 14 av

225 838 113 26 olycksfall
350 839 7 20 i
369 839 75 21 arbete
455 851 29 3 —
495 840 33 20 till
540 846 85 20 person,
638 846 46 15 som
696 841 54 20 lider
760 847 29 14 av
796 841 168 26 yrkessjukdom
973 848 49 15 men

224 874 51 14 vars
296 870 46 19 rätt
363 869 33 20 till
418 870 121 26 ersättning
560 870 67 27 enligt
648 870 374 28 yrkessjukdomsförsäkringslagen

224 898 49 26 gått
282 898 96 21 förlorad
389 899 27 26 på
426 899 70 26 grund
507 905 28 15 av
546 900 26 20 de
582 900 48 20 från
640 900 100 26 gällande
750 900 35 27 lag
794 901 124 20 avvikande
928 901 95 21 bestäm-

224 928 106 21 melserna
342 928 7 20 i
361 928 13 21 7
386 929 10 25 $
408 929 7 20 i
428 929 48 20 dess
488 929 80 26 lydelse
580 930 46 20 före
638 930 42 20 den
694 930 9 20 1
716 930 46 26 jan.
776 930 60 24 1937,
848 931 37 20 må
896 942 28 3 —
936 931 28 20 då
976 932 47 20 skäl

225 958 73 21 därtill
310 958 103 27 föreligga
425 970 28 3 —
465 959 109 21 utbetalas
586 959 44 21 lika
643 961 46 19 stor
701 960 121 27 ersättning
834 960 7 20 i
853 960 43 21 anl.
909 967 29 14 av
950 962 73 25 yrkes-

224 988 138 26 sjukdomen,
381 994 47 15 som
447 989 68 20 skulle
533 989 58 21 hava
610 990 80 26 utgått,
711 990 72 20 därest
801 990 223 26 yrkessjukdomsför-

222 1018 161 27 säkringslagen
401 1018 58 21 varit
475 1019 116 27 tillämplig
607 1019 12 20 å
637 1019 86 21 honom.

211 1077 43 20 RD
269 1079 90 25 antager
372 1078 80 26 förslag
465 1078 34 20 till
512 1078 35 26 lag
561 1084 35 15 om
610 1078 96 27 eftergift
720 1079 69 20 under
802 1079 57 21 vissa
873 1080 149 21 förhållanden

225 1107 48 20 från
294 1107 191 21 bestämmelserna
503 1108 7 20 i
529 1108 25 20 19
571 1108 10 25 $
598 1108 69 21 första
688 1109 87 26 stycket
795 1109 61 26 lagen
875 1115 35 14 om
927 1110 96 21 arbetar-

226 1137 72 26 skydd
314 1137 156 27 (upphävande
487 1138 6 19 i
508 1138 55 20 visst
578 1138 38 20 fall
633 1144 28 14 av
674 1138 103 21 förbudet
793 1140 47 19 mot
855 1139 125 21 nattarbete
990 1140 34 20 för

224 1167 110 25 kvinnor).

187 1259 7 17 1
212 1256 43 20 RD
267 1256 34 21 för
314 1256 32 20 sin
360 1257 34 20 del
406 1257 97 20 ansluter
515 1257 32 26 sig
559 1257 33 21 till
605 1258 157 26 föredragande
774 1258 251 26 departementschefens

225 1286 150 26 uppfattning,
386 1288 35 18 att
431 1287 48 20 skäl
489 1287 47 20 icke
546 1287 102 26 föreligga
659 1288 34 20 för
704 1288 86 26 Sverige
800 1289 35 19 att
845 1288 34 20 för
889 1289 136 21 närvarande

226 1316 89 26 vidtaga
329 1316 66 26 några
409 1316 106 21 särskilda
528 1317 102 26 åtgärder
642 1317 6 20 i
661 1317 43 20 anl.
718 1324 28 13 av
760 1318 26 19 de
799 1318 227 21 rekommendationer

226 1351 48 21 ang.
293 1346 190 26 yrkesutbildning
501 1346 39 20 och
558 1346 162 27 lärlingsväsen,
738 1353 47 14 som
802 1347 95 20 lämnats
914 1353 29 14 av
960 1348 65 20 inter-

226 1375 117 20 nationella
357 1376 261 26 arbetsorganisationens
632 1377 115 20 konferens
760 1377 24 20 år
800 1377 58 20 1939.

186 1437 11 17 2
212 1435 41 20 Till
266 1435 77 26 bidrag
356 1435 33 20 till
403 1435 125 27 föreningen
542 1436 34 20 för
589 1436 159 26 arbetarskydd
762 1437 87 20 anvisas
863 1438 32 19 ett
909 1437 75 27 anslag
997 1444 29 14 av

226 1465 12 20 3
247 1464 41 21 000
304 1465 32 20 kr.

254 1501 22 17 Se
297 1500 35 17 ock
354 1501 194 21 Arbetarlagstiftning
570 1502 60 20 (1938;
652 1502 60 21 1939),
735 1502 163 21 Interpellationer
920 1496 61 32 (1938:
984 1496 41 32 21),

230 1524 218 22 Olycksfallsförsäkring
455 1525 61 21 (1931;
524 1526 58 20 1938),
592 1526 91 16 Semester
688 1526 68 21 (1935),
763 1526 189 21 Skogshärbärgeslag
957 1527 68 21 (1937).

185 1581 482 25 ARBETARSMÅBRUKSLÅNEFONDEN.

214 1614 42 20 RD
272 1614 102 24 besluter,
390 1616 35 19 att
440 1621 26 14 en
482 1615 60 23 fond,
559 1616 109 20 benämnd
684 1616 340 25 arbetarsmåbrukslånefonden,

227 1644 55 20 skall
296 1644 100 24 inrättas,
412 1645 48 20 från
474 1645 73 20 vilken
562 1645 36 20 lån
613 1646 35 19 må
664 1646 109 20 utlämnas
788 1645 7 21 i
810 1646 102 20 ändamål
926 1648 35 18 att
975 1646 50 27 giva

227 1674 164 26 skogsarbetare
411 1674 51 21 eller
481 1675 89 20 därmed
590 1675 96 21 likställd
707 1675 99 21 arbetare
825 1675 84 21 tillfälle
929 1677 35 19 att
983 1676 42 21 för-

227 1705 68 19 värva
310 1704 85 20 mindre
410 1704 108 27 lägenhet,
534 1705 71 26 ägnad
620 1706 35 19 att
670 1705 79 21 bereda
764 1705 147 21 innehavaren
927 1706 98 21 utkomst

226 1738 78 22 genom
316 1733 113 27 jordbruk,
445 1734 71 21 drivet
528 1734 37 21 vid
577 1735 62 20 sidan
651 1741 29 14 av
692 1741 72 15 annan
776 1735 147 24 verksamhet;
936 1736 39 20 och
988 1742 37 14 an-

227 1763 58 21 visar
294 1763 43 20 RD
347 1764 71 20 såsom
428 1764 84 26 kapital
521 1764 34 21 för
566 1765 333 20 arbetarsmåbrukslånefonden
908 1766 34 19 ett
951 1766 74 26 anslag

226 1799 28 14 av
268 1793 62 20 2500
338 1793 41 20 000
393 1794 33 20 kr.
441 1794 34 26 (r);
491 1794 40 20 och
545 1794 111 27 medgiver
672 1794 50 24 RD,
737 1796 35 19 att
785 1801 29 14 av
827 1795 199 27 jordförmedlings-

227 1823 92 20 fondens
329 1823 210 27 kapitalbehållning
549 1824 36 20 må
596 1824 69 20 under
675 1824 24 20 år
711 1824 52 21 1934
773 1825 34 20 till
816 1825 210 27 jordanskaffnings-

227 1852 36 21 lån
280 1853 25 20 åt
321 1853 245 27 hushållningssällskap
583 1860 29 14 av
628 1855 84 19 statens
729 1854 208 27 egnahemsstyrelse
954 1855 72 27 dispo-

228 1888 62 14 neras
297 1882 92 27 tillhopa
398 1883 64 26 högst
470 1884 23 20 så
502 1885 57 19 stort
566 1884 86 26 belopp,
661 1885 35 19 att
704 1884 43 20 vad
756 1890 46 15 som
811 1884 84 21 utestår
902 1884 7 20 i
917 1884 109 27 beviljade

227 1912 237 27 jordanskaffningslån
478 1913 47 21 icke
538 1913 37 21 vid
589 1914 67 26 något
669 1914 84 20 tillfälle
766 1914 70 20 under
848 1914 67 26 sagda
928 1914 24 21 år
965 1916 61 19 över-

228 1942 66 26 stiger
308 1942 61 20 1500
370 1938 48 36 000
432 1944 32 20 kr.
479 1945 58 19 samt
550 1945 35 19 att
599 1944 41 20 den
655 1944 34 20 del
702 1950 29 14 av
743 1944 283 26 jordförmedlingsfondens

227 1971 34 21 till
274 1978 30 20 ny
317 1972 100 27 utlåning
430 1973 122 27 disponibla
564 1973 183 27 kapitaltillgång,
761 1980 47 14 som
821 1974 19 26 ej
854 1974 88 20 anvisas
955 1974 71 21 såsom

227 2001 245 28 jordanskaffningslån,
489 2003 36 20 må
542 2003 69 21 under
627 2003 24 20 år
669 2003 53 21 1934
738 2010 29 14 av
783 2004 64 20 KM:t
863 2004 113 20 användas
993 2004 34 21 för

229 2032 141 20 utlämnande
393 2039 28 14 av
440 2033 115 27 förlagslån
575 2033 23 21 åt
616 2033 131 28 aktiebolag,
766 2033 123 28 föreningar
908 2034 39 21 och
965 2034 62 20 kom-

231 2067 83 17 muner,

1315 240 96 17 Utskotts-

1483 240 55 17 Riks-

1100 261 56 34 Kungl.
1292 262 129 34 utlåtanden,
1477 263 69 34 dagens
1597 255 125 42 Ktenrarnar

1103 295 53 19 Maj:ts|
1168 287 92 17 Motioner
1287 300 95 17 melboral
1395 300 44 17 eller
1488 301 42 17 slät
1595 289 140 21 förhandlingar

1048 319 26 20 År
1102 329 51 14 Iprop:r
1297 323 132 33 betänkanden
1480 323 60 33 velser
1621 319 88 21 (prot.nr)

1111 355 35 14 eller

1102 385 102 26 SENVILRR
1221 396 35 16 FAR
1278 384 16 51 ä
1319 384 16 49 å
1360 397 90 16 Nummer|
1466 397 91 17 Nummer
1579 385 70 41 Haag
1718 385 29 41 ER

1351 449 2 29 |

1037 484 56 21 1939
1352 481 1 35 |

1667 688 1 32 |

1040 753 53 21 19391
1110 753 37 21 121
1154 749 25 38 |
1179 765 28 3 —
1207 749 19 38 |
1232 767 28 3 —1]
1287 755 13 20 8
1310 781 2 2 |
1323 749 26 38 —]
1370 755 26 20 36
1410 758 31 17 s.2
1464 756 40 21 1204
1571 755 33 20 25:
1615 757 90 17 327-125:
1716 757 24 18 31

1106 785 21 19 pt
1142 784 11 16 2
1310 789 2 3 I

1352 862 2 14 I

1353 877 1 12 |

1041 1081 54 21 1939]
1120 1082 25 19 76
1153 1076 27 34 |
1180 1093 28 3 —|
1234 1093 25 3 —
1260 1076 18 34 I
1284 1083 22 19 111
1330 1080 13 20 21
1372 1083 26 19 29
1478 1084 27 20 82
1572 1083 33 20 24:
1616 1085 24 17 32
1673 1082 33 21 124:
1718 1085 25 18 19

1056 1111 19 20 U

1042 1260 53 21 1940]
1122 1260 24 21 19
1156 1256 22 35 |
1181 1272 27 2 —1|
1235 1273 28 3 —1I
1289 1261 63 20 61—]
1373 1261 26 20 49
1480 1263 26 19 84
1575 1262 53 20 15:4
1676 1261 31 21 17:
1719 1264 25 16 28

1043 1438 53 21 19401
1114 1440 40 19 1:51]
1182 1451 28 3 —I
1236 1452 28 2 —1
1291 1440 62 20 61—]
1388 1440 12 20 5
1414 1442 44 18 s.11l
1494 1441 13 20 5
1521 1444 30 17 s.7
1575 1440 68 20 17:32
1676 1439 68 20 119:50

1103 1470 22 20 pt
1140 1470 22 16 37
1670 1486 2 8 |

1314 1502 2 16 |
1671 1496 1 30 |

1314 1538 2 25 |
1671 1530 1 32 |

1043 1617 54 22 1933]
1115 1618 36 21 181
1156 1613 18 36 |
1175 1618 40 21 2821
1229 1619 40 20 459]
1287 1619 21 20 11]
1326 1630 28 2 —]
1388 1619 13 20 2
1468 1620 40 20 280
1574 1618 34 21 40:
1620 1620 24 19 40
1654 1618 55 21 dl/43:
1720 1618 49 21 66
1749 1613 23 35 d

1175 1648 40 21 286)
1229 1648 38 21 461

1175 1678 40 20 287

1175 1707 40 21 288
1314 1707 2 17 I
