1841 2353
768 152 224 18 SAKREGISTER

1640 151 41 21 375

96 444 69 21 Enkla
179 445 75 26 frågor.

94 475 41 20 AK

94 505 32 20 Nr
138 490 29 34 19
183 504 58 26 (herr
256 504 120 25 Jacobson):
392 504 55 26 Ang.
464 504 201 26 hempermittering
681 510 28 14 av
724 504 136 26 erforderligt
874 504 61 20 antal

122 534 150 20 mobiliserade
288 534 171 26 skogsarbetare.

94 593 31 20 Nr
139 593 27 20 20
181 593 58 26 (herr
253 593 96 25 Hagberg
362 593 6 19 i
383 592 97 26 Malmö):
495 592 54 26 Ang.
566 593 37 19 det
617 592 174 21 hittillsvarande
807 593 86 20 utfallet
907 599 27 14 av

122 623 41 20 den
180 629 28 14 av
225 622 80 20 urtima
323 622 42 20 RD
382 622 112 20 beslutade
512 622 150 26 förhöjningen
680 628 28 14 av
724 622 64 27 sprit-
804 623 39 19 och
860 623 75 20 vinbe-

122 652 148 26 skattningen.

94 712 31 20 Nr
139 712 22 19 21
181 712 58 25 (herr
251 712 129 25 Lithander):
395 712 55 25 Ang.
465 713 84 18 statens
563 712 146 19 automatiskt
723 712 100 20 växande
837 712 96 26 utgifter.

95 771 31 20 Nr
139 772 27 19 22
180 771 58 26 (herr
251 771 103 20 Karlsson
368 771 7 20 i
388 771 133 25 Munkedal):
536 771 55 26 Ang.
606 771 121 20 beredande
741 777 28 14 av
783 771 60 26 hjälp
857 771 6 20 i
877 771 57 21 vissa

122 801 122 20 avseenden
259 801 24 19 åt
297 800 123 21 nödställda
435 801 86 19 fiskare.

95 860 31 20 Nr
141 860 26 20 23
183 860 58 26 (herr
257 860 128 26 Brädefors):
402 860 54 26 Ang.
473 860 136 20 tillsättande
624 866 28 14 av
668 866 25 14 en
710 860 91 20 särskild
817 860 118 20 undersök-

122 889 203 27 ningskommission
342 890 6 20 i
364 889 42 21 anl.
423 896 28 14 av
467 890 40 20 den
524 890 86 26 nyligen
626 890 116 20 inträffade
760 890 95 20 branden
871 890 6 20 i
892 890 43 20 tid-

122 920 78 25 ningen
216 920 238 20 Norrskensflammans
468 919 81 21 lokaler
563 920 5 19 i
583 919 73 21 Luleå.

95 979 31 20 Nr
142 979 27 20 24
186 979 58 26 (herr
261 985 38 14 von
317 979 64 26 Seth):
399 979 54 26 Ang.
472 979 78 20 förbud
568 979 33 20 för
617 979 174 20 landsförrädare
808 981 34 18 att
859 979 52 21 sitta
928 980 7 20 i

123 1009 97 26 Sveriges
233 1009 43 20 RD
290 1010 57 19 samt
360 1014 49 21 ang.
423 1009 78 20 förbud
514 1009 34 20 för
560 1009 173 20 landsförrädare
746 1010 34 19 att
794 1009 91 20 bekläda
899 1009 36 20 be-

122 1039 122 26 fattningar
258 1039 6 19 i
280 1039 38 19 det
332 1039 121 20 allmännas
468 1038 76 26 tjänst.

95 1098 31 20 Nr
135 1098 26 20 25
171 1098 57 26 (herr
237 1104 38 14 von
286 1098 63 26 Seth):
359 1098 55 26 Ang.
425 1098 111 26 omfånget
545 1098 39 20 och
593 1100 62 18 arten
664 1104 28 14 av
702 1098 40 20 den
752 1098 182 21 kommunistiska

122 1128 167 20 verksamheten
303 1128 6 19 i
322 1128 86 26 Sverige
421 1128 49 20 med
484 1128 86 26 ledning
583 1134 28 14 av
624 1128 37 20 det
673 1128 37 20 vid
723 1128 84 20 razzian
821 1128 6 20 i
840 1128 94 20 februari

122 1158 96 20 erhållna
234 1157 129 20 materialet.

95 1217 31 20 Nr
141 1217 26 20 26
183 1218 58 26 (herr
254 1217 122 27 Lindskog):
392 1217 55 27 Ang.
463 1217 120 20 eventuellt
598 1217 78 20 förbud
692 1219 46 18 mot
754 1218 115 20 befordran
885 1218 49 20 med

122 1249 76 24 posten
213 1253 29 14 av
255 1247 111 26 tidningen
382 1247 91 20 Kalmar
487 1247 57 20 Läns
558 1247 101 20 Kuriren.

94 1307 31 20 Nr
136 1307 26 20 27
174 1307 58 26 (herr
244 1307 73 20 Olsson
330 1307 6 19 i
348 1307 142 25 Stockholm):
503 1307 55 26 Ang.
571 1307 54 20 visst
636 1307 49 20 med
698 1307 40 20 den
750 1307 86 26 nyligen
848 1313 87 21 genom-

121 1337 62 20 förda
195 1337 166 26 ransoneringen
373 1343 28 14 av
412 1337 59 20 kaffe
483 1337 40 20 och
534 1338 21 18 te
567 1337 214 26 sammanhängande
792 1337 141 20 förhållande.

94 1396 31 20 Nr
137 1396 27 20 28
178 1396 58 26 (herr
246 1396 133 26 Lindmark):
393 1396 55 26 Ang.
461 1396 60 20 tiden
535 1396 34 20 för
581 1396 164 27 utbetalningen
758 1402 28 14 av
799 1396 76 27 bidrag
887 1397 47 20 från

122 1426 148 20 innevarande
284 1426 117 26 budgetårs
415 1426 75 26 anslag
503 1426 33 20 till
550 1426 201 26 vägförbättringar
764 1426 39 20 och
818 1426 117 27 nyanlägg-

122 1456 52 26 ning
186 1462 29 14 av
227 1458 74 24 vägar.

95 1515 31 20 Nr
139 1515 27 20 29
180 1515 59 26 (herr
253 1515 130 26 Holmbäck):
398 1515 55 26 Ang.
467 1515 133 26 vidtagande
614 1521 29 14 av
656 1515 77 27 åtgärd
747 1515 34 21 för
794 1516 91 26 generell
899 1516 36 20 be-

122 1544 70 21 frielse
211 1545 32 20 för
261 1545 100 20 skolorna
379 1545 48 20 från
445 1545 268 26 återläsningsskyldighet
731 1545 6 20 i
755 1545 43 20 anl.
816 1551 28 14 av
862 1547 73 25 stäng-

123 1574 78 27 ningen
215 1574 69 20 under
296 1575 53 19 febr.
364 1574 38 21 och
415 1580 58 15 mars
486 1574 146 21 innevarande
645 1575 30 19 år.

95 1634 31 20 Nr
139 1634 27 20 30
180 1634 58 25 (herr
251 1634 133 26 Magnusson
399 1634 6 20 i
420 1634 101 25 Skövde):
536 1634 54 26 Ang.
605 1634 158 26 bedömningen
777 1640 28 14 av
819 1635 57 19 årets
890 1636 45 19 stu-

123 1663 197 27 dentskrivningar.

95 1723 31 20 Nr
139 1723 24 20 31
180 1723 58 26 (herr
252 1723 32 20 De
298 1723 65 26 Geer):
378 1723 54 27 Ang.
448 1723 130 27 brytningen
591 1723 37 20 vid
642 1725 72 19 staten
728 1724 108 26 tillhöriga
850 1724 85 27 fyndig-

122 1753 62 20 heter
196 1759 29 14 av
237 1753 62 26 guld-
312 1753 40 20 och
365 1753 175 27 kopparförande
553 1753 125 20 kismalmer
690 1753 7 20 i
710 1754 115 23 Norrland,
839 1760 28 14 m.
877 1759 29 15 m.

95 1813 31 19 Nr
139 1812 26 20 32
179 1813 58 26 (herr
249 1813 133 26 Magnusson
396 1813 7 19 i
415 1813 121 25 Tumhult):
553 1813 8 20 I
574 1813 43 20 anl.
631 1819 28 14 av
672 1813 26 20 de
711 1813 119 24 händelser,
844 1819 46 15 som
903 1813 32 20 in-

122 1842 95 20 träffade
229 1842 6 20 i
246 1842 103 27 Ljungby
360 1843 49 20 stad
421 1843 40 19 den
476 1842 7 20 1
497 1843 43 26 maj
555 1843 52 20 1940
618 1843 6 20 i
635 1843 106 20 samband
753 1843 49 20 med
813 1845 33 18 ett
857 1843 39 20 där
906 1849 29 14 av

123 1872 142 26 statsfientlig
280 1872 197 26 sammanslutning
491 1872 108 21 anordnat
614 1873 112 20 folkmöte.

96 1931 31 20 Nr
136 1931 26 20 33
172 1932 58 25 (herr
239 1932 120 19 Andersson
369 1932 6 19 i
386 1931 106 26 Dunker):
505 1932 8 19 I
523 1932 42 19 anl.
575 1938 28 14 av
613 1932 110 26 pågående
733 1932 202 20 militärinkallelser

124 1961 66 20 bland
203 1961 279 26 jordbruksbefolkningen.

96 2020 32 20 Nr
141 2020 26 20 34
181 2020 58 26 (herr
252 2020 92 21 Jonsson
358 2020 7 20 i
380 2020 143 27 Skedsbygd):
537 2021 55 26 Ang.
608 2021 122 20 ordnandet
742 2027 28 14 av
784 2021 150 27 bevakningen

124 2056 28 14 av
166 2050 57 20 vissa
239 2051 80 19 smärre
334 2050 242 27 sprängämnesupplag.

1217 226 108 29 Utskotts-
1387 226 65 29 Riks-
1532 248 6 3 å

1013 252 49 33 Kungl.
1123 278 3 4 :
1207 255 128 28 utlåtanden,
1391 255 69 29 dagens
1519 248 117 34 FERPTATARS

1017 286 52 18 Maj:te]
1081 278 92 16 Motioner]
1200 290 96 16 memorial
1309 290 44 16 eller
1360 274 21 40 |
1402 290 45 16 skri-
1509 278 141 20 förhandlingar

961 310 27 20 År
1016 320 50 14 Åpropir
1211 320 132 16 betänkanden
1347 311 31 35 |
1394 320 60 16 velser
1535 307 88 21 (protinr)

1024 346 36 14 eller
1080 356 49 2 J—

1016 376 55 14 SRTIVSEL
1084 386 33 16 for
1135 386 35 16 VARE
1191 374 16 50 Ä
1233 373 16 50 Z
1274 386 90 16 Nummer
1361 382 9 30 |
1381 387 90 16 Nummer
1501 370 62 48 bragd
1612 370 48 48 orake

1223 439 2 34 |

953 505 104 21 KINGS
1092 518 26 2 oe
1146 518 27 2 fr
1194 518 68 2 EON
1270 500 18 44 Sr
1311 519 27 2 paea
1417 518 28 2 —
1518 519 28 2 SE
1610 506 54 20 re

953 594 52 20 1940]
1029 607 28 2 —
1063 590 31 34 I
1091 607 28 2 —I
1145 607 117 3 —Il—1—
1418 607 27 2 —
1518 608 28 2 —
1611 595 53 20 11:65

953 713 52 20 19401
1029 725 28 3 —
1076 709 7 34 1]
1091 726 27 2 —1
1145 726 117 2 —l—-—
1311 727 27 2 —
1417 726 28 2 —
1518 726 28 3 —
1610 714 32 20 110

952 773 53 19 1940]
1029 785 28 2 —
1075 769 8 33 |]
1091 785 28 3 —I
1145 785 116 3 —]—|—
1311 770 13 33 -—
1418 785 27 3 —
1518 786 28 3 —
1610 773 54 21 11:9

953 862 52 20 1080)
1029 874 28 3 E=—5
1068 858 30 39 i
1145 874 117 3 a
1310 875 28 3 ne
1417 875 28 2 2
1518 875 28 3 —
1610 863 54 20 17:3

953 981 104 20 13501
1145 993 117 3 Sa
1233 975 31 45 SR
1518 994 28 3 SN
1576 971 37 45 EE
1610 982 54 20 VO

952 1099 53 21 1940]
1029 1112 27 3 —
1068 1095 23 35 I
1097 1112 21 3 —I1
1145 1112 117 3 —Il—-—-
1310 1113 28 3 —
1417 1113 28 2 —
1518 1113 28 3 —
1610 1101 67 20 TRA

952 1219 53 20 1940
1028 1231 28 3 —
1075 1215 7 34 1]
1090 1231 172 3 —Il—l——
1310 1233 28 2 —
1417 1232 28 3 —
1518 1233 27 2 —
1608 1220 54 20 22:1

954 1308 51 20 1940]
1029 1321 233 3 —]—1—l]—-—
1310 1322 28 2 —
1417 1321 28 3 —
1518 1322 27 2 —
1608 1310 34 20 22:
1648 1306 10 34 4

953 1398 52 20 1940]
1029 1410 28 2 —
1070 1394 22 34 1
1091 1410 28 2 —1
1145 1410 117 3 —]-——
1310 1411 28 2 —
1417 1411 28 2 —
1518 1411 27 2 —
1608 1399 56 20 24:3

953 1516 104 21 90
1145 1529 117 3 ER
1417 1530 28 2 —
1456 1506 35 46 |
1518 1518 146 20 Slag

953 1635 52 20 1940]
1029 1648 28 2 —
1072 1631 13 34 |]
1091 1648 24 2 —]I]
1145 1648 116 3 —]—]—
1310 1649 28 2 —
1417 1649 27 3 —
1517 1648 29 3 —
1608 1637 33 20 24:
1653 1638 10 19 5

953 1724 52 21 19401
1029 1737 233 3 —J—l—---
1350 1714 53 49 Jo
1454 1714 53 49 Jo
1517 1738 28 2 —
1561 1714 32 49 |
1608 1726 55 21 249

953 1814 52 20 1940]
1029 1826 28 4 —
1072 1810 13 34 |]
1090 1826 28 3 —]
1145 1827 117 3 —]—-—
1310 1827 28 3 —
1416 1827 29 3 —
1517 1827 28 3 —
1607 1815 34 21 30:
1653 1818 10 17 2

953 1932 53 21 1940
1029 1945 28 3 —
1075 1928 8 35 1]
1091 1945 28 3 —|
1145 1945 117 3 —]——
1310 1945 28 4 —
1416 1946 28 2 —
1517 1946 28 3 —
1607 1934 34 21 30:
1652 1936 11 18 3

953 2022 53 20 19401
1061 2010 29 50 ll
1091 2034 171 4 —l—-l--
1352 2034 1 4 I
1417 2034 28 4 —
1474 2010 10 50 |)
1517 2035 28 3 —
1558 2010 32 50 |
1608 2022 55 22 30:9
