1849 2351
781 150 223 18 SAKREGISTER

1654 151 41 20 339

108 441 143 20 Dövstumma.

148 472 71 19 staten
236 471 71 20 finner
322 471 31 26 sig
370 477 51 14 vara
438 471 6 20 i
461 472 77 23 behov,
555 472 46 19 däri
616 472 82 25 jämväl
715 472 124 26 inbegripen
856 472 40 20 den
913 472 33 20 för

149 501 140 20 dövstumma
310 501 65 20 barns
394 501 183 20 sommarvistelse
597 501 95 21 avsedda
713 501 132 27 egendomen
865 502 81 26 Vejby-

148 530 75 20 strand
240 530 69 26 jämte
327 530 73 21 därtill
416 531 96 20 hörande
529 531 31 20 lös
577 531 112 26 egendom,
707 531 44 20 dels
768 533 35 19 att
819 533 72 19 staten
908 532 37 20 vid

148 560 159 26 övertagandet
321 566 29 14 av
365 560 285 27 dövstumundervisningen
666 563 55 18 även
736 561 56 20 skall
805 567 92 14 ansvara
913 562 33 19 för

148 590 147 19 kostnaderna
311 590 33 19 för
359 590 66 20 redan
441 590 108 26 utgående
564 591 114 25 pensioner
692 590 34 20 till
740 591 15 20 f.
765 591 21 20 d.
802 591 144 26 befattnings-

149 619 79 20 havare
245 619 37 20 vid
299 619 212 24 dövstumskolorna,
528 620 45 20 dels
590 620 39 20 ock
645 622 35 18 att
696 620 132 27 statsbidrag
844 620 32 20 till
893 621 53 20 döv-

148 649 208 20 stumskoldistrikts
368 649 191 21 barndomsskolor
571 650 39 20 och
622 650 33 20 till
666 650 34 20 för
712 650 139 20 dövstumma
864 650 81 20 avsedd

148 679 125 20 lantbruks-
288 679 50 20 eller
353 679 180 20 hantverksskola
549 680 35 19 må
600 680 68 20 under
683 680 129 26 budgetåret
828 680 117 26 1937/1938

149 709 51 26 utgå
217 708 68 20 under
299 709 165 26 förutsättning,
480 711 35 18 att
528 709 132 27 ledigblivna
676 709 44 21 ord.
736 710 149 26 befattningar
899 710 46 20 icke

148 739 146 19 återbesättas
309 739 48 19 med
373 739 44 20 ord.
432 739 131 20 innehavare
578 739 39 20 och
631 741 35 18 att
680 745 43 20 nya
737 740 45 20 ord.
797 739 149 27 befattningar

149 768 46 20 icke
206 768 100 24 inrättas,
317 770 58 18 samt
385 770 35 19 att
431 768 46 21 icke
488 769 66 26 några
566 769 81 20 sådana
658 769 117 26 ändringar
784 769 101 27 vidtagas
896 770 48 20 med

149 798 107 20 avseende
268 799 11 19 å
293 798 40 20 den
347 798 126 20 nuvarande
485 799 138 26 personalens
635 799 158 26 löneställning,
806 805 46 14 som
864 799 34 20 för
909 800 37 19 be-

149 828 63 20 rörda
229 828 98 26 personal
344 828 96 20 medföra
457 830 45 18 rätt
517 828 34 20 till
567 829 69 20 ökade
652 829 158 20 löneförmåner
826 830 77 19 utöver
919 829 25 20 de

149 857 126 20 nuvarande
290 857 34 20 för
338 858 59 19 tiden
413 858 55 20 efter
483 858 41 20 den
540 858 9 20 1
566 858 39 26 juli
622 858 59 21 1938.

109 919 10 17 5
134 917 40 19 Till
187 917 149 25 befrämjande
349 923 28 14 av
390 917 285 27 dövstumundervisningen
688 918 87 20 anvisas
787 920 33 18 ett
831 918 74 26 anslag
917 924 28 14 av

150 946 38 20 175
197 946 41 20 000
249 947 32 19 kr.
294 947 32 25 (f).

111 1039 7 16 1
135 1036 42 19 RD
192 1036 87 20 anvisar
293 1036 31 19 till
340 1036 75 26 bidrag
430 1036 32 20 till
475 1036 93 27 Tidning
582 1037 33 20 för
629 1037 139 20 dövstumma
783 1039 33 18 ett
829 1037 74 26 anslag
917 1043 27 14 av

149 1065 60 20 1000
223 1065 32 20 kr.
275 1068 57 17 samt
347 1065 31 20 till
393 1066 76 26 bidrag
483 1066 32 20 till
531 1066 95 21 Svenska
642 1067 124 26 föreningen
780 1067 34 20 för
828 1067 67 20 dövas
910 1067 34 20 väl

149 1097 33 18 ett
194 1095 74 26 anslag
281 1101 27 14 av
321 1096 12 19 8
342 1095 41 20 000
396 1096 31 19 kr.

109 1158 10 16 [

136 1155 41 19 RD
192 1155 101 24 besluter,
308 1156 34 19 att
356 1155 33 20 för
403 1155 141 20 meddelande
558 1161 28 15 av
600 1156 155 26 undervisning
768 1156 24 20 åt
805 1156 139 20 dövstumma

149 1184 138 27 skolpliktiga
299 1185 53 20 barn
364 1191 28 14 m.
402 1185 23 20 fl.
437 1185 56 20 vissa
505 1185 72 20 skolor
587 1185 26 21 fr.
624 1192 18 14 o.
652 1192 29 14 m.
693 1186 41 20 den
747 1186 9 20 1
768 1186 40 26 juli
821 1186 52 21 1938
884 1186 60 20 skola

149 1220 51 14 vara
216 1214 124 20 anordnade
355 1217 58 18 samt
427 1216 34 19 att
475 1215 34 20 för
523 1215 123 27 utbildning
660 1222 28 14 av
703 1216 67 20 lärare
785 1216 33 20 för
832 1216 112 20 dövstum-

150 1244 180 26 undervisningen
344 1244 54 20 skall
412 1245 160 26 upprätthållas
584 1247 34 18 ett
630 1246 139 19 seminarium
782 1245 37 20 vid
832 1246 113 20 dövstum-

148 1274 60 20 skola
222 1274 39 20 och
273 1274 127 26 godkänner
413 1275 41 19 RD
468 1275 237 26 personalförteckning
717 1277 57 18 samt
786 1275 159 27 avlöningsstat

148 1304 33 19 för
199 1305 83 18 statens
301 1304 152 20 läroanstalter
470 1304 34 21 för
522 1304 147 25 dövstumma;
689 1305 39 20 och
746 1305 88 20 anvisar
851 1305 43 20 RD
912 1305 32 20 till

148 1333 152 20 läroanstalter
316 1333 33 20 för
365 1334 147 20 dövstumma:
529 1335 128 26 avlöningar
672 1336 33 19 ett
721 1335 75 26 anslag
811 1341 29 14 av
855 1335 41 20 829
907 1335 38 20 100

149 1364 30 19 kr.
194 1363 33 26 (f),
240 1363 33 20 till
286 1363 153 21 läroanstalter
451 1364 33 20 för
497 1364 147 21 dövstumma:
659 1365 155 20 omkostnader
826 1367 33 18 ett
871 1365 75 26 anslag

148 1399 28 14 av
193 1393 40 20 467
242 1393 42 20 000
301 1393 32 20 kr.
352 1393 32 26 (f),
404 1393 32 20 till
453 1394 153 20 läroanstalter
622 1394 34 20 för
673 1394 147 21 dövstumma:
838 1401 58 14 resor
913 1395 33 20 för

148 1423 224 20 dövstumskolelever
383 1423 69 26 jämte
464 1423 120 26 åtföljande
597 1424 91 20 vårdare
700 1426 33 18 ett
744 1424 75 26 anslag
831 1430 27 14 av
872 1424 25 20 12
905 1424 41 20 000

149 1453 31 19 kr.
194 1452 33 26 (f),
242 1452 31 20 till
286 1452 153 21 läroanstalter
451 1453 34 20 för
497 1453 147 21 dövstumma:
658 1454 118 26 stipendier
788 1454 23 20 åt
823 1454 57 20 vissa
894 1454 52 20 fort-

148 1482 249 26 sättningsskolpliktiga
410 1483 70 19 elever
492 1484 33 19 ett
537 1483 75 26 anslag
624 1489 28 14 av
666 1484 25 19 10
700 1483 41 20 000
753 1484 32 20 kr.
799 1484 34 26 (r),
847 1484 32 20 till
892 1484 55 20 läro-

149 1512 106 20 anstalter
280 1512 33 20 för
339 1512 147 21 dövstumma:
513 1513 119 20 understöd
658 1514 23 19 åt
707 1513 101 20 blivande
834 1514 113 19 dövstum-

150 1542 66 19 lärare
232 1543 33 18 ett
279 1542 74 25 anslag
368 1548 28 14 av
410 1542 62 20 4000
487 1543 32 20 kr.
534 1543 35 25 (r),
584 1543 71 20 såsom
670 1543 76 26 bidrag
760 1543 33 20 till
807 1543 102 26 avlöning
923 1544 24 19 åt

150 1571 56 20 vissa
221 1571 27 26 på
263 1571 185 26 indragningsstat
461 1572 39 20 hos
513 1572 111 27 landsting
637 1579 29 14 m.
675 1573 23 20 fl.
712 1573 108 26 uppförda
835 1573 112 20 dövstum-

150 1601 66 20 lärare
236 1603 33 18 ett
288 1602 75 25 anslag
382 1608 28 14 av
430 1601 62 21 5000
511 1603 32 19 kr.
564 1602 33 26 (f),
614 1603 71 20 såsom
702 1603 75 26 bidrag
793 1603 33 20 till
842 1603 106 20 förskolor

150 1631 39 20 och
205 1631 97 20 skolhem
318 1632 33 19 för
367 1631 139 21 dövstumma
523 1632 53 20 barn
592 1634 33 18 ett
640 1632 75 27 anslag
730 1639 29 14 av
776 1632 24 20 16
808 1632 41 21 000
865 1633 32 20 kr.
913 1633 33 25 (f),

149 1661 71 19 såsom
230 1661 77 26 bidrag
316 1661 33 20 till
358 1661 193 21 kursverksamhet
560 1668 29 14 m.
599 1668 29 14 m.
638 1662 34 20 för
681 1662 139 21 dövstumma
831 1664 33 19 ett
873 1662 74 27 anslag

149 1697 27 13 av
193 1690 74 21 17500
282 1691 31 20 kr.
329 1691 27 26 (r)
371 1693 57 18 samt
442 1692 71 19 såsom
528 1692 75 26 bidrag
617 1692 33 20 till
664 1692 68 26 Tysta
746 1692 76 21 skolan
836 1693 6 19 i
857 1692 90 27 Lidingö

149 1722 33 18 ett
194 1720 75 27 anslag
281 1727 28 13 av
324 1720 24 20 10
357 1721 41 20 000
411 1722 40 23 kr.;
465 1721 39 20 och
516 1722 127 25 godkänner
656 1722 42 20 RD
711 1722 237 27 personalförteckning

149 1752 58 18 samt
228 1750 161 26 avlöningsstat
410 1751 33 20 för
464 1751 217 27 dövstumprästerna
704 1752 38 20 och
765 1752 183 20 dövstumkonsu-

150 1780 104 23 lenterna;
276 1780 40 20 och
338 1781 87 19 anvisar
448 1781 41 20 RD
511 1781 32 20 till
564 1782 189 26 dövstumpräster
775 1782 39 20 och
836 1782 113 20 dövstum-

150 1810 145 20 konsulenter:
314 1810 128 26 avlöningar
459 1812 33 19 ett
510 1811 75 26 anslag
602 1817 29 14 av
648 1811 27 20 28
684 1811 41 21 800
742 1812 32 20 kr.
794 1811 33 27 (f),
845 1812 33 20 till
896 1812 52 20 döv-

149 1841 145 24 stumpräster.
314 1840 39 20 och
375 1840 251 21 dövstumkonsulenter:
648 1841 154 20 omkostnader
821 1843 34 18 ett
874 1841 74 26 anslag

149 1876 28 13 av
193 1869 24 19 16
226 1869 41 20 500
280 1870 32 19 kr.
327 1870 33 25 (f);
375 1870 39 19 och
429 1870 142 26 bemyndigar
584 1870 43 20 RD
641 1871 64 20 KM:t
718 1872 34 19 att
764 1872 52 25 taga
830 1871 37 20 det
880 1872 69 19 under

152 1899 44 19 11:e
205 1899 41 20 HT
254 1899 107 26 uppförda
370 1900 190 26 förslagsanslaget
567 1900 33 20 till
609 1900 83 20 diverse
701 1901 114 26 pensioner
823 1901 39 20 och
871 1901 78 20 under-

150 1928 49 20 stöd
209 1934 29 14 m.
248 1935 29 13 m.
288 1929 5 19 i
304 1929 94 26 anspråk
409 1929 33 20 för
452 1930 139 20 bestridande
601 1936 28 14 av
639 1930 45 20 dels
694 1936 28 14 av
731 1931 94 25 angivna
835 1931 113 26 pensioner

150 1958 39 20 och
210 1958 200 26 tilläggspensioner
430 1959 31 20 till
480 1959 57 20 vissa
557 1959 157 21 förutvarande
733 1960 215 26 befattningshavare

150 1987 36 20 vid
204 1988 378 27 dövstumundervisningsväsendet
598 1989 39 20 och
655 1989 61 20 deras
732 1989 155 24 efterlevande,
904 1990 45 19 dels
970 1992 4 4 |”

150 2017 40 20 ock
206 2017 89 26 pension
311 2017 33 20 till
360 2018 82 20 läraren
459 2018 6 20 i
481 2018 112 21 skrädderi
609 2019 37 20 vid
663 2019 179 20 dövstumskolan
859 2019 6 20 i
882 2019 67 21 Gävle

151 2047 23 20 L.
187 2047 22 20 F.
223 2047 123 26 Rehnqvist
357 2048 48 19 med
418 2048 85 26 belopp,
516 2054 44 14 som
574 2048 63 21 KM:t
648 2049 71 20 finner
729 2049 80 26 skäligt
821 2050 126 23 bestämma;

975 308 26 20 År

1027 254 55 18 Kungl.

1030 284 52 18 Maj:ts]

1029 317 50 15 propir

1037 344 36 14 eller

1029 374 54 14 skriv:r|

1095 276 91 16 Motioner

1242 228 96 17 Utskotts-

1230 258 118 19 utlåtanden,

1214 288 94 17 memorial
1321 288 44 17 eller

1224 318 132 17 betänkanden

1411 229 54 16 Riks-

1403 259 70 20 dagens

1414 289 46 16 skri-

1407 319 59 16 velser

1534 247 116 17 Kamrarnas

1521 277 141 20 förhandlingar

1548 306 87 21 (prot.nr)

1096 384 34 16 FK

1147 384 36 16 AK

1286 384 90 17 Nummer

1204 365 16 57 Saml.

1246 379 15 43 Avd.

1393 384 91 17 Nummer

1609 373 64 16 Andra

1606 397 70 16 kamm.

1506 373 65 16 Första

1505 397 70 16 kamm.

960 472 56 21 1937

963 918 53 20 1937

963 1037 53 20 1938

964 1156 52 20 1938

1094 1157 40 20 267

1095 1187 39 20 285

1148 1156 40 20 392

1148 1186 40 21 415

1210 1037 12 19 6
1245 1049 27 3 1—]
1293 1038 12 20 8
1320 1040 58 19 s.117

1209 1156 13 19 61
1245 1157 74 19 —1116

1386 920 12 20 NN

1400 920 17 20 2

1416 920 10 19 är

1413 1039 13 20 8
1440 1040 45 18 5.57

1493 920 32 20 29:
1536 922 25 18 30
1593 921 33 20 129:
1637 923 25 18 36

1493 1039 33 20 23:
1537 1041 24 17 85
1593 1040 33 20 122:
1638 1042 24 18 67

1493 1158 33 20 31:
1537 1160 23 17 51
1572 1158 113 22 dl31:102d
