1865 2367
167 162 41 21 342

864 164 224 17 SAKREGISTER

186 485 13 19 3

191 1472 7 17 HH

189 1591 10 11 No

190 1740 8 17 -

189 1859 10 17 [<A

189 455 137 20 Ecklesiastik
340 455 52 26 jord.

215 485 42 19 RD
267 486 90 25 antager
366 485 33 20 för
408 485 32 20 sin
451 485 33 20 del
494 485 136 20 ecklesiastik
640 485 188 26 boställsordning,
839 485 33 26 lag
882 491 49 20 ang.
941 485 82 20 ändrad

228 515 80 25 lydelse
322 521 28 14 av
364 515 12 20 2
390 515 50 26 kap.
455 515 12 20 7
481 515 10 25 $
504 515 61 26 lagen
580 515 41 20 den
637 515 25 20 14
675 515 47 26 juni
737 515 52 20 1907
804 515 34 26 (nr
851 515 33 24 36,
899 515 39 20 sid.
954 515 20 26 1)
989 521 34 14 om

229 545 163 26 nyttjanderätt
411 545 31 20 till
459 545 43 20 fast
520 545 111 26 egendom,
650 545 34 26 lag
701 550 48 21 ang.
768 545 82 20 ändrad
868 545 80 26 lydelse
966 551 28 14 av
1011 545 12 20 2

228 575 10 24 $
253 575 43 25 9:0)
312 575 62 26 lagen
391 574 41 21 den
448 575 26 20 26
490 575 43 26 maj
553 575 52 20 1909
621 581 35 14 om
673 575 73 20 KM:ts
762 575 160 26 regeringsrätt,
938 575 35 26 lag
989 581 34 14 om

228 604 83 21 ändrad
322 605 80 25 lydelse
413 611 28 14 av
455 605 16 23 1,
483 605 13 19 2
507 605 38 20 och
557 605 12 20 6
580 605 20 25 $$
612 605 5 19 i
628 605 61 26 lagen
701 605 41 20 den
753 605 12 19 4
776 605 44 26 jan.
834 605 52 20 1927
897 605 34 26 (nr
944 605 19 26 1)
974 610 48 21 ang.

228 634 98 21 tillstånd
339 634 32 20 till
384 635 127 26 försäljning
522 641 28 14 av
562 635 86 26 kyrklig
659 635 48 26 jord
720 635 6 20 i
738 635 56 20 vissa
807 634 37 21 fall
856 636 57 19 samt
925 635 33 20 till
970 641 54 20 upp-

229 664 73 20 låtelse
320 671 29 13 av
367 665 67 20 sådan
452 665 48 26 jord
519 665 69 20 under
606 666 110 22 tomträtt,
735 665 34 26 lag
787 671 35 14 om
840 664 131 27 kyrkofond,
989 665 35 26 lag

227 699 49 22 ang.
286 694 92 27 ändring
388 695 6 19 i
403 695 57 20 vissa
470 695 59 20 delar
537 701 28 14 av
575 695 61 26 lagen
646 695 41 20 den
697 695 12 20 9
719 694 45 21 dec.
776 694 52 21 1910
838 694 34 27 (nr
882 695 46 23 141,
938 695 40 20 sid.
988 695 35 26 27)

228 730 35 14 om
276 724 105 27 reglering
393 730 29 14 av
435 725 172 26 prästerskapets
620 724 109 27 avlöning,
743 724 34 27 lag
790 730 35 14 om
838 724 92 27 ändring
942 724 7 21 i
962 724 61 27 lagen

228 754 41 20 den
285 754 27 20 30
327 759 49 22 aug.
394 754 52 21 1918
462 754 35 26 (nr
512 754 48 27 724)
576 760 49 21 ang.
641 754 223 27 krigstidsunderstöd
880 755 23 19 åt
918 756 84 25 präster
1017 754 6 20 i

228 784 139 27 nyreglerade
381 786 99 24 pastorat
494 786 57 18 samt
565 785 24 19 åt
602 784 57 21 vissa
674 790 17 14 e.
707 790 18 14 o.
741 786 84 24 präster
839 785 39 20 och
892 784 132 20 innehavare

228 820 28 14 av
270 814 127 26 prästerliga
412 814 151 24 emeritilöner,
578 814 34 26 lag
627 820 34 14 om
676 814 83 20 ändrad
774 814 80 26 lydelse
868 820 29 14 av
911 814 12 20 3
938 815 10 25 $
962 814 61 26 lagen

228 844 41 20 den
284 844 24 20 21
326 850 50 14 nov.
393 844 52 20 1925
460 844 34 26 (nr
508 844 50 26 455)
572 849 49 21 ang.
636 844 106 20 särskilda
757 844 123 26 lönetillägg
895 843 129 27 (ödebygds-

227 874 84 26 tillägg)
335 874 38 20 vid
397 874 57 20 vissa
478 873 126 27 prästerliga
628 874 149 26 befattningar
800 874 58 20 inom
883 874 141 20 Härnösands

228 904 40 20 och
280 903 66 21 Luleå
358 903 55 24 stift,
426 904 35 26 lag
472 909 49 21 ang.
534 904 84 20 ändrad
629 904 80 26 lydelse
721 910 29 14 av
761 904 13 20 2
786 904 9 25 $
807 904 62 26 lagen
881 904 42 20 den
935 904 24 20 21
973 910 50 14 nov.

229 933 53 21 1925
292 933 35 26 (nr
336 933 50 26 449)
396 940 36 14 om
441 933 109 27 resanslag
559 934 23 20 åt
591 933 58 21 vissa
659 935 84 25 präster
752 934 6 19 i
769 933 139 27 nyreglerade
918 935 105 25 pastorat,

228 963 34 27 lag
272 968 49 22 ang.
333 963 83 21 ändrad
427 963 80 26 lydelse
518 969 28 14 av
556 964 13 20 2
579 964 10 25 $
600 963 61 27 lagen
672 963 41 21 den
726 963 24 20 17
762 963 45 21 dec.
820 963 52 21 1926
883 963 35 26 (nr
928 963 49 26 526)
989 969 35 15 om

227 993 58 20 vissa
300 993 124 27 lönetillägg
438 993 24 20 åt
476 995 84 24 präster
574 993 6 20 i
596 993 138 27 nyreglerade
749 995 98 25 pastorat
861 993 7 20 i
879 993 42 20 anl.
932 999 29 14 av
972 993 52 20 nåd-

228 1024 119 19 årsrättens
354 1023 142 26 upphörande
504 1029 29 14 m.
542 1029 35 18 m.,
586 1023 35 26 lag
628 1028 48 21 ang.
685 1023 83 20 ändrad
776 1023 80 26 lydelse
864 1029 28 14 av
899 1023 13 20 3
920 1024 9 25 $
939 1023 8 20 1
957 1029 66 14 mom.

228 1052 61 27 lagen
298 1053 41 19 den
350 1053 24 20 13
383 1053 45 20 dec.
440 1053 51 19 1929
500 1053 34 26 (nr
542 1053 49 25 382)
600 1059 35 14 om
644 1053 131 26 provisorisk
784 1053 121 26 tilläggslön
914 1053 22 19 åt
945 1053 79 25 kyrko-

228 1082 78 20 herdar
324 1082 40 20 och
382 1082 164 21 komministrar
563 1082 6 20 i
588 1083 139 26 nyreglerade
746 1084 99 25 pastorat
863 1088 28 14 m.
911 1088 37 18 m.,
967 1084 56 18 samt

228 1112 34 26 lag
274 1118 35 14 om
321 1112 83 20 ändrad
416 1112 80 26 lydelse
507 1118 29 14 av
549 1112 24 20 13
585 1112 9 25 $
605 1113 13 19 2
630 1118 65 14 mom.
707 1112 263 26 kommunalskattelagen
982 1112 41 20 den

228 1142 26 20 28
263 1143 54 25 sept.
329 1142 60 24 1928;
399 1142 40 20 och
448 1142 96 20 anhåller
553 1142 42 20 RD
605 1143 34 19 att
648 1142 64 20 KM:t
720 1142 76 23 måtte,
807 1142 22 20 så
838 1143 61 19 snart
907 1142 117 20 förhållan-

230 1171 54 21 dena
299 1171 37 21 det
349 1171 108 27 medgiva,
471 1172 34 20 för
518 1172 42 20 RD
574 1172 118 26 framlägga
706 1172 80 26 förslag
800 1178 35 14 om
848 1172 125 26 påskyndat
986 1178 38 14 av-

228 1201 116 21 skrivande
365 1207 29 14 av
415 1202 173 26 prästerskapets
608 1201 33 20 till
662 1202 134 20 statsverket
816 1201 104 27 indragna
942 1201 80 24 tionde;

228 1231 40 20 och
289 1231 96 20 anhåller
406 1231 42 20 RD
470 1237 35 14 om
526 1231 122 26 utredning,
669 1231 41 20 hur
730 1233 112 24 prästerna
864 1231 60 20 skola
945 1231 79 21 befrias

228 1261 46 20 från
293 1261 123 26 skyldighet
432 1262 35 19 att
480 1261 84 26 erlägga
578 1261 126 20 kommunal
718 1261 176 26 fastighetsskatt
907 1261 34 20 för
954 1262 70 25 präst-

227 1291 85 26 gårdar,
328 1297 46 13 som
390 1291 101 26 upplåtas
506 1291 24 20 åt
545 1291 55 19 dem.

213 1350 43 20 AK
265 1350 72 20 avslår
345 1350 83 20 motion
439 1356 35 14 om
483 1350 122 20 beredande
614 1356 28 14 av
651 1350 35 20 lån
696 1356 25 14 ur
730 1350 151 26 kyrkofonden
891 1351 23 19 åt
923 1350 101 21 arrenda-

230 1381 56 19 torer
300 1386 28 14 av
344 1380 172 26 prästerskapets
531 1380 162 20 löneboställen.

215 1469 42 20 RD
271 1469 84 20 bifaller
368 1475 60 21 prop.
442 1469 49 20 med
504 1469 80 27 förslag
597 1469 33 20 till
642 1469 35 27 lag
690 1470 48 19 med
752 1469 125 27 ytterligare
890 1469 134 21 föreskrifter

229 1505 34 14 om
276 1499 93 26 lindring
380 1499 7 20 i
399 1499 195 20 arrendevillkoren
607 1499 33 20 för
652 1499 56 20 vissa
721 1499 150 20 arrendatorer
883 1505 28 14 av
923 1499 101 21 ecklesia-

228 1529 57 20 stika
301 1529 112 20 boställen.

213 1589 41 20 Till
271 1589 139 20 bestridande
426 1589 6 19 i
449 1589 57 20 vissa
522 1589 37 20 fall
576 1588 49 21 med
642 1588 109 21 allmänna
768 1589 69 20 medel
853 1595 28 14 av
898 1589 124 24 kostnader,

227 1618 103 21 förenade
349 1618 49 20 med
418 1618 71 27 friköp
508 1624 29 14 av
551 1618 124 27 lägenheter
690 1619 11 19 å
717 1618 87 27 kyrklig
817 1618 56 26 jord,
889 1619 86 20 anvisas
990 1620 33 19 ett

228 1650 61 18 extra
304 1648 75 26 anslag
394 1654 28 14 av
439 1648 25 20 10
472 1648 41 20 000
528 1649 31 19 kr.
576 1648 33 26 (f).

214 1738 40 20 Till
271 1738 139 20 bestridande
427 1738 5 19 i
449 1737 57 21 vissa
523 1737 37 21 fall
576 1737 48 20 med
632 1737 119 22 allmänna
768 1738 69 19 medel
854 1743 28 14 av
898 1738 125 23 kostnader,

228 1767 102 20 förenade
346 1767 50 20 med
412 1767 72 26 friköp
501 1773 28 14 av
545 1767 124 26 lägenheter
685 1767 11 20 å
714 1767 86 26 kyrklig
815 1767 56 26 jord,
888 1767 87 20 anvisas
991 1769 33 18 ett

228 1799 61 18 extra
305 1797 74 26 anslag
394 1803 28 14 av
438 1796 26 21 10
472 1796 41 21 000
527 1797 32 20 kr.
575 1797 33 26 (f).

215 1857 42 19 RD
274 1856 84 21 bifaller
373 1862 61 20 prop.
451 1861 49 22 ang.
517 1856 106 26 gäldande
639 1856 7 20 i
661 1856 57 20 vissa
735 1856 37 21 fall
788 1862 25 15 ur
829 1856 150 26 kyrkofonden
996 1863 28 14 av

229 1886 118 20 understöd
362 1886 7 20 i
381 1886 42 20 anl.
436 1892 28 14 av
476 1886 112 26 olycksfall
600 1886 6 20 i
618 1886 74 20 arbete
704 1886 13 20 å
729 1887 78 25 skogar
818 1886 33 20 till
862 1886 82 21 sådana
956 1887 68 20 eckle-

229 1916 89 20 siastika
329 1916 113 23 boställen,
454 1922 45 14 som
510 1922 62 14 avses
582 1916 7 20 i
601 1916 8 19 1
623 1916 9 25 $
643 1916 136 20 ecklesiastik
790 1916 182 26 boställsordning
982 1916 41 20 den

229 1946 26 20 30
270 1951 49 21 aug.
337 1945 59 21 1932.

216 2005 41 20 RD
272 2005 84 21 bifaller
370 2011 60 20 prop.
445 2006 49 19 med
508 2005 79 27 förslag
601 2005 33 21 till
647 2005 126 26 förordning
787 2011 34 14 om
836 2005 146 27 upphävande
996 2012 28 14 av

229 2035 57 20 vissa
306 2035 162 20 bestämmelser
486 2035 136 20 beträffande
642 2035 155 27 dispositionen
816 2041 29 14 av
863 2035 160 21 storverksträd

229 2066 57 19 samt
297 2065 26 20 ek
335 2065 39 20 och
385 2065 43 20 bok
440 2065 11 20 å
464 2065 112 24 boställen,
588 2071 46 14 som
645 2071 61 14 avses
718 2065 5 20 i
737 2065 7 20 1
758 2066 9 25 $
778 2065 136 21 ecklesiastik
926 2065 98 20 boställs-

1311 237 106 30 Utskotts-
1490 241 54 17 Riks-

1107 267 55 18 Kungl.
1215 289 3 4 i
1310 264 117 34 utlåtanden,
1482 264 70 34 dagens
1611 259 118 34 SA

1109 297 53 18 Maj:ts]
1173 289 93 16 Motioner
1292 301 95 16 Heino
1401 301 43 16 eller
1493 301 46 16 SS
1601 289 140 21 förhandlingar

1054 321 26 20 År
1108 330 51 14 Iprop:r
1303 331 132 16 betänkanden
1478 327 68 30 velser
1627 319 87 20 (pratar)

1116 357 35 14 eller

1107 386 101 26 SKER
1226 397 35 16 AK
1283 384 16 51 ä
1325 384 16 50 Z
1365 397 90 16 Nummer|
1473 397 90 16 Nummer
1584 386 59 40 Ara
1686 382 50 48 ber

1044 486 51 20 19321
1113 486 39 20 187
1153 482 19 35 |
1176 486 37 20 1941
1228 486 40 20 278)
1290 486 25 27 9
1306 482 14 35 |
1332 487 12 19 31
1387 487 13 18 8
1466 487 37 19 361
1587 487 32 20 47:
1633 489 7 17 1
1653 487 54 20 dj25:
1718 489 10 18 3
1740 488 13 19 d

1174 516 96 20 3451513-1
1376 516 24 20 12
1587 516 33 20 50:
1631 520 10 16 6
1674 517 68 20 -158:15
1754 517 12 20 d

1173 545 41 20 3481
1228 546 40 20 516
1674 546 33 20 60:
1719 549 9 16 5

1173 575 96 21 349/519-|

1173 605 91 20 351|521
1669 616 2 18 |

1173 635 40 20 355
1669 635 2 21 |

1173 665 40 20 356
1664 659 6 10 1

1043 1349 52 22 1932]
1118 1363 29 3 —
1155 1345 23 34 |
1181 1362 27 2 —
1256 1350 53 20 613
1331 1348 66 23 €ET1
1506 1364 29 3 —
1608 1364 27 2 —
1673 1351 55 20 160:
1712 1347 18 34 5

1042 1470 52 21 19331]
1117 1470 27 20 32
1154 1466 27 34 |
1180 1482 28 2 —
1210 1466 13 34 I
1234 1483 28 2 —]
1289 1470 12 20 91
1331 1470 12 19 21
1374 1471 25 20 10
1479 1471 27 21 84
1586 1471 66 20 17:33
1675 1470 31 21 |18:
1719 1473 24 17 22

1042 1589 52 22 19338)
1112 1590 40 20 1:8]
1180 1602 28 2 —I
1234 1602 27 3 —I
1288 1590 13 19 6)
1332 1589 8 20 11
1385 1591 13 20 8
1413 1592 45 18 s.16)
1493 1591 13 20 8
1520 1593 45 18 s.111
1584 1590 68 21 25:31
1674 1590 26 20 128:
1720 1592 22 17 12

1102 1621 21 20 pt
1136 1620 23 16 46

1042 1738 53 21 1934]
1112 1739 40 20 1:8]
1180 1751 27 2 —|
1235 1751 27 2 —1
1289 1739 12 20 6)
1332 1739 9 19 1)
1386 1740 13 19 8
1413 1740 46 19 s.14]
1493 1740 13 19 8
1521 1739 132 20 s.8117:29
1676 1738 65 21 18:21

1102 1770 22 19 pt
1137 1769 22 16 37|

1043 1857 53 21 1934]
1117 1857 27 21 86
1153 1853 28 36 |
1181 1870 27 2 —I
1240 1870 22 2 —I
1289 1858 52 20 91.11
1373 1858 27 20 30
1469 1858 49 20 122:
1586 1858 31 20 18:
1630 1853 77 35 104121:
1719 1859 24 18 45

1042 2006 54 20 19341
1113 2006 39 20 159
1158 2002 14 35 |
1174 2006 37 20 3111
1228 2006 74 20 554110
1304 2002 23 35 |
1324 2018 28 2 —]
1373 2006 24 20 41
1483 2006 38 20 126
1585 2007 33 20 20:
1630 2009 24 17 46
1675 2006 33 20 |21:
1720 2008 24 17 84
