1841 2355
171 70 43 20 160

186 255 185 20 BOSKILLNAD.

214 287 90 24 Ändrad
314 291 81 26 lydelse
405 297 28 14 av
444 291 61 26 lagen
516 297 34 14 om
562 291 129 24 boskillnad;
702 297 22 14 se
736 291 190 26 Giftermålsbalken
938 291 63 26 (1946
1011 291 37 26 H).

186 338 126 20 BOSTADS
324 339 232 25 BESKAFFENHET;
569 345 22 14 se
603 339 216 26 Hälsovårdsstadgan
832 339 79 26 (1943).

186 382 448 29 BOSTADSANSKAFFNINGSNÄMND;
655 393 21 13 se
699 387 118 20 Försvarets
837 386 240 27 bostadsanskaffnings-

214 416 86 20 nämnd.

185 455 298 23 BOSTADSBESTÅNDET.

213 494 42 20 AK
267 494 72 20 avslår
350 494 84 20 motion
446 499 49 21 ang.
508 494 101 26 åtgärder
621 494 33 20 för
666 496 33 18 ett
711 494 72 20 bättre
796 494 143 26 utnyttjande
952 499 28 14 av
992 493 38 20 det
1042 493 35 20 be-

185 523 86 27 fintliga
281 524 213 20 bostadsbeståndet.

185 572 245 25 BOSTADSBIDRAG;
444 578 22 14 se
482 572 180 26 Interpellationer
675 572 70 27 (1950:
758 573 39 25 62).

185 620 290 24 BOSTADSBYGGANDE;
491 626 22 13 se
532 620 221 26 Bostadsproduktion.

184 667 308 25 BOSTADSBYGGNADER,
515 668 275 20 INVESTERINGSFOND
812 662 64 30 FÖR;
900 673 21 14 se
946 667 130 21 Skatteväsen

213 697 70 27 (1944:
296 697 39 27 26).

184 745 330 25 BOSTADSFASTIGHETER,
524 745 118 21 JOBBERI
651 745 73 25 MED;
733 752 22 13 se
767 745 178 26 Interpellationer
954 745 70 26 (1948:
1037 745 39 25 35).

184 793 89 20 BOSTA
276 799 240 19 DSFÖRBÄTTRING;
525 799 21 14 se
555 793 223 26 Bostadsproduktion,
789 793 214 26 Egnahemsbildning
1011 793 65 26 (spec.

214 823 59 24 1946,
288 823 59 20 1947:
360 825 17 22 3,
393 823 26 26 6),
434 823 179 26 Interpellationer
625 823 63 26 (1944
698 823 28 20 H:
738 825 31 21 87,
784 823 52 20 1949
846 823 28 20 H:
888 823 52 26 141).

184 860 316 29 BOSTADSFÖRENINGAR;
513 871 22 13 se
550 865 137 26 Uppskjutna
700 865 89 20 ärenden
802 865 70 26 (1950:
885 865 26 25 7).

184 901 383 30 BOSTADSFÖRHÅLLANDENA,
594 906 287 25 SKOGSARBETARNAS;
908 912 21 14 se
956 906 122 26 Skogsarbe-

212 937 72 19 tarnas
299 936 234 27 bostadsförhållanden.

184 974 317 29 BOSTADSFÖRMEDLING,
526 978 206 20 OBLIGATORISK
757 978 171 23 KOMMUNAL;
953 984 21 13 se
998 977 78 26 Huyres-

211 1008 101 26 reglering
327 1008 79 26 (1950).

184 1045 326 29 BOSTADSFÖRSÖRJNING;
526 1055 22 14 se
566 1050 241 26 Bostadsproduktionen
824 1050 66 25 (spec.
910 1049 67 26 1948).

184 1091 316 24 BOSTADSGRUPPERING;
515 1097 21 13 se
553 1090 202 27 Folkpensionering
770 1090 70 27 (1948:
853 1090 26 26 2).

184 1132 303 25 BOSTADSINSPEKTION;
501 1139 21 13 se
538 1132 180 27 Interpellationer
731 1132 70 27 (1942:
813 1133 26 25 5).

184 1174 308 24 BOSTADSKOSTNADER;
504 1180 22 14 se
539 1174 70 20 Enkla
620 1174 70 26 frågor
701 1174 63 26 (1949
775 1174 27 20 H:
816 1174 39 26 16).

184 1216 355 24 BOSTADSKREDITKASSAN,
555 1215 132 21 SVENSKA.

213 1251 42 20 RD
270 1253 92 24 antager
376 1251 126 26 förordning
517 1257 48 20 ang.
582 1251 83 20 ändrad
680 1251 81 26 lydelse
776 1257 28 14 av
819 1251 32 25 $2
866 1250 153 26 förordningen
1035 1250 40 20 den

184 1281 12 20 3
210 1286 49 21 aug.
276 1281 53 20 1929
343 1281 35 26 (nr
391 1281 49 26 256)
455 1287 35 14 om
505 1281 97 20 Svenska
616 1281 243 20 bostadskreditkassan
874 1281 39 19 och
928 1286 35 14 om
977 1280 100 20 bostads-

184 1311 197 26 kreditföreningar
392 1312 58 18 samt
462 1310 95 20 besluter
568 1312 35 19 att
614 1312 73 18 staten
698 1310 55 20 skall
764 1322 28 2 —
802 1311 34 19 för
847 1310 81 26 ökning
939 1316 28 14 av
980 1309 96 20 Svenska

184 1340 255 20 bostadskreditkassans
449 1340 124 26 grundfond
582 1352 28 2 —
618 1345 78 21 genom
706 1340 136 26 fullmäktige
852 1340 6 19 i
867 1339 210 26 riksgäldskontoret

184 1370 64 20 ställa
256 1370 33 20 till
297 1370 128 26 förfogande
434 1370 92 19 svenska
535 1371 84 18 statens
628 1369 48 27 fyra
685 1370 40 19 och
733 1375 27 14 en
768 1369 52 20 halv
828 1370 91 25 procent
927 1368 149 27 obligationer,

184 1400 152 26 ouppsägbara
353 1399 48 20 från
418 1400 159 19 innehavarens
593 1399 54 23 sida,
664 1399 33 20 till
714 1400 33 19 ett
764 1399 113 20 nominellt
893 1399 79 26 belopp
989 1404 27 14 av
1033 1398 43 20 fem

184 1429 100 26 miljoner
296 1429 81 20 kronor
389 1429 49 20 med
451 1430 46 19 rätt
509 1429 34 20 för
555 1429 79 20 kassan
647 1430 35 19 att
695 1430 50 25 taga
759 1429 171 26 obligationerna
944 1428 6 20 i
963 1428 94 26 anspråk
1070 1428 6 19 i

184 1459 95 26 enlighet
291 1459 51 20 med
354 1459 193 20 bestämmelserna
560 1459 6 19 i
578 1459 154 26 förordningen
746 1465 34 13 om
795 1458 96 21 Svenska
905 1457 171 21 bostadskredit-

183 1489 80 20 kassan
277 1489 40 19 och
330 1495 35 13 om
379 1488 293 26 bostadskreditföreningar.

212 1518 26 21 Se
254 1518 39 20 ock
309 1518 225 26 Stadshypotekskassa
549 1518 80 26 (1947).

183 1560 88 20 BOSTA
275 1551 144 38 DSNÄMND,
434 1560 127 20 STATENS.

211 1595 40 21 Till
264 1596 109 20 nämnden
385 1595 87 20 anvisas
484 1595 12 20 7
506 1595 41 20 000
558 1595 32 20 kr.

183 1662 274 29 BOSTADSNÄMNDER,
472 1666 192 24 KOMMUNALA;
684 1672 22 14 se
723 1665 214 27 Bostadsproduktion
954 1665 69 27 (1945:
1037 1665 39 26 16).

183 1708 318 20 BOSTADSPRODUKTION.

213 1744 17 20 1.
241 1744 42 19 RD
293 1744 127 26 godkänner
429 1744 94 26 grunder
532 1743 33 20 för
574 1744 35 19 lån
619 1743 34 20 för
661 1743 117 26 stödjande
787 1749 28 14 av
825 1743 252 26 bostadsproduktionen

183 1774 6 19 i
200 1774 58 19 vissa
270 1775 58 18 orter
338 1775 59 18 samt
407 1773 88 20 anvisar
505 1773 33 20 till
550 1773 35 20 lån
597 1773 33 20 för
641 1773 115 25 stödjande
768 1779 28 13 av
808 1772 252 27 bostadsproduktionen
1071 1772 7 19 i

183 1803 57 20 vissa
253 1804 58 19 orter
323 1803 12 20 å
347 1803 133 26 tilläggsstat
494 1803 20 19 II
527 1803 12 20 5
548 1802 41 20 000
598 1802 41 20 000
651 1803 31 19 kr.
696 1802 34 26 (r).

211 1833 19 20 2.
240 1832 41 20 Till
290 1833 114 20 tertiärlån
413 1832 34 20 till
456 1833 44 19 viss
510 1832 346 26 bostadsbyggnadsverksamhet
865 1832 87 19 anvisas
961 1832 12 19 å
983 1831 95 26 tilläggs-

183 1864 46 18 stat
240 1862 20 20 II
270 1862 12 20 6
291 1862 41 20 000
341 1862 41 20 000
391 1862 31 20 kr.
433 1861 34 27 (r).

211 1892 19 20 3.
244 1892 42 19 RD
298 1892 127 26 godkänner
436 1892 97 20 ändrade
544 1891 95 26 grunder
649 1891 34 20 för
694 1891 113 20 tertiärlån
819 1891 33 20 till
864 1891 43 19 viss
920 1890 158 26 bostadsbygg-

183 1922 203 22 nadsverksamhet,
400 1921 96 20 ändrade
508 1921 95 26 grunder
614 1921 34 20 för
659 1921 36 19 lån
708 1921 33 20 för
753 1921 139 26 ombyggnad
905 1926 28 14 av
946 1920 131 20 bostadshus

183 1951 7 20 i
202 1951 74 20 städer
288 1952 40 19 och
340 1951 166 20 stadsliknande
518 1950 127 24 samhällen,
659 1950 96 20 ändrade
767 1950 94 26 grunder
872 1950 34 20 för
918 1950 160 20 låneverksam-

184 1981 64 20 heten
257 1981 34 20 för
298 1981 123 26 främjande
430 1987 28 13 av
467 1980 223 26 bostadsförsörjning
698 1980 33 20 för
739 1980 84 20 mindre
832 1979 133 24 bemedlade,
976 1979 101 20 barnrika

184 2010 93 26 familjer
289 2012 58 18 samt
360 2010 96 20 ändrade
469 2010 94 26 grunder
576 2010 138 20 beträffande
727 2010 124 20 räntefoten
864 2010 12 19 å
889 2009 187 26 förbättringslån,

184 2040 181 26 nybyggnadslån
377 2040 39 20 och
427 2040 272 23 lantarbetarbostadslån;
711 2040 40 19 och
762 2039 111 26 medgiver
883 2039 50 23 RD,
944 2040 35 19 att
990 2039 41 19 den
1042 2039 36 19 be-

184 2070 103 26 hållning,
305 2076 46 14 som
368 2070 44 20 kan
429 2070 88 20 komma
534 2071 35 18 att
586 2069 118 20 förefinnas
721 2069 37 20 vid
776 2069 109 26 utgången
902 2075 28 13 av
947 2068 131 26 budgetåret

185 2099 88 27 1940/41
291 2100 12 20 å
319 2100 141 20 Lånefonden
475 2100 34 19 för
524 2099 207 26 bostadsbyggande
747 2099 6 20 i
769 2099 73 20 städer
858 2099 39 20 och
913 2098 164 20 stadsliknande

1232 156 91 30 Motioner
1370 156 89 30 Utskott
1505 156 51 36 Skriv.
1623 160 95 16 Protokoll

1097 180 26 20 År
1121 176 16 32 |
1145 184 54 20 Prop.
1531 200 13 12 SS
1558 185 4 3 ,

1226 214 34 16 FK
1261 210 23 29 |
1289 214 36 16 AK
1346 214 85 16 |SmllAvd!
1455 214 26 16 Nr
1601 214 33 15 FK
1701 214 35 16 AK

1097 493 27 20 501]
1166 505 28 3 —]
1238 505 27 2 —!
1303 493 74 20 401131
1398 505 27 3 —]
1465 493 25 20 181
1528 505 28 3 —
1605 505 28 3 —
1674 494 91 20 |12:176d]

1096 1250 28 19 491
1166 1249 26 20 64]
1237 1261 27 2 —I
1302 1261 27 2 —1I
1364 1249 61 20 81|—]
1465 1249 89 20 151126]
1581 1249 31 19 11:
1626 1251 37 17 1231
1681 1249 31 19 12:
1724 1251 24 17 72

1097 1594 95 19 411171
1237 1605 27 2 —I
1302 1605 28 2 —1
1364 1594 61 19 61—
1476 1593 12 20 T
1542 1593 69 20 7124:
1624 1595 23 17 12
1657 1589 18 33 |
1680 1593 33 19 25:
1725 1595 22 17 21

1144 1626 21 20 pt
1178 1625 23 17 19
1450 1630 15 12 s.
1477 1625 11 17 91
1515 1630 15 11 s.
1542 1624 10 17 4

1098 1742 25 20 411
1154 1741 39 20 165
1200 1737 22 34 I
1233 1741 38 20 199!
1302 1753 27 2 —I1I
1364 1742 60 19 61—]1
1462 1741 24 20 911
1513 1741 99 20 207126:
1624 1743 24 17 22
1652 1737 23 34 |
1680 1741 69 20 26:17

1108 1837 8 13 »
1126 1825 23 36 |
1153 1830 39 20 204]
1237 1842 27 2 —1]
1302 1842 27 2 —T1I
1364 1830 60 20 61—
1425 1825 19 36 [
1450 1830 38 20 1091
1513 1830 41 20 2401
1578 1830 33 20 29:
1624 1832 11 17 9
1680 1829 33 21 130:
1728 1832 10 17 9

1108 1896 8 13 »
1123 1885 22 34 |
1152 1889 37 20 251
1245 1889 27 20 80]
1310 1889 26 20 79]
1364 1889 60 20 6|—]
1450 1889 39 20 1931
1513 1889 41 20 4481
1578 1889 34 20 41:
1625 1889 25 20 9d
1653 1885 22 34 |
1679 1889 34 20 41:
1724 1889 39 19 87d

1231 1919 41 20 232|
1296 1919 41 20 314

1213 1949 59 20 |-236|
1296 1949 40 20 317

1296 1978 40 20 318

1296 2008 38 20 321

1278 2038 58 20 |—327
