1845 2355
816 150 135 34 SAKREGISTER
1643 153 41 21 181

1025 239 12 10 SR
1406 228 54 17 Riks-

971 251 89 28 See
1124 275 3 4 S
1274 246 42 17 SE
1396 254 73 31 dagens
1525 258 119 17 Kamrarnas

971 282 17 25 a
1025 277 11 31 ä
1049 280 16 29 =
1072 272 105 32 Motioner
1218 272 123 41 utlåtanden
1411 287 45 18 sr
1510 287 145 23 förhandlingar

971 312 17 27 =
1025 302 31 40 H&R
1204 306 46 17 eller
1263 306 98 17 memorial
1403 318 62 17 välser

966 343 16 25 2
1024 339 40 42 JåE
1197 366 17 12 =

971 372 17 25 7
998 365 62 62 133
1063 365 56 62 IFK
1136 384 36 17 AK
1172 365 16 62 |
1196 371 59 49 BIE)
1292 383 17 28 2
1315 365 32 62 |
1351 373 18 45 E|
1405 383 12 27 7
1424 365 24 62 |
1453 365 34 62 Bl
1496 372 70 41 kame
1567 365 24 62 |
1596 371 70 42 komm.

96 438 166 28 Avsöndringar
277 446 27 14 m.
322 446 26 14 m.

110 469 62 20 Inom
190 468 120 22 Malmöhus
325 470 46 19 län:

82 504 25 16 30
125 499 37 20 RD
178 499 114 26 medgiver,
309 501 32 19 att
356 499 48 20 från
419 499 199 26 kronoegendomen
630 497 47 28 !/,,
689 498 82 21 mantal
782 498 91 21 Härslöv
884 505 26 14 nr
920 498 13 21 3
950 498 54 20 |1926]
1028 499 27 20 25
1187 498 26 21 10
1307 498 347 22 2A-10]7651281-0:-78--137T:38

139 530 7 19 i
162 529 102 21 Härslövs
280 529 77 20 socken
373 530 36 19 må
424 529 125 27 frånskiljas
564 529 40 20 och
620 529 98 26 försäljas
734 528 45 21 dels
796 528 36 21 det
847 529 12 20 å
874 529 60 20 den
915 524 15 36 i
1024 533 35 23 p.8

139 559 88 20 ärendet
249 559 111 20 företedda
382 559 76 20 kartan
477 559 50 20 med
543 559 121 25 ägofiguren
680 566 25 12 nr
722 558 27 20 13
765 559 109 19 utmärkta
890 566 43 13 om-

139 589 61 20 rådet
215 596 35 13 om
267 589 27 20 40
314 588 158 21 kvadratmeter
487 588 33 20 till
536 588 103 20 Härslövs
655 588 173 27 Mejeriförening
843 595 20 13 u.
880 596 19 19 p.
915 595 18 13 a.

140 621 45 18 mot
200 625 26 14 en
243 619 143 26 köpeskilling
401 625 26 14 av
443 618 28 20 40
488 618 30 20 kr.
534 620 56 18 samt
600 618 69 20 under
680 618 56 20 vissa
746 618 92 25 angivna
848 618 84 25 villkor,

140 648 45 20 dels
209 649 39 20 ock
267 650 47 19 vart
329 649 33 20 för
377 649 32 25 sig
424 648 73 26 övriga
512 648 35 27 sju
563 649 11 19 å
590 648 76 20 kartan
683 648 49 20 med
748 648 145 26 ägofigurerna
908 655 25 13 nr

141 678 33 25 15,
193 678 92 24 14+16,
304 678 33 24 17,
356 678 26 20 18
399 678 33 26 19,
444 678 28 20 20
484 678 39 20 och
535 677 27 21 21
575 677 129 21 betecknade
715 677 157 21 tomtområden
883 677 50 21 med

140 708 122 26 skyldighet
277 708 33 20 för
325 708 129 20 innehavare
470 715 26 13 av
512 708 95 26 ägofigur
621 714 26 14 nr
664 707 26 20 18
707 709 31 19 att
752 708 33 19 till
797 707 136 26 begagnande

139 738 69 20 såsom
231 738 119 26 utfartsväg
372 738 34 20 för
429 738 78 26 köpare
527 745 26 13 av
569 737 94 27 ägofigur
679 744 25 13 nr
721 737 26 20 19
764 737 89 27 upplåta
868 738 42 20 den
925 738 8 19 i

138 768 94 26 ägofigur
248 775 25 13 nr
290 768 26 20 18
333 768 111 26 ingående,
461 768 69 20 såsom
546 769 41 25 väg
602 767 98 27 nyttjade
716 767 66 20 mark.

108 828 62 19 Inom
187 826 113 22 Hallands
315 828 47 20 län:

80 862 23 15 31
122 857 37 20 RD
171 857 114 26 medgiver,
302 859 32 18 att
349 859 31 19 ett
395 857 7 20 i
416 859 31 19 ett
457 857 32 21 uti
500 856 232 27 statsrådsprotokollet
742 857 102 25 återgivet
854 857 79 26 förslag
935 852 14 36 |
971 864 8 10 >
1021 856 40 21 |102
1186 856 26 20 10
1291 857 27 20 381
1351 856 116 21 111176|12]
1499 855 69 21 27:48]
1600 856 69 21 27:88

137 887 33 20 till
186 887 58 20 avtal
260 888 85 25 angivet
361 887 86 21 område
463 888 36 19 må
515 886 98 28 försäljas
633 886 33 21 till
682 886 126 21 Halmstads
824 886 48 21 stad
888 889 45 18 mot
1024 891 32 22 p.9

138 917 41 20 den
195 917 143 27 köpesumma
353 918 40 19 och
409 918 27 26 på
453 917 26 20 de
495 917 77 21 villkor
587 917 8 20 i
610 917 75 26 övrigt,
702 923 45 14 som
763 917 8 19 i
786 916 102 26 förslaget
898 924 34 13 an-

137 947 65 26 givas.

107 1007 63 20 Inom
189 1005 116 28 Göteborgs
320 1005 38 22 och
375 1005 73 22 Bohus
464 1007 45 20 län:

80 1041 25 15 32
123 1036 38 20 RD
185 1036 109 26 medgiver
316 1036 127 27 försäljning
463 1043 25 13 av
504 1036 126 26 lägenheten
647 1036 70 20 Vasen
733 1036 50 20 med
799 1037 6 19 i
822 1036 109 21 statsråds-|
970 1043 9 11 >»
989 1031 28 36 |
1027 1035 27 21 25
1186 1035 26 21 10
1306 1036 11 20 7
1319 1031 18 35 |
1351 1041 24 16 10]
1406 1035 61 21 65l14]
1500 1035 53 21 6:12
1562 1031 27 35 |
1600 1037 54 21 7:22

138 1066 129 26 protokollet
282 1067 86 25 angivet
378 1066 87 20 område
476 1066 47 20 från
535 1066 198 26 kronoegendomen
746 1066 10 20 1
768 1066 82 20 mantal
861 1066 71 27 Bärby
1023 1070 34 22 p-9

138 1103 25 13 nr
182 1096 8 19 1
208 1096 150 26 Nedergården
374 1097 7 19 i
398 1097 53 20 Säve
467 1096 84 20 socken.

80 1167 24 15 33
122 1162 38 19 RD
176 1162 115 26 medgiver,
308 1164 32 18 att
355 1162 93 20 skiftena
463 1161 177 27 Lerklevsmyren
655 1161 40 21 och
710 1161 175 27 Ormdalsmyren
896 1162 36 19 mål
970 1168 8 11 »
987 1157 28 36 |
1026 1161 27 20 25
1186 1161 26 20 10
1306 1162 11 19 7)
1350 1166 23 15 11
1406 1161 61 20 65114]
1498 1161 54 20 6:12
1558 1156 32 36 |
1600 1163 53 20 7:22

137 1193 47 19 vart
194 1192 33 20 för
238 1192 31 26 sig
280 1191 50 21 med
341 1192 8 20 i
360 1191 232 27 statsrådsprotokollet
602 1192 92 25 angivna
704 1191 102 21 områden
817 1191 115 27 frånsäljas
1016 1196 47 22 p.10

136 1221 200 26 kronoegendomen
354 1221 26 27 ?/,
398 1221 82 21 mantal
495 1222 54 26 Lyse
565 1228 26 13 nr
608 1221 10 20 1
636 1218 54 24 Övre
706 1222 7 19 i
729 1221 54 27 Lyse
794 1221 77 20 socken
882 1221 50 20 med

137 1253 42 19 rätt
197 1252 33 19 till
250 1251 95 21 hembud
362 1252 12 19 å
390 1251 176 27 Lerklevsmyren
582 1251 33 21 för
630 1251 26 20 N.
673 1251 99 21 Hansson
789 1251 39 20 och
844 1252 13 19 å
872 1251 59 20 Orm-

137 1281 124 27 dalsmyren
276 1282 33 20 för
325 1282 25 19 A.
367 1281 39 20 Ek.

80 1346 24 15 34
122 1341 37 20 RD
176 1341 115 26 medgiver,
307 1343 32 18 att
354 1341 47 20 från
417 1341 224 26 kronoegendomarna
653 1341 11 19 1
677 1341 80 20 mantal
769 1340 102 27 Kyrkeby
882 1347 25 13 nr
919 1341 12 19 31
970 1347 8 11 >»
1019 1340 41 21 1135
1185 1340 26 20 10
1290 1341 27 19 25|
1364 1339 65 22 7I131|
1457 1345 9 15 3]
1497 1339 69 22 21:88]
1598 1341 69 21 21:22

138 1371 90 26 Sörgård
244 1371 39 20 och
303 1371 7 20 1
325 1371 82 20 mantal
418 1371 89 20 Ballabo
519 1378 25 13 nr
557 1371 8 20 1
578 1370 95 27 Norgård
684 1371 7 20 i
703 1370 140 21 Västerlanda
854 1371 77 20 socken
1023 1375 33 21 p.8

137 1402 36 19 må
189 1401 103 27 avskiljas
307 1401 40 21 och
364 1401 50 20 med
429 1401 148 21 tillträdesrätt
593 1401 40 20 den
653 1401 25 19 14
694 1407 57 14 mars
766 1400 55 21 1927
833 1400 98 27 försäljas

137 1431 56 21 vissa
209 1431 92 26 angivna
317 1431 108 20 områden.

107 1491 62 20 Inom
186 1485 105 32 Älvborgs
306 1491 45 20 län:

80 1525 24 16 35
122 1520 38 20 RD
176 1521 115 25 medgiver,
308 1523 31 18 att
354 1521 8 19 i
376 1520 232 27 statsrådsprotokollet
619 1520 91 26 angivna
721 1520 91 20 lotterna
822 1527 25 13 nr
860 1519 71 20 1—181
970 1527 8 10 »
985 1515 32 36 |
1025 1520 28 20 25
1185 1519 26 20 10
1305 1520 11 20 öl
1404 1519 61 21 051
1497 1519 54 20 6:18--
1599 1520 53 20 Tina

138 1557 26 13 av
187 1550 199 26 kronoegendomen
411 1549 27 28 >/g
463 1550 81 20 mantal
563 1550 102 26 Hjältorp
684 1557 25 13 nr
726 1549 10 21 1
754 1549 154 26 Västergården
924 1550 7 19 i
1017 1554 44 23 p.11

138 1580 77 20 Fritsla
230 1580 78 20 socken
323 1581 37 19 må
375 1580 49 20 med
440 1586 26 14 av
477 1580 260 26 uppskattningsmännen
748 1579 113 26 föreslaget
875 1581 57 18 samt

138 1610 132 20 beträffande
292 1610 91 20 lotterna
406 1617 25 13 nr
448 1609 11 21 1
476 1610 40 20 och
533 1610 26 20 12
576 1616 26 14 av
619 1609 214 27 byggnadsstyrelsen
848 1609 84 27 jämkat

138 1640 86 20 område
241 1647 37 13 var
293 1640 34 20 för
342 1640 32 25 sig
389 1640 105 26 försäljas.

80 1704 24 15 36
123 1699 37 20 RD
179 1699 115 26 medgiver,
314 1701 32 18 att
361 1699 36 20 det
412 1699 33 20 till
462 1699 147 26 kronoparken
626 1699 56 27 Säby
698 1698 94 21 hörande
807 1699 125 20 hemmanet!
969 1706 9 10 »
987 1694 28 36 |
1026 1698 27 20 25
1185 1698 26 20 10
1304 1696 68 22 71-12)
1404 1698 61 20 6514]
1497 1697 54 21 6312
1567 1692 19 36 |
1599 1698 54 20 7:22

138 1729 106 27 Sjöbacka
259 1736 25 13 nr
302 1729 10 20 1
330 1729 6 20 i
353 1729 105 20 Timmele
474 1729 78 21 socken
567 1729 36 20 må
613 1729 13 20 å
636 1729 96 26 offentlig
743 1729 89 20 auktion
845 1728 34 21 till
890 1728 42 21 den
1016 1733 46 22 P2

137 1759 173 27 högstbjudande
325 1759 105 27 försäljas.

80 1823 24 17 37
123 1819 37 20 RD
176 1819 115 26 medgiver,
316 1820 31 19 att
365 1820 37 19 två
417 1819 7 20 i
440 1818 37 21 det
494 1819 32 20 uti
542 1818 232 27 statsrådsprotokollet
789 1818 143 20 omförmälda|
969 1825 9 11 >
988 1814 27 35 |
1025 1818 28 20 25
1185 1817 26 21 10
1305 1817 11 20 71]
1349 1822 23 16 11]
1405 1818 61 20 65|14]
1497 1817 54 21 6:12
1565 1813 25 33 |
1599 1817 54 21 7:22

137 1849 298 26 uppskattningsinstrument
457 1848 50 21 med
530 1848 120 21 Jakobsson
673 1850 56 18 tomt
751 1848 40 20 och
807 1849 55 19 tomt
877 1855 26 13 nr
918 1848 13 19 2
1017 1852 45 23 p.13

139 1879 130 20 betecknade
282 1879 123 25 lägenheter
415 1879 37 20 må
462 1878 50 20 med
523 1878 7 20 i
541 1885 83 13 samma
634 1878 106 27 protokoll
751 1878 91 25 angivna
852 1877 80 21 arealer

138 1909 47 19 från
209 1908 199 26 kronoegendomen
433 1907 61 28 1!3/,,
514 1908 82 20 mantal
616 1909 100 19 Forstena
731 1914 25 14 nr
774 1908 9 19 1
800 1908 41 20 litt.
858 1909 17 18 A
892 1908 39 20 och

138 1936 48 29 1/.,,
203 1938 82 21 mantal
300 1939 103 20 Forstena
419 1945 25 14 nr
461 1939 9 19 1
489 1938 41 20 litt.
546 1938 18 20 E
580 1940 57 18 samt
653 1937 47 28 !/,,,
717 1937 81 21 mantal
810 1934 61 24 Önan
882 1937 50 20 med

139 1969 134 25 Femtungan
289 1968 40 20 litt.
346 1968 17 20 E
380 1968 7 20 i
398 1968 77 20 Västra
486 1968 110 20 Tunhems
607 1968 77 20 socken
695 1974 37 14 var
742 1968 33 20 för
786 1968 31 25 sig
828 1967 103 27 försäljas.

81 2032 25 16 38
123 2028 38 19 RD
177 2027 115 26 medgiver,
312 2029 32 19 att
359 2027 126 26 lägenheten
502 2027 104 20 Vårkulla
621 2028 36 19 må
672 2027 50 20 med
737 2027 8 20 i
760 2026 172 27 statsrådsproto-|
970 2034 9 10 »
988 2022 28 36 |
1026 2026 27 20 25
1186 2025 26 21 10
1306 2026 161 20 ti-21l-65ölel
1498 2026 54 20 6:19
1599 2026 54 20 50:99

139 2057 66 20 kollet
228 2058 86 25 angivet
337 2057 86 21 område
442 2057 124 27 frånskiljas
582 2057 199 26 kronoegendomen
796 2055 37 29 !/,;
850 2056 81 20 mantal
1017 2061 47 22 p.14
