1837 2360
1614 79 42 20 623

76 255 285 27 Kommunalförfatlningar.

76 297 36 14 om
126 291 84 21 ändrad
223 291 82 27 lydelse
318 298 28 14 av
360 292 39 20 146
412 293 9 25 $
436 292 8 20 1
460 298 65 14 mom.
539 292 265 27 taxeringsförordningen
818 293 41 20 den
872 293 26 20 28
912 294 54 25 sept.

78 321 53 20 1928
143 321 35 26 (nr
188 321 49 26 379)
249 322 155 26 (ändringarna
414 328 52 14 avse
477 322 96 20 ändrade
584 323 163 20 bestämmelser
757 329 35 14 om
803 323 122 26 ersättning
935 323 32 20 till

77 351 133 20 innehavare
228 357 28 14 av
273 352 142 20 kommunala
432 352 226 27 förtroendeuppdrag
675 354 58 18 samt
749 354 46 19 rätt
811 353 34 20 för
862 353 106 26 borgerlig

77 381 189 26 primärkommun
275 383 35 18 att
318 382 68 19 under
393 382 58 20 vissa
459 382 183 26 förutsättningar
650 382 80 27 bevilja
738 382 89 27 pension
836 383 23 19 åt
867 383 101 20 arvodes-

77 411 139 26 berättigade
228 411 177 20 förtroendemän
416 417 29 14 m.
455 411 46 27 m.).

105 440 20 21 8.
142 441 42 19 RD
204 442 91 25 antager
313 441 35 26 lag
366 442 50 19 med
435 436 80 36 bestäm
526 436 77 36 melser
622 448 34 14 om
676 442 132 26 tidpunkten
827 442 33 20 för
879 442 89 26 lagtima

78 470 183 27 landstingsmöte
277 471 6 20 i
299 471 57 20 vissa
373 471 44 24 fall;
435 472 39 19 och
490 473 91 24 antager
597 472 42 20 RD
656 472 70 20 såsom
742 472 87 20 vilande
845 472 33 20 för
893 472 75 20 vidare

78 500 175 27 grundlagsenlig
266 501 132 25 behandling
410 501 80 26 förslag
502 501 32 20 till
547 502 84 19 ändrad
643 501 81 27 lydelse
736 508 29 14 av
777 502 9 25 $
799 502 12 20 7
824 508 65 14 mom.
903 502 13 20 2
929 502 39 20 RO

79 530 129 26 (ändringen
222 530 119 21 fastställer
354 532 35 19 att
403 531 45 20 ord.
463 531 36 20 val
513 537 28 14 av
555 531 291 21 förstakammarledamöter
859 532 55 20 skall
928 533 40 25 äga

79 565 48 14 rum
139 560 6 19 i
158 560 108 26 oktober).

106 589 20 19 9.
144 589 41 19 RD
197 590 92 25 antager
300 589 33 20 för
344 589 32 20 sin
388 589 34 20 del
433 589 35 27 lag
479 595 48 21 ang.
540 590 92 26 ändring
643 590 6 20 i
660 590 63 26 lagen
735 590 41 21 den
787 590 13 20 6
810 590 47 26 juni
871 590 53 20 1930
935 591 34 25 (nr

79 618 50 26 259)
141 625 35 13 om
188 619 235 26 församlingsstyrelse,
435 619 35 26 lag
481 625 49 20 ang.
542 620 91 26 ändring
644 620 7 20 i
661 620 62 26 lagen
736 620 40 20 den
788 620 12 19 6
811 620 47 26 juni
871 620 53 20 1930
935 620 34 26 (nr

79 647 50 27 260)
145 654 35 14 om
196 648 229 27 församlingsstyrelse
440 649 7 19 i
463 649 133 23 Stockholm,
612 649 35 27 lag
661 655 49 21 ang.
727 650 146 26 upphävande
888 656 29 14 av
932 650 12 20 7
959 650 9 25 $

79 677 62 26 lagen
157 678 41 20 den
212 678 13 19 6
238 678 48 26 juni
301 678 53 20 1930
368 679 35 25 (nr
416 678 49 26 261)
480 685 35 13 om
529 679 114 20 införande
656 685 29 14 av
698 679 62 26 lagen
775 685 34 14 om
824 679 146 26 församlings-

79 707 90 26 styrelse
181 714 29 13 m.
220 713 29 14 m.
261 709 58 19 samt
329 708 35 26 lag
375 713 50 21 ang.
437 708 84 20 ändrad
532 708 81 26 lydelse
624 714 28 14 av
663 709 12 20 5
687 709 9 25 $
707 709 62 26 lagen
781 709 41 20 den
834 709 12 20 6
856 709 48 26 juni
916 709 54 20 1930

79 736 35 26 (nr
128 737 49 26 262)
193 743 35 14 om
242 737 139 26 skolstyrelse
394 738 7 19 i
417 738 57 20 vissa
490 738 130 20 kommuner
636 738 154 27 (ändringarna
803 738 127 21 föranledda
941 745 28 14 av

80 772 43 20 nya
140 767 361 26 kyrkomusikerorganisationen).

108 796 26 20 Se
150 796 40 20 ock
207 797 145 23 Brandväsen,
371 797 208 26 Byggnadsstadgan,
596 797 71 21 Enkla
682 797 70 27 frågor
767 798 69 26 (1948:
849 798 40 26 32),
905 798 65 20 Hem-

79 827 59 22 värn,
153 826 77 20 Hälso-
244 826 36 20 och
293 826 107 27 sjukvård,
417 827 243 26 Olycksfallsförsäkring
674 827 79 26 (1946),
769 827 199 26 Ordningsstadgan,

78 855 163 24 Pilsnerdricka,
260 856 97 23 Rösträtt,
375 856 139 24 Skatteväsen,
531 857 191 26 Stadsplanelagen,
737 856 112 21 Tandvård
860 857 69 26 (1950:
942 857 26 26 7),

82 885 132 27 Tryckfrihet
225 886 79 26 (1946),
320 886 46 21 Val.

79 933 276 21 KOMMUNALISERING
368 940 27 14 av
408 934 184 24 stuverirörelsen;
605 940 22 14 se
640 934 178 21 Stuverirörelsen.

80 981 380 25 KOMMUNALMYNDIGHETER;
474 988 22 13 se
510 982 65 21 Stats-
588 982 36 20 och
638 982 268 26 kommunalmyndigheter.

80 1022 263 26 KOMMUNALSKATT;
355 1029 22 14 se
391 1023 196 26 Försäkringsavtal
598 1024 79 26 (1947),
691 1024 139 20 Skatteväsen.

80 1064 375 25 KOMMUNALSKATTELAGEN;
476 1071 22 14 se
521 1065 216 27 Dyrortsgruppering
758 1066 63 26 (1945
830 1065 38 26 H),
890 1066 78 20 Skatte-

108 1095 69 19 väsen.

80 1131 292 29 KOMMUNALSTÄMMA;
386 1142 21 14 se
419 1136 158 21 Pilsnerdricka
591 1136 80 27 (1945).

80 1177 343 25 KOMMUNALUTSKYLDER:;
435 1184 22 14 se
470 1178 145 20 Kommunala
628 1178 110 26 utskylder,
754 1178 90 20 Rösträtt
856 1178 79 26 (1945).

79 1218 219 21 KOMMUNERNAS
306 1215 194 29 BEHÖRIGHET;
510 1225 21 14 se
541 1220 279 26 Kommunalförfattningar
830 1220 69 26 (1944:
912 1222 16 21 7,
942 1219 26 27 9).

80 1260 218 20 KOMMUNERNAS
310 1261 109 20 BIDRAG
431 1261 62 20 TILL
505 1261 354 26 PENSIONSKOSTNADERNA;
872 1267 21 14 se
908 1261 61 20 Folk-

108 1290 148 26 pensionering
270 1290 70 26 (1946:
353 1290 26 27 7).

79 1331 219 21 KOMMUNERNAS
308 1328 199 29 BRANDVÄSEN;
519 1338 22 14 se
553 1332 143 21 Brandväsen.

80 1373 217 21 KOMMUNERNAS
308 1369 372 25 ERSÄTTNINGSSKYLDIGHET
689 1374 68 27 enligt
767 1374 201 27 fattigvårdslagen;

108 1409 22 14 se
144 1403 128 26 Fattigvård.

80 1445 217 20 KOMMUNERNAS
314 1441 73 24 RÄTT
403 1445 54 21 ATT
472 1441 100 25 INLÖSA
587 1446 96 24 MARK;
696 1452 22 14 se
729 1446 147 20 Markinlösen
889 1446 79 26 (1944).

80 1486 320 21 KOMMUNIKATIONERNA
418 1487 6 20 i
442 1488 177 26 gränsbygderna
637 1487 32 20 till
688 1487 99 24 Finland;
806 1493 22 14 se
848 1487 121 27 Interpella-

108 1516 66 20 tioner
187 1516 70 26 (1945:
271 1517 40 26 11).

80 1557 512 22 KOMMUNIKATIONSDEPARTEMENTET.

110 1593 17 20 1.
143 1593 41 20 Till
197 1594 128 26 avlöningar
336 1594 87 20 anvisas
435 1594 40 20 306
485 1594 40 20 600
537 1594 32 20 kr.
582 1594 33 27 (f).

108 1653 19 19 2.
144 1653 41 19 Till
196 1653 156 20 omkostnader
362 1653 87 20 anvisas
459 1653 27 20 96
496 1653 40 21 700
546 1654 32 20 kr.
591 1653 32 27 (f).

110 1724 17 20 1.
143 1724 41 20 Till
197 1724 128 26 avlöningar
337 1724 86 21 anvisas
436 1724 40 21 309
486 1724 40 21 600
538 1725 32 20 kr.
584 1724 33 27 (f).

108 1783 19 20 2.
143 1783 41 20 Till
197 1784 155 20 omkostnader
364 1784 87 20 anvisas
465 1784 39 20 154
513 1784 41 20 000
565 1784 32 20 kr.
611 1784 33 26 (f).

110 1854 42 21 D:o

111 1914 42 20 D:o

110 1985 18 20 1.
145 1985 43 20 RD
201 1985 126 26 godkänner
339 1985 82 20 sådana
434 1986 118 25 ändringar
564 1985 6 20 i
583 1985 41 20 den
637 1985 33 21 för
683 1986 175 26 departementet
870 1985 99 26 gällande

81 2015 272 26 personalförteckningen,
378 2016 35 19 att
436 2015 52 20 därå
511 2015 103 26 uppföres
637 2021 26 14 en
687 2015 104 26 byråchef
813 2015 33 20 för
868 2015 101 20 tekniska

80 2044 95 20 ärenden
191 2045 49 19 med
256 2045 108 26 placering
379 2045 6 19 i
400 2045 131 26 lönegraden
547 2045 14 20 C
571 2044 12 20 6
598 2046 58 19 samt
670 2046 35 19 att
720 2045 41 20 den
776 2045 13 20 å
804 2045 166 26 övergångsstat

81 2074 108 26 uppförda
208 2074 151 26 befattningen
377 2075 71 19 såsom
465 2074 127 26 registrator
609 2075 6 19 i
632 2075 131 26 lönegraden
780 2075 15 19 A
808 2075 26 19 22
851 2075 69 25 jämte
936 2074 33 20 till

81 2103 164 26 förteckningen
261 2104 96 20 hörande
373 2104 145 26 anmärkning
532 2104 112 23 uteslutes;
662 2105 39 19 och
716 2104 96 20 besluter
827 2104 42 20 RD
884 2105 35 19 att
934 2104 36 20 be-

1109 164 103 29 Motioner
1259 164 90 30 Utskott
1426 181 4 3 g
1510 169 94 16 Protokoll

987 188 26 20 År
1010 184 18 34 |
1035 192 54 20 Prop.
1121 175 5 9 é
1392 180 32 40 Fe

1116 222 33 16 FK
1151 218 23 29 |
1179 222 35 16 AK
1235 222 85 16 |SmllAvd!
1343 222 27 16 Nr
1488 223 33 15 FK
1586 223 36 16 AK

988 442 28 20 501
1045 442 38 20 1991
1129 442 25 20 181
1192 454 27 2 —I
1254 442 12 21 51
1302 443 12 19 21
1354 442 182 21 151218116:32
1540 438 22 34 |
1570 444 31 19 16:
1616 446 36 17 136

999 596 9 13 »
1018 586 22 34 |
1044 590 37 20 231]
1128 602 27 2 —I
1192 602 28 2 —I1I
1254 591 13 19 51
1302 591 13 19 21
1355 590 89 21 181336]
1468 592 68 19 20:31
1541 586 22 34 |
1568 592 33 19 21:
1613 594 24 17 82

989 1594 25 20 411
1046 1593 39 20 1:61]
1129 1605 28 3 —I
1194 1605 28 3 —I
1256 1593 61 20 61—]1
1368 1594 12 20 6
1433 1594 104 20 GTA
1572 1595 67 20 LINS

1043 1627 22 19 pt
1076 1625 7 17 1
1342 1626 101 17 CNE

999 1659 9 13 »
1018 1648 22 34 |
1046 1653 39 19 1:6]
1129 1664 28 3 —|I
1194 1665 27 2 —I
1256 1652 60 20 6/—
1368 1653 12 20 6
1433 1654 63 20 6117:
1514 1654 125 20 21.:117::89

1044 1686 21 20 pt
1076 1684 10 17 2
1342 1690 15 12 s.
1369 1685 75 17 2132

989 1724 27 20 421
1046 1724 39 20 1:61]
1129 1736 28 2 —I
1194 1736 28 2 —I
1256 1724 61 20 61—
1368 1724 12 20 6
1433 1724 70 21 6112:
1517 1727 36 17 140|
1570 1725 33 20 31:
1615 1726 38 19 24d

1044 1757 21 20 pt
1076 1756 23 17 1:
1342 1757 101 17 s.1]5.1

999 1789 9 14 »
1020 1779 18 34 |
1046 1783 39 20 1:61]
1130 1795 27 2 —I
1194 1795 28 3 —I
1256 1783 61 20 61—1
1368 1784 12 20 6
1433 1784 70 20 6112:
1517 1787 36 17 140]
1572 1785 31 20 13:
1615 1787 23 17 25

1043 1817 22 19 pt
1075 1815 10 17 2
1342 1816 37 17 20
1407 1816 37 17 1858

989 1855 27 20 431
1047 1855 39 20 1:6]
1129 1866 27 3 —I
1194 1867 28 2 —I
1256 1855 61 19 61J—]
1368 1855 13 20 6
1433 1856 12 19 61
1484 1856 54 20 9:23
1545 1852 23 34 |
1584 1856 55 20 9:40

1044 1888 22 20 pt
1077 1887 7 17 1
1342 1888 101 17 s.1]8.1

999 1920 9 14 »
1017 1910 22 33 I
1047 1914 39 20 1:61]
1130 1926 27 2 —I
1194 1926 28 3 —I
1256 1914 61 20 61—
1368 1915 13 20 6
1433 1915 12 20 61
1484 1916 55 19 9:23
1545 1911 23 34 |
1584 1916 55 20 9:40

1044 1948 22 19 pt
1076 1947 10 16 2
1342 1947 102 17 IlecT

990 1986 27 19 44]
1047 1986 39 20 1:61
1130 1997 27 3 —I
1194 1997 28 3 —I
1257 1986 55 19 6/—
1369 1986 12 20 6
1433 1987 106 20 61-9:17-1
1584 1987 55 20 19:80

1044 2019 21 20 pt
1077 2018 8 17 1
1342 2019 101 16 säl.
