1838 2356
173 148 41 21 872
869 150 223 18 SAKREGISTER

188 440 194 27 Krigsförsäkring.

191 473 10 16 2
216 470 43 20 RD
273 472 92 25 antager
378 471 80 26 förslag
471 472 33 19 till
519 472 34 26 lag
566 477 49 21 ang.
630 472 83 20 ändrad
728 472 81 26 lydelse
822 478 28 14 av
866 472 8 20 1
891 473 9 24 $
914 473 62 26 lagen
990 473 41 20 den

232 500 25 20 10
269 507 59 14 mars
342 501 53 20 1939
409 501 34 26 (nr
455 501 36 26 68)
504 508 35 13 om
553 502 75 26 statlig
640 502 181 26 krigsförsäkring
833 508 29 14 m.
872 508 37 18 m.;
923 503 40 20 och
976 508 56 15 sam-

230 530 77 26 tycker
329 531 42 20 RD
391 531 32 20 till
445 533 35 18 att
502 531 63 20 KM:t
583 532 55 19 efter
655 532 132 20 utfärdande
805 538 28 14 av
851 532 42 20 den
911 532 121 27 föreslagna

230 560 62 27 lagen
309 561 112 20 meddelar
436 561 153 23 förordnande,
607 567 46 14 som
670 568 62 14 avses
749 562 6 19 i
773 562 8 19 1
800 562 10 25 $
826 562 62 26 lagen
905 568 35 14 om
957 562 75 27 statlig

229 590 183 27 krigsförsäkring
427 597 29 13 m.
466 597 29 14 m.
512 591 6 20 i
536 591 47 20 dess
600 591 91 21 sålunda
707 592 97 20 ändrade
821 592 87 26 lydelse,
925 593 35 19 att
976 592 55 26 gälla

229 620 127 20 tillsvidare.

260 656 22 16 Se
295 656 34 16 ock
343 656 190 21 Försäkringsrörelse
542 657 53 18 (1939
603 656 28 20 ff);
645 657 201 21 Krigsriskersättning;
855 658 177 20 Krigsskadeersätt-

235 680 52 20 ning;
301 680 225 21 Krigsskadeförsäkring;
540 681 215 21 Olycksfallsförsäkring
769 681 59 18 (1937:
838 682 22 19 7).

188 723 431 30 KRIGSFÖRSÄKRINGSNÄMNDEN;
644 735 22 14 se
692 729 215 26 Försäkringsrörelse
932 730 70 23 (1939:
1014 732 17 21 3;

217 757 60 21 1940:
290 758 26 25 2).

188 811 283 21 KRIGSHANDELSLAG.

216 841 42 20 RD
274 843 91 25 antager
379 842 34 20 för
427 842 32 20 sin
475 842 33 20 del
524 842 79 26 förslag
617 842 34 20 till
665 842 35 27 lag
714 848 49 21 ang.
778 843 58 20 vissa
851 843 125 20 utfästelser
990 845 41 19 rör.

230 871 87 20 införsel
331 872 40 19 och
385 872 90 20 utförsel
489 878 27 14 av
530 878 64 14 varor
607 878 29 14 m.
652 878 36 18 m.;
703 872 40 21 och
757 873 125 26 samtycker
895 873 42 20 RD
951 873 33 20 till
998 875 34 18 att

230 901 64 20 KM:t
313 901 38 20 vid
371 902 132 20 utfärdande
523 908 28 14 av
566 902 35 26 lag
616 902 7 20 i
638 904 75 18 ämnet
728 903 112 20 meddelar
854 903 80 20 sådant
949 903 83 20 förord-

230 931 78 23 nande,
324 937 46 14 som
384 931 6 20 i
405 932 61 26 lagen
481 938 69 17 avses,
565 933 35 19 att
613 932 56 26 gälla
683 932 44 20 tills
741 932 82 20 vidare.

188 985 275 20 KRIGSINDUSTRIELL
479 985 215 25 TILLVERKNING;
711 992 22 14 se
750 986 78 20 Armén
847 986 63 26 (1940
920 987 26 20 U:
960 987 39 25 12).

189 1039 241 20 KRIGSINVALIDER
458 1036 73 23 FRÅN
559 1039 131 24 FINLAND;
717 1046 22 13 se
766 1040 77 20 Hälso-
869 1040 36 20 och
931 1040 101 26 sjukvård

216 1067 70 27 (1940:
300 1068 39 25 13).

188 1122 260 20 KRIGSKOLLEGIUM.

216 1151 43 20 För
279 1151 120 26 utgivande
419 1157 28 14 av
467 1151 144 27 krigskollegii
632 1152 89 20 historia
741 1152 88 21 anvisas
848 1152 34 21 för
901 1153 131 26 budgetåret

232 1181 118 26 1931/1932
365 1182 33 19 ett
413 1182 62 19 extra
490 1181 222 27 reservationsanslag
726 1188 28 14 av
769 1182 12 20 9
790 1182 41 20 460
846 1182 32 20 kr.

188 1240 379 25 KRIGSKONJUNKTURSKATT;
587 1247 22 13 se
629 1241 72 20 Enkla
719 1241 71 26 frågor
809 1242 63 25 (1940
882 1242 26 20 U:
921 1242 26 25 5);
969 1242 63 20 Riks-

216 1271 66 20 staten
297 1270 64 26 (1940
371 1270 27 20 U:
411 1270 25 26 1);
456 1270 105 26 Tazxering
575 1270 64 26 (1940
648 1271 36 25 U).

189 1330 228 20 KRIGSLAGARNA.

218 1359 41 20 RD
277 1359 84 20 bifaller
377 1365 61 20 prop.
454 1360 50 19 med
521 1360 79 25 förslag
615 1360 34 19 till
664 1360 35 26 lag
714 1366 35 14 om
766 1360 83 20 ändrad
866 1360 81 26 lydelse
962 1367 28 14 av
1006 1361 26 20 76

231 1389 40 20 och
286 1389 26 20 77
327 1389 20 25 $$
362 1389 62 26 lagen
439 1389 41 20 den
496 1389 26 20 23
537 1389 45 20 okt.
600 1389 53 20 1914
667 1396 35 13 om
717 1390 180 26 krigsdomstolar
911 1391 40 20 och
966 1392 67 19 rätte-

230 1419 85 26 gången
330 1419 120 20 därstädes.

258 1455 22 16 Se
294 1455 34 16 ock
342 1455 103 20 Dagsböter
457 1455 69 20 (1931);
539 1455 154 20 Krigsdomstolar
706 1456 49 16 samt
768 1456 66 16 nedan.

189 1508 294 20 KRIGSLAGSTIFTNING.

217 1538 42 20 RD
276 1538 98 20 anhåller
389 1544 35 14 om
441 1538 162 26 undersökning
618 1538 45 20 dels
679 1538 108 20 huruvida
803 1539 40 20 och
859 1539 6 20 i
880 1539 44 20 vad
940 1539 51 20 mån
1007 1546 25 13 en

231 1568 160 25 överflyttning
405 1568 13 20 å
433 1568 26 20 de
474 1568 110 20 allmänna
599 1568 148 20 domstolarna
762 1574 29 14 av
805 1569 51 23 mål,
871 1575 47 14 som
933 1569 52 20 höra
1000 1569 33 20 till

231 1597 220 27 krigsdomstolarnas
462 1598 147 26 upptagande,
620 1598 36 20 må
665 1598 75 20 kunna
751 1598 66 20 redan
828 1599 69 20 under
906 1599 127 20 nuvarande

231 1628 210 25 rättegångssystem
454 1627 44 24 ske,
513 1628 44 19 dels
570 1627 40 20 ock
623 1629 41 18 rör.
678 1628 67 20 sådan
759 1628 93 20 revision
865 1635 28 13 av
906 1629 126 26 strafflagen

231 1657 33 20 för
279 1657 157 26 krigsmakten,
452 1663 47 14 som
514 1658 35 19 må
565 1657 75 20 kunna
655 1658 137 26 genomföras
807 1659 54 19 utan
876 1658 113 20 avvaktan
1005 1659 27 26 på

231 1693 26 13 en
272 1687 81 20 allmän
369 1687 93 19 revision
477 1693 28 14 av
521 1687 41 20 den
578 1687 110 20 allmänna
703 1687 134 27 strafflagen.

259 1723 22 16 Se
294 1723 35 16 ock
345 1722 131 21 Fullmäktige,
494 1723 108 20 riksdagens
618 1723 60 19 (1940:
687 1725 16 17 4,
717 1723 26 20 5);
760 1724 162 20 Förmynderskap
938 1724 54 20 (1940
1003 1724 29 20 U);

235 1746 138 25 Krigsrätterna
387 1746 60 21 (1936:
455 1746 24 20 3).

189 1794 279 21 KRIGSLEVERANSER.

217 1824 43 21 RD
277 1824 85 20 bifaller
377 1831 62 20 prop.
456 1825 49 20 med
522 1825 80 26 förslag
617 1825 34 20 till
666 1825 35 27 lag
717 1831 49 21 ang.
783 1826 125 26 skyldighet
924 1827 34 19 att
974 1827 60 19 med-

231 1854 48 20 dela
295 1855 111 26 uppgifter
420 1861 36 13 om
470 1855 119 20 kostnader
603 1855 34 20 för
651 1855 188 27 krigsleveranser.

189 1913 240 21 KRIGSMATERIEL.

218 1943 42 20 RD
277 1945 91 24 antager
384 1943 33 20 för
433 1944 32 19 sin
482 1944 34 20 del
532 1944 80 26 förslag
627 1944 33 20 till
676 1944 127 27 förordning
819 1951 35 14 om
870 1945 96 20 kontroll
982 1946 51 19 över

231 1973 168 26 tillverkningen
414 1979 28 14 av
456 1973 158 27 krigsmateriel
628 1980 29 14 m.
672 1980 29 14 m.

259 2009 21 16 Se
290 2009 35 16 ock
336 2009 76 19 Armén;
422 2009 61 16 Enkla
492 2009 62 21 frågor
563 2009 59 20 (1939:
632 2009 35 20 17);
676 2010 196 20 Försvarsberedskap;
881 2010 151 20 Försvarsväsen;

235 2033 229 20 Handelsdepartementet
482 2033 61 20 (1935;
564 2033 49 16 1936:
623 2036 16 16 2;
659 2034 50 16 1937:
719 2037 15 16 2;
756 2034 75 20 1938:3;
852 2034 76 20 1939:3;
949 2034 50 16 1940:
1008 2034 23 20 3);

235 2057 91 19 Marinen;
340 2057 212 21 Materialanskaffning;
566 2057 119 21 Uppfinnare.

1312 224 111 31 Utskotts-
1495 228 55 17 Riks-

1111 250 56 32 Kungl.
1221 276 3 3 3
1303 253 129 31 utlåtanden,
1487 253 71 31 dagens
1619 247 115 16 Kamrarnas

1114 284 53 18 Maj:
1179 276 92 16 MOkloner
1297 288 95 17 memorial
1405 288 44 17 eller
1488 283 56 30 skri-
1606 276 141 21 förhandlingar

1059 308 26 20 År
1095 304 15 38 |
1113 317 51 15 prop:r
1307 314 133 30 betänkanden
1482 314 69 30 velser
1632 307 88 20 (protint)

1111 340 46 27 eller
1300 365 4 4 -

1113 374 54 14 Skriv]
1181 384 33 16 FK
1231 384 36 16 JAK
1288 372 16 50 i
1330 378 15 43 Z
1370 384 90 17 Nummer
1459 376 9 34 |
1477 384 91 16 Nummer
1590 368 70 48 Vireren.
1691 373 70 40 en

1050 473 53 20 19401
1128 473 25 20 354
1161 469 26 33 |
1192 486 24 1 —|
1243 486 27 2 —l
1293 474 21 19 11)
1339 473 12 20 31
1383 473 24 21 18
1502 474 23 20 71
1582 473 31 20 16:
1624 475 10 17 6
1684 474 29 20 16:
1726 477 23 17 14

1066 503 18 19 U

1051 843 52 20 1939]
1130 844 24 19 16
1160 838 27 35 |
1188 855 29 3 —|
1243 855 28 3 —J]
1293 843 22 20 111
1339 844 13 19 21
1383 842 24 20 10
1502 845 23 19 21
1594 843 54 21 8:11
1695 844 55 20 18:08

1066 873 19 20 U

1050 1153 50 20 1931]
1122 1154 39 19 1:4]
1189 1165 27 2 —I|
1243 1166 27 2 —1I
1297 1153 13 20 61
1340 1153 9 20 1|
1394 1152 13 20 4
1421 1152 45 20 s.221
1488 1154 40 20 4A
1543 1153 106 21 s.5l19:11
1658 1148 57 35 119:
1719 1148 32 35 78

1110 1184 22 20 pt
1145 1184 22 16 28)

1051 1362 51 21 1931]
1135 1363 12 19 7
1163 1358 27 34 |
1189 1374 29 2 —|
1243 1375 29 2 —]
1298 1362 13 20 91
1342 1362 8 20 11
1399 1363 9 18 3
1503 1363 26 19 22
1583 1362 54 19 10:35
1696 1362 20 20 9:
1728 1364 22 17 11

1052 1540 52 20 1932]
1128 1552 28 2 —
1184 1540 39 20 [1921
1237 1540 41 21 2801
1299 1541 13 20 91
1343 1540 8 20 11
1384 1540 25 20 15
1504 1540 27 21 68
1585 1540 31 20 15:
1627 1542 25 17 60
1663 1540 54 20 dl20:
1729 1542 9 18 7
1750 1540 13 20 d

1237 1570 40 20 373

1051 1826 54 20 1939]
1135 1827 13 19 4
1161 1822 27 34 |
1190 1838 28 2 —I
1244 1839 28 2 —lI
1295 1827 22 19 11
1341 1827 13 20 21
1385 1827 21 19 11
1504 1827 27 19 22
1597 1827 54 20 8AT
1698 1827 55 20 TER

1067 1856 19 20 U

1051 1945 53 20 1935]
1128 1945 27 20 89
1163 1941 27 34 I
1190 1957 27 2 —I
1244 1957 28 2 —I
1299 1945 12 20 91
1343 1945 66 20 11-35
1492 1945 38 20 188
1583 1945 34 20 22:
1628 1947 10 17 2
1650 1945 13 20 d
1685 1945 33 20 24:
1729 1945 35 21 4d

1382 1975 27 19 40
1583 1974 33 21 25:
1629 1977 22 17 11
1663 1975 115 20 d|26:120d]
