1845 2354
814 152 135 15 SAKREGISTER

1641 145 41 20 461

966 244 22 146 1883epsIA

1024 291 17 105 198[9ALIYS
1024 232 17 47 199

1043 362 17 54 ”doad
1043 290 22 65 sy:fen
1043 214 22 71 Bun

1081 268 95 18 Motioner

1238 238 94 18 Utskotts-

1227 268 111 18 utlåtanden

1203 299 47 17 eller
1262 299 98 18 memorial

1405 220 52 18 Riks-

1395 250 71 23 dagens

1409 280 47 18 skri-

1401 311 63 18 velser

1524 251 117 18 Kamrarnas

1509 281 145 23 förhandlingar

1085 377 33 17 FK

1137 377 36 17 AK

1196 359 17 57 "Tues

1238 364 17 49 PAV

1291 377 17 16 4

1292 395 11 9 +

1351 367 17 45 BpIS

1405 377 17 27 IN

1452 367 17 45 BpIs

1498 365 67 18 Första
1570 361 20 32 |
1598 365 66 18 Andra

1494 389 71 18 kamm.
1570 385 20 32 |
1595 390 70 17 kamm.

98 430 179 21 Farmaceutiska
293 430 114 22 institutet.

100 465 9 16 3
127 460 42 21 Till
180 461 104 20 täckande
295 468 26 14 av
332 461 98 21 motsedd
442 461 53 20 brist
494 456 10 36 i
518 461 26 20 de
556 463 31 19 tre
598 462 32 20 uti
640 461 166 21 farmaceutiska
816 462 118 20 institutets

142 492 43 19 stat
206 491 176 21 förekommande
405 491 101 27 anslagen
529 491 33 21 till
586 491 128 21 materialier
732 499 29 13 m.
781 498 36 18 m.,
833 491 34 21 till
883 498 51 20 upp-

142 521 113 26 värmning
278 528 28 13 m.
323 528 29 13 m.
369 521 40 20 och
425 521 33 20 till
473 521 143 26 egendomens
631 521 114 21 underhåll
761 528 28 14 m.
806 528 28 14 m.
851 522 84 20 anvisas

142 551 28 26 på
193 551 127 26 tilläggsstat
338 551 33 20 för
389 552 23 19 år
429 550 56 21 1922
502 553 31 19 ett
547 551 172 26 förslagsanslag,
736 552 68 25 högst,
822 551 12 20 9
844 551 42 21 000
903 551 30 21 kr.

127 628 47 20 Den
190 628 7 20 i
213 629 69 19 staten
297 628 34 20 för
345 628 166 20 farmaceutiska
527 628 107 21 institutet
650 630 109 25 upptagna
774 628 160 26 anslagsposten

143 657 33 21 till
185 658 54 26 hyra
246 658 33 20 för
286 657 81 21 lokaler
376 658 95 20 minskas
480 658 33 21 till
526 658 10 20 7
547 657 42 21 500
598 658 41 24 kr.;
648 658 40 20 och
697 658 101 27 uppföres
806 658 7 20 i
821 658 114 21 riksstaten

142 687 33 21 för
198 687 125 26 budgetåret
347 686 127 29 1923/1924
489 688 37 20 det
541 688 44 20 ord.
602 688 96 26 anslaget
713 688 34 20 till
762 688 108 21 institutet
885 687 50 21 med

143 717 28 21 58
179 717 44 21 400
239 717 38 25 kr.;
294 724 26 14 av
336 717 37 21 det
387 717 34 21 till
437 717 107 27 ändrings-
559 725 29 13 m.
600 718 20 20 fl.
633 718 86 20 arbeten
730 718 36 21 vid
777 718 99 20 tekniska
886 718 48 26 hög-

142 747 86 21 skolans
241 747 71 26 gamla
323 747 99 27 byggnad
433 748 33 20 för
477 747 41 21 den
529 748 98 20 kemiska
637 748 126 20 fackskolan
773 747 37 21 vid
821 747 114 26 Teknolog-

142 779 64 24 gatan
222 777 7 20 i
245 777 125 21 Stockholm
393 778 33 20 för
449 779 32 19 att
496 778 7 20 i
519 777 70 21 denna
613 778 96 26 byggnad
727 777 77 21 bereda
819 777 80 21 lokaler
914 778 22 20 åt

140 807 167 20 farmaceutiska
322 808 108 20 institutet
445 807 107 27 beviljade
569 808 100 26 beloppet
679 808 12 20 å
703 807 41 21 125
754 807 42 21 000
808 807 31 21 kr.
852 808 84 20 anvisas

141 837 33 20 för
198 837 124 26 budgetåret
346 836 127 28 1923/1924
492 838 70 20 såsom
579 839 60 19 extra
654 837 215 27 reservationsanslag
884 838 52 20 åter-

142 866 75 21 stoden
233 867 52 20 eller
301 867 27 21 60
338 867 43 21 000
397 867 41 24 kr.;
456 867 33 20 till
500 867 249 27 laboratorieutrustning
760 874 28 14 m.
801 874 28 13 m.
841 868 7 19 i
859 867 76 20 farma-

142 897 96 20 ceutiska
253 897 118 21 institutets
388 904 42 20 nya
444 897 81 21 lokaler
535 898 85 20 anvisas
630 898 33 20 för
674 897 124 27 budgetåret
810 895 126 30 1923/1924

142 928 30 19 ett
195 928 60 19 extra
277 927 216 25 reservationsanslag
514 934 26 14 av
564 927 78 21 30000
666 928 38 24 kr.;
724 928 33 20 för
776 927 118 21 beredande
910 934 26 13 av

141 956 122 27 ytterligare
287 957 71 20 medel
381 957 68 20 under
467 957 59 20 tiden
544 957 10 20 1
571 958 44 26 jan.
634 957 116 21 1923—30
766 958 48 26 juni
832 957 55 20 1924
904 957 32 20 för

142 987 56 20 vissa
212 987 7 19 i
230 987 167 20 farmaceutiska
406 987 119 21 institutets
536 989 42 19 stat
588 989 111 24 upptagna
709 987 107 25 ändamål,
828 987 107 26 nämligen

142 1016 33 20 till
199 1016 130 21 materialier
352 1024 28 13 m.
404 1024 37 19 m.,
457 1017 33 20 till
506 1017 160 26 uppvärmning
681 1024 28 13 m.
727 1024 28 13 m.
772 1017 40 20 och
827 1016 34 21 till
877 1023 58 20 egen-

142 1046 90 21 domens
251 1046 113 21 underhåll
384 1053 27 14 m.
428 1054 28 13 m.
474 1047 85 21 anvisas
574 1048 33 19 för
624 1047 124 26 budgetåret
764 1045 126 29 1923/1924
906 1048 31 19 ett

143 1077 60 19 extra
222 1076 73 26 anslag
310 1077 13 19 å
340 1076 26 21 15
376 1076 43 21 000
435 1076 39 25 kr.;
491 1077 40 20 och
547 1077 84 20 anvisas
648 1077 100 26 slutligen
764 1077 33 20 för
813 1076 124 26 budgetåret

145 1104 126 29 1923/1924
290 1108 31 19 ett
340 1108 60 19 extra
416 1106 74 26 anslag
505 1113 26 14 av
547 1106 93 21 200000
656 1106 31 21 kr.
705 1108 31 19 att
751 1108 93 19 avsättas
860 1106 34 21 till
910 1113 26 13 en

142 1142 27 14 av
179 1136 153 21 statskontoret
342 1136 108 21 förvaltad
460 1136 60 25 fond,
532 1136 83 21 vilkens
626 1136 128 27 avkastning
764 1136 55 21 skall
828 1136 108 21 användas

141 1165 34 20 för
196 1166 128 26 främjande,
344 1166 171 26 huvudsakligen
535 1166 36 21 vid
586 1166 137 26 bergsskolan
739 1167 7 19 i
762 1166 131 25 Stockholm,
910 1172 26 14 av

142 1195 251 28 tekniskt-vetenskaplig
408 1196 111 27 forskning
535 1196 60 21 inom
611 1196 26 21 de
653 1196 36 21 vid
704 1196 95 21 nämnda
815 1196 121 26 bergsskola

142 1225 122 21 företrädda
280 1226 210 27 vetenskapsgrenar.

100 1302 7 15 1
127 1297 50 21 Ord.
194 1298 96 26 anslaget
304 1297 34 21 till
354 1298 166 21 farmaceutiska
535 1298 108 20 institutet
658 1298 96 20 minskas
765 1298 49 20 med
828 1298 10 20 7
850 1297 42 21 500
904 1298 31 20 kr.

142 1327 34 20 till
193 1327 27 21 50
229 1327 42 21 900
287 1327 31 21 kr.

98 1404 10 15 2
126 1399 41 20 För
183 1399 119 21 beredande
319 1406 26 14 av
360 1399 68 21 ökade
445 1399 70 21 medel
531 1399 68 21 under
614 1399 58 21 tiden
686 1399 10 21 1
708 1399 41 27 juli
762 1399 115 21 1924—30
888 1399 48 27 juni

142 1428 57 21 1925
224 1429 33 20 för
278 1429 56 21 vissa
350 1430 7 19 i
372 1429 167 21 farmaceutiska
556 1429 118 21 institutets
690 1431 43 19 stat
748 1426 109 41 upptagna
873 1429 63 20 ända-

141 1458 51 26 mål,
216 1459 109 26 nämligen
344 1459 33 20 till
394 1459 129 20 materialier
539 1466 28 14 m.
584 1466 36 18 m.,
638 1459 33 20 till
687 1455 158 42 uppvärmning
861 1466 29 13 m.
907 1466 28 13 Mm.

141 1488 39 21 och
204 1488 34 20 till
261 1488 143 27 egendomens
427 1489 114 20 underhåll
565 1496 28 13 m.
611 1495 28 14 m.
660 1489 83 21 anvisas
764 1489 32 20 för
812 1489 125 26 budgetåret

143 1517 126 29 1924/1925
286 1520 31 19 ett
333 1520 60 20 extra
408 1519 75 26 anslag
498 1520 13 19 å
526 1518 28 21 14
562 1518 43 22 000
616 1519 31 20 kr.

126 1590 41 20 För
182 1590 120 20 beredande
318 1597 26 14 av
360 1590 68 20 ökade
444 1590 71 21 medel
531 1590 68 21 under
614 1590 59 20 tiden
685 1590 10 20 1
708 1590 41 27 juli
761 1589 116 21 1925—30
888 1590 48 26 juni

143 1619 56 20 1926
215 1620 34 20 för
264 1620 56 20 vissa
330 1620 7 20 i
348 1620 167 20 farmaceutiska
526 1620 118 20 institutets
655 1621 42 19 stat
708 1622 110 24 upptagna
828 1619 107 25 ändamål,

142 1649 109 26 nämligen
274 1649 34 21 till
332 1650 130 20 materialier
480 1657 29 13 m.
526 1656 35 17 m.,
582 1650 34 20 till
632 1650 159 26 uppvärmning
806 1656 29 14 m.
852 1656 28 13 m.
897 1649 39 21 och

140 1679 34 20 till
185 1679 143 26 egendomens
336 1679 114 21 underhåll
459 1687 29 13 m.
497 1687 36 18 m.,
543 1680 84 21 anvisas
636 1680 32 20 för
676 1679 125 27 budgetåret
810 1678 125 26 1925/1926

141 1710 31 19 ett
187 1711 61 19 extra
263 1709 74 26 anslag
352 1716 26 14 av
396 1709 79 21 14500
491 1710 31 20 kr.

126 1781 38 20 RD
185 1781 110 25 förklarar,
313 1783 31 19 att
359 1781 252 27 avlöningsreglementet
626 1782 33 20 för
675 1782 209 26 befattningshavare
900 1781 36 20 vid

141 1810 203 27 statsdepartement
367 1811 38 21 och
430 1811 57 21 vissa
511 1811 66 21 andra
595 1811 58 25 verk,
670 1811 129 21 tillhörande
815 1811 42 20 den
873 1811 63 20 civila

140 1841 220 26 statsförvaltningen,
376 1841 55 21 skall
448 1842 24 20 fr.
490 1848 19 14 o.
526 1848 28 13 m.
571 1841 42 21 den
630 1841 11 20 1
658 1841 41 27 juli
717 1841 55 21 1926
789 1843 39 24 äga
843 1840 93 27 tillämp-

140 1871 52 25 ning
207 1871 12 20 å
235 1871 45 20 ord.
298 1871 210 26 befattningshavare
528 1871 35 21 vid
582 1871 166 21 farmaceutiska
766 1871 113 24 institutet;
896 1871 39 20 och

140 1900 117 21 fastställes
276 1902 42 19 stat
333 1901 34 20 för
382 1901 166 20 farmaceutiska
563 1901 116 24 institutet;
697 1901 39 20 och
752 1901 101 26 uppföres
869 1900 68 21 under

140 1930 126 21 riksstatens
282 1930 33 21 8:e
326 1930 41 20 HT
377 1942 29 3 —
417 1931 50 20 med
478 1930 137 21 uteslutande
626 1937 26 14 av
664 1931 109 21 därstädes
784 1930 68 21 under
862 1930 74 21 rubrik

141 1960 165 20 farmaceutiska
330 1961 108 20 institutet
461 1961 89 26 uppfört
568 1960 44 21 ord.
632 1961 74 26 anslag
725 1961 12 20 å
756 1960 81 21 50900
861 1960 31 20 kr.
908 1972 28 2 —

141 1989 68 21 under
232 1990 74 20 rubrik
329 1990 166 21 farmaceutiska
517 1990 108 21 institutet
648 1990 34 21 till
700 1991 124 25 avlöningar
842 1992 31 18 ett
891 1990 44 20 ord.

140 2019 165 27 förslagsanslag
320 2026 26 14 av
363 2020 28 20 74
401 2020 41 20 750
458 2020 32 20 kr.
507 2022 57 19 samt
579 2020 33 20 till
629 2020 129 21 materialier
768 2027 28 13 m.
809 2027 28 13 m.
850 2021 31 19 ett
891 2019 44 21 ord.
945 2024 2 31 |

140 2049 218 27 reservationsanslag
373 2056 26 14 av
416 2050 27 20 22
453 2049 43 21 900
512 2050 31 20 kr.
945 2048 2 19 I

949 461 56 21 1922

951 627 55 23 1923

951 1295 57 23 1924!

951 1588 57 23 1925)

951 1779 57 23 1926

1020 462 17 57 =
1005 468 38 15 Nn

1043 461 22 53 30

1022 628 41 21 18

1015 663 57 23 p.110

1024 1296 41 21 178

1021 1331 46 23 p-88

1024 1398 41 21 1:8

1021 1433 46 23 p-89

1017 1589 18 20 1:
1052 1589 12 20 8

1016 1630 17 17 p.
1038 1624 34 18 107

1024 1780 41 21 1:85

1021 1815 46 23 p-89

1082 1780 41 21 172

1082 1810 41 21 173

1134 1780 42 20 225

1135 1810 41 20 226

1280 463 39 20 8B

1351 635 24 15 40

1352 1302 24 16 54

1352 1594 25 16 70

1353 1785 24 16 TT

1352 1403 24 16 54

1395 462 39 20 8B

1458 468 10 15 e

1394 628 12 21 8
1416 628 51 22 Al27

1395 1297 12 20 8
1417 1297 52 21 Als7

1499 462 33 22 17:
1543 467 24 16 88
1569 458 18 35 |
1599 462 69 21 20:42

1499 629 32 21 20:
1543 634 24 16 23
1573 624 15 36 |
1592 629 33 20 20:
1637 628 40 21 16d

1500 1398 33 21 27:
1544 1403 24 15 25
1581 1424 2 8 |
1601 1398 33 20 0:

1501 1588 32 20 19:
1545 1594 24 15 22
1571 1584 22 34 |
1602 1588 32 20 21:
1646 1593 24 16 36

1582 1656 1 24 |

1582 1686 1 12 I

1494 1779 32 20 28:
1538 1764 46 36 s2d|
1602 1779 67 21 28:51
