1794 2329
139 59 27 21 88
828 57 223 20 SAKREGISTER

153 244 186 24 Avskrivningar
349 244 43 20 och
403 244 130 25 eftergifter

168 279 10 14 6
197 273 39 21 RD
248 273 125 25 medgiver,
385 274 34 20 att
430 274 194 24 skogsarbetaren
636 273 26 20 K.
674 274 16 20 I.
701 273 104 21 Tiensuu
816 273 38 20 må
864 285 30 2 —
904 273 78 20 därest
992 272 48 20 han

195 303 65 20 inom
275 303 33 20 tid
324 309 50 14 som
389 309 29 14 av
432 303 27 20 K.
473 304 45 19 M:t
532 303 140 20 bestämmes
687 303 35 20 till
736 303 228 25 järnvägsstyrelsen
977 302 63 20 inbe-

196 333 60 20 talar
272 333 40 20 100
327 333 42 23 kr.,
383 333 129 25 utgörande
526 333 35 20 del
576 339 28 14 av
617 333 130 25 ersättning
761 332 36 20 för
811 332 229 25 rättegångskostna-

197 363 40 20 der
248 374 24 3 —
271 362 106 21 befrias
390 362 53 20 från
455 363 87 19 honom
555 362 121 25 åliggande
689 362 134 20 resterande
835 361 205 25 ersättningsskyl-

196 392 79 25 dighet
286 392 149 21 beträffande
447 392 261 25 rättegångskostnader
720 392 110 20 ävensom
841 391 86 20 honom
939 391 101 25 åliggan-

197 422 27 20 de
236 422 290 25 skadeståndsskyldighet
536 422 35 20 till
584 422 91 20 kronan
686 422 7 19 i
704 422 126 25 anledning
841 427 28 14 av
880 427 28 14 en
919 427 28 14 av
958 421 82 25 Pajala

196 452 44 20 och
256 452 176 25 Korpilombolo
448 452 112 25 tingslags
576 452 136 20 häradsrätt
727 451 45 21 den
789 451 25 21 17
832 451 57 20 febr.
907 450 55 21 1955
978 451 62 20 med-

196 482 68 20 delad
274 482 61 20 dom.

169 517 9 14 7
197 512 39 20 RD
247 511 125 25 medgiver,
383 512 33 20 att
427 511 61 20 Irma
499 511 129 20 Constance
638 511 74 20 Maria
722 511 110 20 Ericsson
842 510 38 20 må
889 509 87 21 befrias
987 510 53 20 från

195 541 77 20 henne
285 541 122 25 åliggande
419 541 147 20 återstående
577 540 266 26 betalningsskyldighet
855 540 35 21 till
902 540 91 20 kronan
1004 540 36 20 till

196 570 60 26 följd
268 577 28 14 av
306 577 29 14 en
346 577 28 14 av
383 571 76 20 henne
469 570 112 21 utfärdad
592 570 213 21 skuldförbindelse
815 570 45 20 den
870 569 26 21 27
908 569 57 21 febr.
977 569 62 21 1923.

168 606 10 15 8
197 601 39 20 RD
250 601 124 25 medgiver,
388 601 34 19 att
434 606 71 14 envar
517 606 29 14 av
559 600 200 20 skiftförmannen
772 600 25 20 R.
810 599 122 26 Högbladh
944 600 44 19 och
1001 605 39 14 an-

197 630 246 26 läggningsarbetaren
456 630 26 20 K.
494 630 28 20 H.
534 630 125 20 Hedström
671 629 38 20 må
721 629 87 20 befrias
821 629 53 20 från
886 629 87 20 honom
985 629 55 25 ålig-

196 660 75 25 gande
288 659 290 26 skadeståndsskyldighet
595 660 34 19 till
648 659 91 20 kronan
755 660 8 19 i
780 659 126 25 anledning
923 665 27 14 av
967 665 28 14 en
1013 665 27 13 av

196 690 201 25 Ängermanlands
407 690 79 19 västra
497 690 122 24 domsagas
630 689 134 20 häradsrätt
775 689 44 20 den
829 689 12 20 2
852 688 48 21 dec.
912 688 55 21 1953
978 689 62 19 med-

197 720 67 20 delad
274 720 61 20 dom.

169 755 9 14 9
197 749 39 20 RD
247 749 153 25 bemyndigar
411 749 26 20 K.
449 749 45 20 M:t
505 749 34 20 att
549 749 8 19 i
567 748 47 20 viss
625 748 165 25 utsträckning
799 748 88 24 jämväl
898 747 37 21 för
945 747 95 26 budget-

196 779 50 20 året
268 778 90 21 1956/57
380 778 106 25 medgiva
506 777 108 21 befrielse
634 777 54 21 från
709 777 276 25 ersättningsskyldighet
1005 777 35 20 till

197 808 98 21 kronan.

155 843 23 15 10
197 838 39 20 RD
248 838 117 25 medgiver
375 837 109 21 befrielse
494 837 54 20 från
558 837 47 20 viss
616 836 277 26 ersättningsskyldighet
903 837 35 20 till
950 836 90 21 kronan

197 868 37 20 för
248 868 112 20 dödsboet
375 867 58 20 efter
448 867 23 20 C.
486 867 21 20 S.
522 867 140 20 Gustafsson
676 867 77 20 Drake
767 866 24 20 af
804 866 147 25 Hagelsrum,
965 866 37 20 för
1016 866 23 20 G.

196 898 26 19 N.
238 897 126 23 Johnsson,
381 897 21 20 S.
418 897 36 20 W.
471 897 104 20 Pamnell
591 897 43 19 och
650 897 23 19 C.
689 896 21 20 S.
725 896 134 24 Adolfsson,
875 896 24 20 G.
914 896 36 20 W.
966 896 74 25 Hjuk-

197 928 80 22 ström,
287 927 21 20 S.
318 927 24 20 G.
352 927 87 20 Thulin
448 927 44 19 och
501 927 27 19 K.
538 926 24 20 G.
571 927 170 19 Hallstensson.

156 963 21 14 11
197 957 39 20 RD
253 957 123 25 medgiver,
392 957 35 19 att
442 956 147 20 Stockholms
605 956 163 20 stadsmission
784 955 45 24 må,
844 955 29 20 fr.
887 961 21 14 o.
923 961 30 15 m.
968 955 45 21 den
1029 955 9 19 1

196 987 44 24 juli
256 986 56 21 1956
326 987 16 19 t.
351 992 20 14 o.
381 992 30 14 m.
426 986 44 20 den
484 985 27 21 30
526 986 52 24 juni
593 985 54 21 1961
663 985 88 21 erhålla
765 985 95 20 fortsatt
874 984 100 21 anstånd
988 985 52 20 med

197 1016 162 25 skyldigheten
374 1017 34 18 att
421 1016 76 19 inlösa
512 1015 36 20 för
562 1015 152 19 anordnande
728 1021 28 13 av
770 1014 270 25 ungdomsvårdsskolan

197 1045 219 21 Skarvik-Tallåsen
429 1045 125 24 uppburna
568 1044 99 20 statslån
681 1044 13 20 å
706 1044 98 25 tillhopa
819 1044 40 20 745
870 1044 41 20 000
925 1044 34 20 kr.
973 1044 67 20 även-

197 1081 50 14 som
257 1076 34 19 att
300 1075 92 24 erlägga
402 1075 68 19 ränta
480 1074 12 20 å
502 1074 126 20 desamma.

155 1110 23 14 12
197 1105 39 19 RD
248 1104 124 25 medgiver,
384 1105 34 19 att
429 1104 144 24 apotekarna
583 1104 27 19 H.
622 1103 25 20 E.
658 1104 66 19 Blom
735 1103 43 20 och
788 1103 21 20 J.
820 1103 26 20 A.
857 1103 74 20 Berke
941 1103 99 20 erhåller

196 1134 133 24 återbäring
347 1133 53 20 från
416 1133 174 20 vederbörande
606 1133 156 20 inkomsttitel
779 1139 28 14 av
823 1133 8 20 i
848 1132 193 25 statsrådsproto-

197 1164 71 20 kollet
280 1164 54 19 över
347 1163 183 20 finansärenden
543 1163 36 19 för
591 1163 44 19 den
647 1163 12 20 2
672 1168 63 14 mars
749 1162 55 20 1956
816 1162 98 20 berörda
926 1161 114 21 skattebe-

198 1193 61 25 lopp,
272 1193 66 20 Blom
351 1193 52 19 med
416 1192 13 20 4
439 1192 41 20 538
494 1193 34 19 kr.
541 1192 27 20 22
581 1193 39 19 öre
632 1192 43 20 och
688 1192 73 20 Berke
773 1192 52 20 med
838 1191 12 21 2
860 1191 41 21 381
915 1192 34 19 kr.
963 1192 26 20 19
1002 1192 38 19 öre

197 1223 61 19 samt
273 1223 34 19 att
322 1222 112 20 dödsboet
449 1222 58 20 efter
522 1221 16 21 f:
553 1222 22 20 d.
590 1222 230 19 kammarskrivaren
834 1222 27 19 D.
875 1221 20 20 J.
910 1221 26 20 N.
950 1221 91 25 Norrby

197 1252 87 20 befrias
296 1251 53 20 från
361 1251 163 25 skyldigheten
536 1252 34 19 att
581 1251 79 25 utgiva
671 1252 33 19 ett
714 1251 8 20 i
733 1251 103 20 nämnda
848 1250 193 25 statsrådsproto-

197 1282 47 19 koll
254 1282 123 19 omnämnt
385 1281 84 25 belopp
479 1287 28 14 av
516 1281 13 20 6
539 1281 40 20 767
590 1281 34 19 kr.
635 1281 26 20 75
671 1281 46 19 öre.

156 1317 22 14 13
197 1311 44 20 Till
259 1311 135 25 avveckling
411 1316 28 14 av
454 1310 58 20 visst
528 1310 194 20 mellanhavande
738 1310 86 20 mellan
840 1310 76 20 staten
932 1310 44 19 och
990 1309 51 20 Älv-

198 1340 95 26 karleby
303 1341 113 19 kommun
427 1340 93 20 anvisas
531 1339 26 21 75
567 1340 41 20 000
619 1340 34 20 kr.

156 1376 24 14 14
198 1370 39 20 RD
252 1370 153 25 bemyndigar
420 1370 27 20 K.
462 1370 45 20 M:t
522 1370 34 20 att
571 1369 111 25 eftergiva
697 1369 179 21 domänverkets
892 1369 96 20 fordran
1003 1374 38 14 om

197 1400 27 20 38
234 1400 42 20 200
292 1400 87 19 kronor
394 1399 14 20 å
422 1399 137 20 Mariefreds
575 1399 51 20 stad
642 1399 29 25 på
686 1399 75 25 grund
776 1405 28 14 av
819 1398 107 21 eftersatt
940 1398 101 26 nybygg-

197 1429 194 26 nadsskyldighet
406 1429 14 20 å
435 1429 64 20 förra
515 1429 209 20 kronohemmanet
741 1429 9 19 1
767 1429 89 20 mantal
872 1428 98 20 Svansta
985 1434 28 14 nr
1030 1428 9 20 1

197 1460 8 20 i
214 1459 133 20 Mariefred.

198 1507 39 20 RD
251 1507 117 25 medgiver
380 1507 26 19 K.
420 1506 44 20 M:t
476 1507 34 19 att
522 1506 72 25 enligt
605 1506 7 20 i
624 1506 124 20 huvudsak
760 1506 28 20 de
799 1506 102 25 grunder
912 1506 44 19 och
968 1505 73 20 förut-

198 1536 137 25 sättningar,
349 1542 50 14 som
411 1536 99 25 angivits
522 1542 28 14 av
561 1536 251 24 jordbruksutskottet,
823 1535 105 20 förklara
939 1536 34 19 att
984 1535 57 20 krav

197 1566 30 25 på
237 1566 170 25 återbetalning
416 1572 29 14 av
454 1566 88 19 statens
552 1565 97 20 fordran
658 1565 29 25 på
697 1566 75 24 grund
782 1571 27 14 av
819 1565 145 25 Föreningen
973 1565 68 19 Norr-

198 1596 115 20 landslins
329 1601 22 14 u.
368 1601 21 19 p.
406 1601 20 14 a.
443 1595 38 20 lån
497 1601 28 14 ur
540 1594 273 26 hemslöjdslånefonden
828 1594 52 21 icke
895 1595 59 19 skall
971 1594 70 20 fram-

198 1625 81 20 ställas
297 1625 82 20 förrän
396 1625 8 19 i
422 1625 113 20 samband
553 1625 52 19 med
624 1624 149 25 föreningens
792 1624 138 20 likvidation
947 1624 43 20 och
1008 1625 33 19 att

198 1655 77 20 denna
286 1656 89 18 statens
387 1654 96 20 fordran
493 1654 39 20 vid
543 1654 169 20 likvidationen
723 1654 59 20 skall
793 1654 68 25 göras
872 1654 107 25 gällande
989 1654 52 19 med

198 1685 47 19 rätt
258 1684 60 20 efter
331 1684 79 25 övirga
423 1684 133 25 fordringar
568 1684 43 19 hos
625 1683 120 25 företaget,
759 1684 61 19 samt
832 1684 41 23 att,
887 1683 69 20 såvitt
970 1683 71 25 angår

198 1714 104 20 kronans
318 1714 54 23 rätt,
389 1713 83 20 hinder
488 1713 51 20 icke
555 1713 60 20 skall
632 1713 112 25 föreligga
760 1713 36 20 för
812 1713 145 24 Föreningen
973 1713 68 20 Norr-

198 1743 103 20 landslin
315 1749 23 14 u.
353 1749 21 19 p.
390 1749 19 14 a.
424 1744 34 19 att
472 1743 109 20 avskriva
595 1743 51 19 sina
661 1742 132 25 fordringar
806 1742 43 20 hos
863 1742 79 21 odlare
956 1742 37 20 för
1006 1744 35 18 ut-

198 1773 200 20 sädesleveranser
415 1773 36 19 till
470 1772 55 21 1956
544 1772 37 20 års
599 1772 85 25 odling,
701 1772 8 20 i
726 1772 55 20 mån
798 1778 29 14 av
842 1772 75 20 behov
934 1772 107 20 avskriva

198 1802 146 25 Föreningen
354 1802 163 20 Norrlandslin
528 1808 22 14 u.
561 1808 22 19 p.
594 1808 20 14 a.
625 1808 28 13 ur
663 1801 272 25 hemslöjdslånefonden
946 1801 95 25 bevilja-

199 1833 28 19 de
241 1832 46 23 lån,
301 1832 44 20 och
359 1838 28 13 av
401 1832 27 20 de
442 1832 35 19 till
492 1832 51 19 stöd
558 1831 24 20 åt
597 1831 55 20 1956
667 1831 37 20 års
718 1831 79 25 odling
811 1837 28 15 av
852 1831 32 20 lin
898 1831 44 20 och
955 1831 85 25 hampa

199 1862 111 20 anvisade
323 1861 82 24 medel,
418 1861 63 20 vilka
494 1861 67 25 ingår
574 1861 8 20 i
595 1861 39 20 det
647 1861 13 20 å
673 1861 128 20 riksstaten
814 1861 74 20 under
901 1861 86 20 nionde
999 1861 42 20 hu-

197 1891 116 20 vudtiteln
329 1891 111 20 anvisade
455 1891 262 24 reservationsanslaget
732 1890 187 26 Prisreglerande
935 1890 107 26 åtgärder

198 1921 30 25 på
239 1920 151 26 jordbrukets
402 1920 102 23 område,
515 1920 36 20 till
562 1920 145 25 Föreningen
718 1920 176 20 Norrlandslins
905 1926 22 14 u.
938 1926 22 19 p.
972 1926 19 14 a.
1002 1920 39 20 od-

199 1951 48 20 lare
259 1950 105 20 utbetala
377 1950 41 20 300
432 1950 34 20 kr.
480 1956 40 19 per
532 1949 85 21 hektar
629 1949 72 25 enligt
714 1949 112 21 kontrakt
839 1950 52 20 med
904 1949 137 26 föreningen

198 1980 26 20 år
236 1980 57 20 1956
304 1980 69 20 odlad
385 1980 104 23 linareal,
500 1979 78 20 vilken
589 1979 51 20 icke
651 1979 198 25 Kontraktsenligt
859 1979 67 20 blivit
936 1979 104 20 utdömd.

172 2033 6 15 1
198 2028 40 20 RD
249 2027 153 25 bemyndigar
413 2027 26 20 K.
451 2027 44 20 M:t
506 2027 34 20 att
550 2027 8 19 i
568 2027 48 20 viss
626 2026 165 26 utsträckning
800 2026 88 25 jämväl
900 2026 36 21 för
946 2026 95 26 budget-

198 2057 49 20 året
269 2056 91 21 1957/58
382 2056 105 26 medgiva
507 2056 109 20 befrielse
636 2056 53 20 från
710 2056 276 26 ersättningsskyldighet
1006 2056 34 20 till

199 2087 98 20 kronan.

1181 145 99 30 Motioner
1341 145 78 30 Utskott
1468 161 40 17 Skri
1581 149 93 17 Protokoll

1060 170 25 20 År
1084 166 16 32 |
1108 173 52 21 Prop.
1494 166 31 36 el

1191 203 30 17 FK
1224 199 23 30 |
1255 203 32 17 AK
1309 203 86 17 |SmllAvd!
1418 203 26 17 Nr
1566 203 30 17 FK
1664 203 33 17 AR

1063 274 29 21 56)
1130 276 27 20 191
1203 288 26 2 —I
1269 288 26 2 —JI
1334 276 13 20 6)
1369 288 27 2 —I
1425 276 28 20 251
1491 276 104 20 7316:
1576 270 23 36 9
1649 276 21 21 6:
1686 281 22 15 24

1132 310 10 15 2
1444 310 10 16 8

1063 512 29 22 56)
1131 514 27 21 "191
1203 526 27 3 —TI
1269 526 26 3 —1
1334 515 13 20 6)
1370 527 26 2 —I
1425 514 94 21 "251-781
1549 514 46 21 6:97
1623 508 19 37 |
1649 515 21 20 6:
1686 519 22 16 24

1131 549 10 15 3
1444 549 10 15 9

1063 601 29 22 56]
1130 604 27 20 191
1203 616 27 2 —]
1269 605 127 19 —)ho6)—]
1425 604 94 20 251-781
1549 604 46 20 6:
1579 597 38 37 97
1616 597 24 37 I
1650 604 20 21 6:
1686 609 22 15 24

1131 638 11 15 4
1434 638 21 15 10

1063 750 30 22 56)
1130 753 28 20 361
1204 764 26 3 —|
1269 765 26 2 —LI
1334 753 13 20 6)
1370 753 82 20 —I-271
1491 753 27 20 771
1550 753 46 20 7:87
1651 753 19 20 7:
1686 758 21 15 21

1125 787 22 15 53

1063 840 30 22 56|
1130 842 28 20 361
1204 853 26 3 —I
1269 854 26 2 —I
1335 843 12 20 6)
1370 854 26 3 —I
1425 842 27 20 271
1492 842 26 20 771
1550 842 46 20 7:
1581 836 18 36 8
1614 836 28 36 |
1651 843 20 20 7:
1687 847 20 15 21

1139 876 8 16 1

1063 959 30 22 56)
1111 961 50 20 1:26]
1204 973 26 3 —JI
1269 973 26 3 —IlI
1335 962 13 20 6!
1370 974 26 2 —1I
1426 961 93 20 661165
1536 961 34 20 114:
1585 965 22 15 30
1637 961 34 21 14:
1687 966 22 15 48

1126 996 21 15 10
1434 995 20 16 17

1064 1101 29 22 56)
1130 1104 28 20 92]
1204 1115 26 3 .—1
1269 1115 27 3 —T1
1335 1104 13 20 6)
1371 1116 25 2 —I
1426 1103 144 21 721184114:
1586 1108 22 15 64
1637 1103 34 21 14:
1687 1108 21 15 77

1064 1309 29 21 56)
1111 1311 50 20 1:13]
1204 1323 26 2 —|
1270 1323 26 2 —I
1335 1312 13 19 61
1371 1323 26 2 —I
1427 1311 25 20 111
1493 1311 77 20 11115:
1586 1316 22 15 29
1637 1311 34 20 115:
1687 1316 21 15 66

1119 1335 33 36 226
1422 1345 33 15 163

1064 1368 29 22 56)
1116 1371 42 20 154
1164 1364 28 37 |
1204 1382 26 3 —|
1269 1371 78 21 —]10l
1370 1383 26 2 —|
1426 1370 144 21 271248118:
1586 1375 21 16 56
1637 1371 71 20 118:116

1063 1505 30 22 561)
1116 1508 42 20 186
1165 1501 19 37 |
1204 1520 26 2 —|
1269 1519 27 3 —LI
1321 1508 26 20 101
1371 1520 25 2 —I
1426 1508 144 21 391380130:
1586 1508 85 21 22-120:
1687 1508 41 20 92d

1061 1535 23 22 H

1063 2027 95 23 57/06
1165 2023 29 37 I
1204 2042 26 2 —]
1269 2042 26 2 —I
1335 2030 12 20 6]
1370 2042 26 2 —1"
1426 2030 245 21 384111517:120:1]'7:
1687 2035 22 15 37
