1850 2363
173 153 42 21 192
907 160 137 16 SAKREGISTER

194 437 168 28 Avsöndringar
377 445 27 14 m.
421 445 26 14 m.

236 468 69 21 under
327 469 58 20 vissa.
408 469 91 26 angivna
522 468 83 25 villkor,
622 469 57 24 eller,
696 469 71 20 därest
782 469 66 20 Hilda
864 470 103 20 Pehrsson
984 470 47 20 icke

236 498 69 21 under
327 499 93 26 angivna
442 499 78 20 villkor
543 499 78 20 önskar
639 499 98 21 förvärva
752 499 138 26 egendomen,
906 500 12 19 å
934 500 97 26 offentlig

236 529 90 20 auktion
341 529 34 20 till
391 529 41 20 den
448 528 179 27 högstbjudande.

179 593 24 15 44
221 588 38 20 RD
275 588 109 26 medgiver
402 588 127 27 försäljning
548 595 26 14 av
592 588 199 27 kronoegendomen
809 589 10 20 1
836 589 82 20 mantal
934 589 98 21 Bällskär

237 625 25 13 nr
280 618 10 21 1
307 618 96 27 Norgård
418 619 7 20 i
441 619 71 20 Backa
528 619 83 20 socken.

207 678 61 20 Inom
285 677 116 28 Älvsborgs
416 678 45 20 län:

179 712 25 17 45
222 708 38 20 RD
275 708 115 26 medgiver,
407 710 32 18 att
454 708 151 26 lägenheterna
616 708 61 21 Stora
692 708 99 21 Bönerud
807 709 39 20 och
862 709 55 20 Lilla
932 709 99 20 Bönerud

237 738 50 20 med
303 738 25 20 de
345 738 108 24 områden,
470 745 46 14 som
533 738 69 20 finnas
618 739 92 25 angivna
725 739 13 19 å
753 738 26 21 de
795 738 7 20 i
815 739 87 20 ärendet
912 739 119 26 åberopade

237 768 77 24 kartor,
326 769 36 19 må
370 768 125 27 frånskiljas
504 768 148 26 kronoparken
662 768 127 21 Strömsäter
797 769 7 19 i
813 769 131 26 Valbo-Ryrs
953 769 78 20 socken

237 798 40 20 och
296 798 50 20 med
362 798 82 20 kronan
460 798 108 26 tillhöriga
583 798 122 26 byggnader
720 805 38 14 var
773 799 33 20 för
821 799 31 25 sig
867 799 98 26 försäljas
982 799 49 20 med

237 828 150 20 hembudsrätt
403 830 31 18 för
450 828 24 20 G.
491 828 121 20 Johansson
628 828 32 20 till
677 828 128 26 lägenheten
821 829 56 20 Lilla
892 829 105 20 Bönerud.

179 898 24 16 46
221 894 39 20 RD
275 893 115 27 medgiver,
407 895 31 19 att
453 894 95 26 följande
564 894 44 20 fem
624 894 8 20 i
647 894 232 27 statsrådsprotokollet
889 894 143 21 omförmälda

236 923 109 25 områden,
362 926 70 24 torpet
448 924 119 20 Solbacken
583 926 57 18 samt
655 926 106 18 tomterna
777 931 25 13 nr
818 924 17 25 I,
852 924 28 25 II,
897 924 34 20 III
942 925 39 20 och
993 925 37 24 IV,

236 954 37 20 må
296 960 37 14 var
353 954 34 20 för
409 954 32 26 sig
464 954 50 20 med
529 954 8 20 i
552 960 84 14 samma
656 954 107 26 protokoll
781 954 86 26 angivet
882 954 86 21 område
984 955 47 20 från

236 984 200 25 kronoegendomen
461 983 27 27 ?/,
508 984 82 20 mantal
612 984 146 27 Amundebyn
776 991 25 13 nr
822 984 10 20 1
849 985 7 19 i
872 985 65 20 Tösse
953 985 78 20 socken

235 1013 105 27 försäljas.

179 1077 25 16 47
221 1073 38 20 RD
275 1073 115 25 medgiver,
407 1075 32 18 att
454 1073 48 20 från
517 1073 200 26 kronoegendomen
734 1074 10 19 1
762 1073 82 21 mantal
860 1074 111 20 Stommen
982 1081 25 12 nr
1019 1073 11 20 1

236 1103 9 19 i
260 1103 105 25 Fröskogs
389 1103 77 20 socken
490 1103 36 20 må
548 1103 99 26 försäljas
669 1103 45 20 dels
737 1103 96 27 följande
852 1105 31 19 tre
899 1104 7 19 i
922 1104 109 20 statsråds-

237 1132 128 26 protokollet
382 1132 143 21 omförmälda
540 1135 48 24 torp
605 1133 75 24 Kleva,
697 1133 105 20 Mellerud
817 1133 40 20 och
868 1133 97 20 Bräckan
976 1135 56 18 samt

237 1162 27 20 de
288 1162 49 20 med
360 1169 26 13 nr
404 1162 97 21 I—XIII
524 1162 131 21 betecknade
677 1163 92 20 lotterna
792 1170 37 13 var
849 1163 33 20 för
905 1163 31 26 sig
943 1158 65 35 med
1024 1164 6 19 i

238 1199 84 13 samma
346 1192 106 27 protokoll
476 1192 86 26 angivet
580 1192 87 20 område
683 1192 50 21 med
748 1193 150 20 hembudsrätt
913 1193 33 20 till
962 1195 70 25 torpet

238 1222 96 20 Bräckan
349 1222 34 20 för
394 1222 25 20 G.
431 1222 127 25 Pettersson,
575 1222 71 21 vilken
662 1222 47 20 icke
725 1222 66 26 enligt
807 1223 64 25 sagda
882 1223 92 25 grunder
984 1225 49 24 äger

238 1251 66 21 sådan
328 1253 48 23 rätt,
401 1251 45 21 dels
462 1252 40 20 ock
517 1252 36 20 det
569 1252 92 25 område,
678 1259 46 13 som
740 1253 13 19 å
768 1259 27 13 en
810 1253 8 19 i
833 1252 88 21 ärendet
936 1253 96 20 företedd

238 1282 61 20 karta
323 1282 102 20 omfattar
447 1282 146 25 ägofigurerna
616 1282 94 25 49—50,
733 1289 27 13 av
784 1282 34 25 51,
840 1283 94 24 52—54,
954 1289 27 14 av
997 1283 34 24 55,

239 1311 93 25 60—67,
350 1318 26 13 av
393 1311 40 20 131
451 1312 40 20 och
507 1318 26 14 av
551 1311 40 21 132
609 1312 39 20 och
664 1313 23 19 är
698 1313 69 19 avsett
777 1312 33 21 till
822 1313 105 25 utökning
937 1319 26 14 av
974 1313 58 20 Frös-

238 1341 46 21 lövs
308 1341 137 26 församlings
469 1341 126 26 kyrkogård,
620 1341 33 20 till
677 1342 97 20 Fröslövs
797 1342 126 26 församling
942 1344 45 18 mot
1006 1349 26 14 en

238 1371 91 21 kontant
352 1371 144 27 köpeskilling
514 1378 25 14 av
556 1371 42 21 880
615 1371 31 21 kr.
663 1374 57 18 samt
735 1372 7 20 i
758 1372 69 26 övrigt
842 1372 68 21 under
926 1373 56 20 vissa
998 1379 34 14 an-

236 1401 65 26 givna
315 1401 85 21 villkor.

180 1465 25 17 48
223 1461 38 20 RD
277 1461 115 26 medgiver,
408 1463 32 18 att
455 1461 26 20 de
497 1462 13 19 å
525 1461 41 20 den
577 1462 7 19 i
595 1461 88 21 ärendet
693 1462 110 20 företedda
813 1462 75 20 kartan
900 1462 49 20 med
960 1462 41 21 litt.
1013 1463 19 19 D

239 1491 130 20 betecknade
385 1493 78 18 tvenne
479 1491 93 20 skiftena
588 1498 35 13 om
639 1491 144 21 tillsammans
800 1492 62 20 0.325
881 1492 76 20 hektar
967 1499 26 14 av
1005 1491 27 29 !/,

238 1521 83 20 mantal
345 1521 146 20 Starrholmen
510 1521 154 26 Västergården
684 1528 25 13 nr
730 1522 9 19 1
757 1522 7 20 i
780 1522 109 26 Källunga
904 1522 77 20 socken
997 1523 36 19 må

238 1551 125 26 frånskiljas
379 1551 185 26 stamfastigheten
581 1551 39 20 och
637 1553 45 18 mot
698 1558 26 13 en
740 1552 143 26 köpeskilling
899 1559 26 13 av
942 1552 42 20 200
1000 1552 31 20 kr.

238 1581 99 26 försäljas
348 1580 34 21 till
393 1581 24 20 O.
429 1581 107 20 Fransson
547 1581 50 20 med
608 1581 148 20 tillträdesrätt
766 1581 36 20 vid
813 1582 75 26 köpets
899 1582 133 26 avslutande,

238 1610 28 21 då
281 1610 172 26 köpeskillingen
468 1610 92 21 kontant
575 1610 93 27 erlägges
684 1611 33 20 till
733 1611 151 27 länsstyrelsen
897 1612 7 19 i
917 1612 64 24 länet,
992 1612 40 20 och

238 1640 69 21 under
322 1641 57 20 vissa
395 1641 91 25 angivna
502 1640 84 21 villkor.

208 1700 62 20 Inom
287 1698 137 28 Skaraborgs
439 1700 45 20 län:

180 1734 25 16 49
223 1729 37 20 RD
276 1729 115 26 medgiver,
408 1731 32 19 att
454 1730 47 20 från
512 1730 200 26 kronoegendomen
724 1730 11 20 1
748 1730 81 21 mantal
839 1731 134 26 Fagersanna
984 1738 25 13 nr
1020 1732 12 19 2

237 1759 121 26 Nolgården
373 1760 8 19 i
397 1760 119 26 Ransbergs
533 1760 77 20 socken
626 1761 36 19 må
677 1760 124 27 frånskiljas
817 1761 39 20 och
872 1761 99 27 försäljas
987 1761 46 21 dels

238 1791 31 18 ett
289 1790 7 19 i
315 1789 210 27 statsrådsprokollet
548 1790 124 20 omförmält
694 1790 87 20 område
804 1797 36 14 om
864 1791 13 19 2
901 1791 76 20 hektar
999 1791 34 20 till

238 1819 119 26 Ransbergs
374 1819 105 21 kommun
495 1821 46 19 mot
551 1826 26 14 en
588 1820 144 26 köpeskilling
742 1827 26 13 av
781 1820 10 20 1
803 1820 41 21 600
856 1821 31 20 kr.
899 1823 56 18 samt
966 1821 68 20 under

238 1849 58 20 vissa
318 1850 92 25 angivna
433 1849 84 27 villkor,
542 1849 45 21 dels
611 1850 39 20 ock
666 1851 70 26 torpet
754 1850 66 21 Kalås
836 1850 49 21 med
901 1851 7 20 i
924 1851 109 20 statsråds-

239 1879 128 26 protokollet
385 1879 125 21 omförmält
528 1879 86 21 område
630 1880 67 26 enligt
712 1880 98 26 gällande
826 1880 92 26 grunder
933 1881 33 20 för
982 1888 51 19 upp-

239 1909 74 20 låtelse
329 1916 27 13 av
371 1909 239 26 egnahemslägenheter
625 1910 48 20 från
689 1910 201 26 kronoegendomar.

182 1973 25 16 50
224 1969 39 20 RD
279 1968 109 26 medgiver
411 1969 127 26 försäljning
561 1976 26 13 av
610 1969 7 20 i
637 1969 231 27 statsrådsprotokollet
891 1970 143 21 omförmälda

239 1998 127 26 lägenheten
389 1998 122 27 Ledstugan
534 1998 50 21 med
600 1999 7 19 i
623 2005 83 14 samma
725 2000 106 26 protokoll
847 2000 85 26 angivet
947 2000 87 21 område

242 2028 48 20 från
313 2028 199 26 kronoegendomen
537 2028 10 20 1
562 2028 82 21 mantal
667 2029 132 21 Bankebolet
822 2037 25 13 nr
864 2031 10 19 1
892 2030 7 20 i
916 2030 118 26 Ransbergs

239 2058 83 20 socken.

1120 220 31 39 oi
1504 230 53 17 Riks-

1067 252 89 26 Se
1336 244 89 43 sltsKorte
1494 260 72 22 dagens
1624 260 118 17 Kamrarnas

1067 274 17 22 >=
1097 266 20 37 |
1121 280 11 8 =
1178 277 95 18 Motioner
1325 272 112 32 utlåtanden
1508 290 39 17 ski
1610 273 145 43 förhandlingar

1066 301 18 41 2
1121 298 41 42 ER
1301 307 47 18 eller
1360 307 99 18 memorial
1500 320 63 17 Jelber

1062 345 16 25 3
1120 340 40 25 |3E

1066 374 18 25 2
1120 367 36 27 [83
1182 385 88 17 lpklAK
1294 367 59 25 2/3)
1389 384 17 17 a
1414 363 27 43 |
1449 375 18 19 21
1503 385 17 16 a
1521 363 23 43 |
1551 376 17 18 2)
1597 374 68 17 Första
1672 363 22 43 |
1699 374 65 17 Andra

1121 394 35 31 ”S
1293 393 18 32 2
1336 392 17 29 äl
1389 403 12 9 5
1412 388 29 37 |
1449 395 66 25 25
1551 396 17 24 |)
1594 398 71 17 kamm.
1667 388 24 37 |
1696 398 70 18 kamm.

1045 470 55 20 1927

1069 598 9 11 »
1118 589 42 21 [215
1286 590 25 20 10
1389 590 28 20 46
1417 586 19 35 |
1450 590 81 20 111327)
1558 595 9 16 7]
1598 591 70 20 27:13
1669 586 18 35 |
1700 591 69 20 28:16

1116 625 45 22 p.21

1069 718 9 11 »
1118 709 42 20 [215
1285 710 27 20 10
1390 710 27 20 46
1417 705 23 36 |
1450 709 81 21 111327)
1558 715 9 16 7]
1598 711 69 20 27:13
1669 705 19 36 |
1700 710 69 21 28:16

1116 744 46 23 p.22

1069 904 9 11 >»
1118 895 42 20 1215
1286 895 26 21 10
1389 895 28 20 461
1450 895 81 21 111327)
1557 901 9 16 71]
1598 896 69 20 27:18
1669 891 14 35 |
1699 896 70 21 28:16

1116 930 46 22 p-23

1070 1084 8 10 >
1119 1075 41 20 1215
1286 1075 26 21 10
1390 1074 28 20 46
1418 1070 24 37 |
1451 1076 82 20 111327|
1559 1080 9 16 71
1600 1075 68 21 27:13
1670 1070 24 37 |
1701 1075 69 21 28:16

1116 1109 47 23 p-24

1071 1471 8 11 »
1120 1463 41 21 [215
1288 1464 25 20 10
1391 1464 28 20 46
1420 1459 19 36 |
1453 1463 80 20 121327)
1559 1468 9 16 81
1599 1464 70 20 27:13
1670 1459 19 36 |
1701 1464 70 20 28:16

1118 1498 46 23 p-25

1071 1740 8 10 >»
1120 1732 42 21 1166
1287 1733 27 20 10
1393 1733 27 19 281
1467 1732 68 20 6143)
1560 1737 10 15 9l
1601 1732 69 21 19:46]
1702 1732 55 21 20:3

1117 1767 47 22 p.15

1072 1979 8 10 »
1122 1971 41 20 1166
1288 1971 26 21 10
1393 1971 28 20 281
1468 1971 67 21 7I143|
1560 1977 10 15 ol
1604 1971 68 21 19:46]
1702 1971 55 21 20:3

1120 2006 45 22 p-16
