1821 2355
756 153 223 17 SAKREGISTER

81 443 167 26 Avskrivningar
263 443 36 20 och
314 443 115 26 eftergifter.

123 473 40 20 den
183 473 25 20 14
224 473 54 27 april
297 473 59 23 1916,
373 474 47 19 icke
438 473 113 26 påbörjats
567 473 59 20 inom
643 473 133 20 föreskriven
792 473 40 23 tid,
849 473 19 26 ej
886 473 35 20 må

123 505 77 24 utgöra
212 503 77 20 hinder
299 503 34 20 för
343 504 35 19 att
389 503 33 20 till
434 503 207 26 Hosjö—Lingheds
651 503 149 26 järnvägsakt.
813 503 6 20 i
830 503 92 20 likvida-

123 533 45 20 tion
184 533 55 20 efter
254 533 40 20 den
312 533 8 19 1
337 533 55 26 april
408 533 50 20 1931
475 533 121 20 återbetala
611 533 41 20 den
667 533 33 20 till
714 533 54 26 följd
783 539 28 14 av
826 533 95 20 nämnda

123 563 164 26 omständighet
310 563 31 19 till
363 563 84 19 kronan
470 563 128 19 förverkade
622 563 68 22 delen,
713 563 95 19 tiotusen
831 563 39 22 kr.,
893 569 28 13 av

124 592 37 20 det
175 592 79 27 belopp
269 593 11 19 å
296 592 130 26 fyrtiotusen
442 593 39 22 kr.,
497 592 69 20 vilket
579 592 32 20 till
626 592 101 20 säkerhet
741 592 33 20 för
787 592 134 26 fullgörande

123 628 28 14 av
165 622 34 20 för
213 622 154 20 koncessionen
382 622 105 26 stadgade
502 622 78 20 villkor
594 622 98 20 nedsatts
707 622 6 20 i
727 622 166 20 statskontoret.

85 685 10 17 9
111 682 42 19 RD
169 682 118 26 medgiver,
303 683 35 18 att
353 683 83 19 statens
452 682 87 19 fordran
556 682 27 26 på
599 682 70 26 grund
685 688 27 14 av
728 681 92 21 statslån
836 681 34 20 för
884 688 38 14 an-

124 712 101 25 läggning
246 717 28 14 av
294 711 118 26 järnvägar
433 712 47 19 från
503 711 147 21 Oskarshamn
672 712 33 19 till
727 711 64 20 Ruda
813 711 40 20 och
873 711 48 20 från

125 741 64 20 Ruda
205 741 32 20 till
254 738 90 29 Älghult
360 742 35 19 må
412 741 108 20 överlåtas
536 741 32 20 till
586 741 158 20 Oskarshamns
760 741 49 20 stad
825 742 48 19 mot
888 742 34 19 att

124 771 77 20 staden
215 773 74 18 senast
302 771 41 20 den
359 771 9 19 1
384 771 45 20 okt.
446 771 50 20 1931
512 771 33 20 till
559 771 209 26 riksgäldskontoret
781 771 96 26 erlägger
889 772 33 19 ett

124 801 95 19 kontant
234 800 78 27 belopp
328 807 28 13 av
371 800 41 21 350
421 800 41 20 000
477 801 31 19 kr.
525 801 40 20 och
581 801 27 26 på
624 801 78 20 villkor
717 801 6 19 i
738 801 79 26 övrigt,
833 806 46 15 som
894 807 28 14 av

125 830 239 26 departementschefen
377 830 6 20 i
396 831 240 25 statsrådsprotokollet
649 832 51 18 över
712 830 211 20 kommunikations-

124 860 94 20 ärenden
233 860 34 20 för
281 860 40 20 den
337 860 27 20 20
378 860 53 20 febr.
449 860 50 20 1931
516 860 115 20 förordats.

73 923 23 17 10
111 919 42 20 RD
172 920 101 23 besluter,
291 921 34 19 att
342 920 33 20 för
393 920 161 26 nedskrivning,
573 920 6 19 i
596 920 95 26 enlighet
707 920 49 20 med
774 920 43 20 vad
835 920 5 19 i
858 921 65 19 stats-

125 949 182 27 rådsprotokollet
322 951 52 18 över
388 950 166 20 finansärenden
570 950 41 20 den
626 950 26 20 26
668 950 53 20 febr.
738 949 51 21 1931
806 949 116 24 förordats,

125 986 28 14 av
172 980 37 20 det
227 979 6 20 i
251 979 121 21 Trollhätte
390 980 121 20 kanalverk
529 980 50 25 (den
598 986 16 13 s.
633 980 21 20 k.
673 980 71 26 gamla
762 979 102 26 kanalen)
883 979 39 20 och

126 1009 120 26 Södertälje
268 1009 120 21 kanalverk
410 1010 106 26 nedlagda
539 1009 156 27 lånekapitalet
716 1009 55 21 skall
792 1015 29 14 av
842 1009 80 20 fonden

125 1039 33 21 för
179 1039 160 20 statsskuldens
360 1040 133 25 amortering
514 1041 62 24 tagas
598 1040 5 19 i
625 1040 95 26 anspråk
741 1041 33 18 ett
795 1039 78 26 belopp
894 1045 28 14 av

128 1069 23 20 15
160 1069 41 20 000
209 1069 42 20 000
265 1069 32 20 kr.

73 1133 22 17 11
111 1129 81 26 Avslag
208 1129 12 20 å
238 1129 83 20 motion
339 1135 34 14 om
391 1129 97 20 befrielse
505 1129 33 20 för
554 1129 133 26 kaptenerna
704 1129 38 20 vid
758 1129 80 20 flottan
856 1128 23 20 F.
896 1128 25 21 A.

126 1159 102 23 Nerman,
245 1159 25 20 T.
288 1159 25 20 A.
331 1158 110 24 Hummel,
459 1159 25 20 E.
502 1159 109 20 Johnsson
629 1159 39 20 och
685 1159 21 20 J.
724 1159 28 19 K.
771 1159 24 20 O.
814 1158 109 20 Schässler

125 1189 48 19 från
185 1189 44 19 viss
242 1189 49 20 dem
303 1189 113 26 åliggande
428 1188 258 27 ersättningsskyldighet
697 1190 53 24 gent
761 1190 59 18 emot
831 1188 90 20 kronan.

73 1252 23 17 12
112 1248 42 20 RD
168 1248 117 26 medgiver,
299 1249 35 19 att
346 1248 32 20 till
391 1248 108 20 täckande
512 1255 28 13 av
554 1248 40 20 den
608 1254 77 20 genom
698 1248 57 20 vissa
768 1254 28 14 av
808 1248 114 20 framlidne

125 1278 74 20 rektor
214 1278 26 20 R.
258 1278 113 20 Hillström
387 1278 112 26 begångna
516 1278 169 26 oegentligheter
700 1278 125 26 uppkomna
841 1277 81 20 bristen

125 1308 6 19 i
146 1308 179 20 samrealskolans
340 1308 6 19 i
362 1308 133 20 Söderhamn
510 1308 70 20 medel
594 1308 35 20 må
644 1314 28 14 av
687 1308 37 20 det
737 1308 7 19 i
758 1307 117 20 riksstaten
890 1307 33 21 för

125 1337 130 26 budgetåret
274 1337 114 26 1930/1931
408 1338 108 26 uppförda
533 1339 62 19 extra
612 1337 190 27 förslagsanslaget
817 1337 33 20 till
867 1337 56 20 oför-

125 1367 92 20 utsedda
233 1367 91 26 utgifter
338 1368 52 25 utgå
406 1369 33 18 ett
454 1368 78 26 belopp
547 1373 29 14 av
590 1367 26 20 39
625 1367 41 20 090
680 1368 32 19 kr.
728 1367 24 20 41
769 1369 43 18 öre.

73 1429 23 18 13
112 1427 42 20 RD
173 1427 117 26 medgiver,
309 1428 35 19 att
362 1427 63 20 KM:t
443 1427 35 20 må
497 1427 55 20 efter
569 1427 41 20 den
629 1428 98 19 närmare
746 1426 113 27 prövning,
878 1432 45 14 som

125 1457 43 20 kan
184 1457 99 20 befinnas
299 1457 131 26 erforderlig,
447 1457 102 20 avskriva
566 1457 37 20 det
618 1457 91 20 Kilaåns
724 1456 200 27 regleringsföretag

126 1487 41 19 den
176 1486 27 20 26
212 1488 55 25 sept.
280 1486 52 21 1925
342 1487 108 25 beviljade
459 1487 35 20 lån
504 1487 48 20 från
562 1487 213 26 odlingslånefonden
785 1487 11 19 å
806 1486 26 20 88
841 1486 41 20 840
891 1486 32 20 kr.

88 1579 8 17 1
113 1576 42 20 RD
175 1576 117 26 medgiver,
311 1578 35 18 att
364 1576 41 20 den
424 1576 50 20 eller
493 1576 26 20 de
536 1576 134 26 tjänstemän
690 1576 38 20 hos
747 1575 152 26 länsstyrelsen
918 1576 6 19 i

127 1606 91 20 Kalmar
231 1606 43 23 län,
289 1612 46 14 som
349 1607 35 19 må
399 1612 52 14 vara
465 1606 114 26 ansvariga
593 1606 34 20 för
641 1606 40 20 den
695 1606 84 23 förlust,
794 1611 46 14 som
854 1605 70 20 åsam-

126 1636 50 20 kats
195 1636 169 23 domänfonden,
383 1636 125 26 därigenom
526 1637 35 19 att
579 1636 93 20 kronans
690 1635 88 20 fordran
796 1635 34 20 för
848 1635 32 20 till
899 1635 24 20 O.

127 1665 86 21 Nilsson
232 1665 7 20 i
258 1665 127 21 Järnforsen
405 1666 41 20 den
466 1666 26 20 28
511 1672 50 14 nov.
583 1665 52 21 1919
654 1665 94 21 försålda
767 1665 158 26 skogseffekter

126 1695 47 20 icke
187 1695 7 20 i
207 1695 89 26 behörig
311 1695 90 26 ordning
415 1696 113 23 bevakats,
543 1695 79 21 befrias
635 1695 47 20 från
697 1694 227 26 ersättningsskyldig-

127 1725 37 20 het
179 1725 6 19 i
200 1725 97 20 ärendet.

88 1787 9 17 2
113 1784 42 20 RD
173 1784 117 26 medgiver,
308 1786 35 18 att
359 1784 155 21 landsfiskalen
532 1785 24 19 B.
575 1784 20 20 J.
614 1784 97 26 Mjöberg
728 1784 34 20 må
780 1784 79 20 befrias
875 1784 48 20 från

127 1814 80 20 honom
223 1819 77 21 genom
317 1814 94 24 Askims,
428 1814 78 20 Västra
524 1814 40 20 och
580 1811 64 24 Östra
661 1814 88 26 Hisings
765 1814 39 20 och
821 1813 102 20 Sävedals

127 1844 114 26 domsagas
259 1844 137 20 häradsrätts
415 1844 50 20 dom
483 1844 41 20 den
542 1844 13 20 8
573 1845 55 25 sept.
648 1844 50 20 1931
719 1843 62 27 ålagd
799 1843 125 26 skyldighet

127 1875 34 19 att
173 1873 33 21 till
218 1874 83 20 kronan
314 1874 75 26 utgiva
402 1874 12 20 3
424 1874 37 20 671
476 1874 32 20 kr.
522 1874 25 20 17
560 1875 35 19 öre
607 1874 68 25 jämte
687 1874 59 20 lösen
758 1873 69 20 under
838 1873 85 24 villkor,

127 1905 35 18 att
176 1903 42 20 han
233 1903 33 21 till
280 1904 134 20 statsverket
428 1904 107 20 inbetalar
548 1903 41 21 400
603 1904 32 20 kr.
821 1905 2 2 ;

87 1966 10 17 3
113 1963 42 20 RD
168 1963 118 27 medgiver,
299 1965 35 18 att
347 1963 64 20 KM:t
423 1964 35 19 må
472 1963 84 21 besluta
570 1970 35 13 om
618 1963 141 26 avskrivning
771 1963 33 20 till
817 1969 107 14 samman-

126 1993 46 27 lagt
187 1993 78 26 belopp
280 1999 29 14 av
326 1993 87 21 182585
428 1994 33 19 kr.
479 1993 8 20 1
505 1995 36 18 öre
555 1999 29 15 av
598 1994 95 20 kronans
708 1993 121 26 fordringar
843 1992 7 20 i
864 1992 61 21 flott-

126 2023 87 20 lederna
226 2023 6 20 i
247 2020 56 24 Övre
317 2023 117 24 Pansikån,
448 2023 153 26 Hemlingsåns
616 2023 31 20 1:a
662 2023 95 23 distrikt,
771 2023 109 26 Björnåns
893 2023 32 20 3:e

126 2053 89 20 distrikt
231 2053 39 20 och
286 2053 105 20 Hovaåns
406 2053 33 20 4:e
454 2053 95 20 distrikt.

1629 153 39 21 135

1201 227 112 31 Utskotts-
1371 227 69 31 Riks-
1515 227 10 31 Ki
1620 254 2 3 Å

1000 256 56 18 Kungl
1193 252 129 35 utlåtanden,
1378 253 68 35 dagens
1506 245 73 43 Somna

1004 286 53 18 Maj:ts)
1069 278 91 17 Motioner
1187 290 96 17 memorial.
1296 291 43 16 eller
1388 291 46 16 skri
1496 279 141 21 förhandlingar

949 310 26 20 År.
1004 320 50 14 Iprop:r
1198 320 132 17 betänkanden
1381 316 60 32 velser
1522 309 88 21 (Orrar

1003 342 44 28 eller
1642 357 6 2 z

1000 365 56 38 krivir
1178 368 16 12 é
1273 388 4 2 I
1380 388 4 2 ;
1481 375 53 16 Första
1555 365 20 39 |
1585 375 58 16 Andra

1003 380 154 22 SÖTSTERTAR
1179 381 16 44 å
1222 376 11 52 Zz
1261 387 90 16 Nummer
1350 383 9 30 |
1368 387 90 16 Nummer
1481 380 42 36 Ar
1593 380 26 35 AS

937 475 53 20 1931

1251 558 2 21 I

941 683 109 20 f93lEll4
1079 691 38 22 es
1133 696 27 2 RS
1302 684 26 20 67
1397 685 38 20 125
1444 680 33 36 |
1485 685 32 20 23:
1531 687 22 17 141
1585 684 33 20 23:
1631 686 24 17 79

942 921 49 20 19311
1013 921 38 20 157
1057 917 19 36 |
1080 933 27 3 —1
1133 933 28 3 —]
1188 922 52 20 611
1302 923 26 19 88
1398 923 38 20 155
1485 923 54 20 128:.2
1542 918 35 36 :|
1586 922 33 20 28:
1631 924 24 18 38

941 1129 49 20 1931]
1018 1141 27 3 —
1049 1125 28 36 |
1079 1142 28 2 —|
1128 1130 38 20 106)
1188 1130 12 20 6
1207 1125 14 36 |
1232 1131 7 19 1/|
1291 1131 38 20 110
1406 1143 28 3 —
1454 1127 27 35 1
1486 1131 54 20 31:5
1548 1127 32 35 |
1587 1132 54 20 32:2

1253 1195 2 13 I

941 1249 50 20 19311
1013 1249 38 20 182]
1080 1262 28 2 —
1112 1245 14 35 1
1134 1262 27 2 —1
1188 1251 52 19 611
1291 1251 38 20 128
1396 1251 40 20 236
1486 1251 26 20 35:
1531 1253 24 17 45
1556 1247 22 34 |
1587 1251 33 20 38:
1632 1253 24 17 64

943 1427 49 20 1931]
1019 1440 28 2 —
1050 1423 28 37 |
1081 1440 28 3 —
1128 1428 74 21 130910
1224 1441 28 2 |—|
1303 1429 25 20 81
1396 1430 41 19 297
1448 1425 28 35 |
1486 1429 70 20 44:19
1556 1425 22 35 |
1587 1429 33 20 40:
1632 1431 24 18 45

943 1576 52 21 1932]
1022 1576 24 20 19
1052 1572 27 35 |
1081 1589 28 2 —|
1135 1589 28 3 —
1178 1578 24 20 HO
1224 1590 27 2 I|—
1320 1578 10 19 5
1411 1579 26 19 32
1488 1579 31 20 11:
1532 1581 24 17 28
1556 1574 23 35 |
1589 1578 31 21 13:
1633 1581 23 17 26

942 1784 53 20 1932]
1019 1784 28 21 20
1050 1780 28 36 |
1081 1796 28 3 —
1128 1785 74 20 139710
1205 1780 24 36 |
1224 1798 27 2 —
1318 1786 12 20 6
1411 1786 26 20 33
1452 1782 27 36 |
1488 1787 67 20 11:28
1589 1787 68 20 13:26

943 1963 53 20 1932]
1020 1964 26 20 28
1053 1959 28 36 |
1081 1976 28 2 —
1110 1959 18 36 |
1135 1964 67 20 —HO
1209 1959 14 36 I
1224 1977 28 2 —
1306 1964 24 21 15
1411 1965 27 19 64
1452 1961 28 35 |
1490 1965 168 21 12:61]/-14:89
