1848 2358
161 153 42 34 396
893 162 135 15 SAKREGISTER

1301 204 20 21 RR
1499 204 5 21 om
1689 207 77 6 Ra

1130 219 28 24 Zl
1265 219 2 26 |
1489 231 47 18 Riks

1106 242 35 14 or
1144 231 10 36 |
1265 247 2 8 |

1053 255 17 26 3
1106 254 36 36 2e
1156 256 2 40 |
1210 279 3 3 É
1265 256 1 15 |
1314 245 102 43 Utskotte:
1479 262 72 22 dagens
1608 262 118 17 Kamrarnas

1053 285 17 13 a
1119 275 28 30 VA
1157 279 105 21 [Motioner
1311 279 111 18 utlåtanden
1503 291 36 18 Jan
1594 291 95 18 förhandli

1053 302 17 25 2
1107 300 34 24 RR
1140 296 15 55 |
1265 319 1 3 |
1287 309 46 18 eller
1345 309 98 18 memorial
1614 297 48 12 ERS
1685 296 53 17 TE

1048 332 17 26 2
1106 321 42 34 2
1264 325 2 27 |
1485 315 62 34 velser

1053 362 17 24 3
1107 356 35 29 [Eg
1157 358 51 20 jo
1280 370 16 12 Dl
1434 377 17 12 i
1535 378 71 11 ST

1054 363 696 70 FERNBERDRROESE:

181 436 176 37 Dyrtidstillägg.
1157 441 2 21 I
1265 442 2 14 |
1349 442 2 36 |
1414 442 1 20 |
1521 442 1 47 |

224 472 71 21 vartill
311 472 239 26 statstjänstemännens
566 470 158 27 dyrtidstillägg
740 471 68 26 utgår,
825 470 40 21 blir
880 470 90 21 föremål
986 471 32 20 för
1033 471 55 21 1929
1265 480 1 18 I
1414 466 1 20 |

223 502 97 26 ändring,
337 501 106 25 förordna,
461 503 31 19 att
508 501 36 20 det
560 501 34 20 till
609 500 26 21 de
651 501 8 20 i
675 501 66 26 tjänst
757 500 92 21 varande
865 502 153 25 prästmännen
1157 512 1 14 I
1265 501 1 27 |
1414 487 1 40 |
1521 493 1 35 |

222 532 106 26 utgående
344 531 180 27 dyrtidstillägget
539 530 55 21 skall
610 530 94 27 undergå
720 530 68 27 skälig
803 530 119 27 jämkning.
1157 534 1 28 |
1265 530 1 19 |
1307 551 2 19 |
1414 528 1 46 |
1520 529 2 58 |
1664 534 1 30 |

1157 568 1 9 I

167 604 23 16 12
208 599 41 20 För
273 597 135 21 bestridande
432 604 26 14 av
483 596 157 28 dyrtidstillägg
658 597 22 20 åt
699 596 26 21 de
744 597 33 20 för
795 596 84 27 religiös
895 597 39 20 och
954 597 64 20 social!
1057 606 7 10 >
1105 598 18 20 |1:
1134 590 24 28 8|
1264 596 139 23 FÖRENS
1476 599 41 21 113
1582 599 33 20 22:
1627 603 24 16 24
1654 591 23 35 |
1684 598 33 20 29:
1728 603 24 16 35

225 628 135 21 verksamhet
383 627 66 21 bland
472 627 102 21 svenskar
592 627 7 20 i
618 627 57 20 vissa
693 626 116 21 utländska
826 626 139 21 hamnstäder
983 634 34 14 an-
1104 622 44 38 p-52
1264 625 2 13 I

224 658 77 21 ställda
317 659 81 26 präster
413 658 33 20 för
462 657 125 26 budgetåret
608 655 125 28 1929/1930
753 657 84 20 anvisas
855 658 31 19 ett
901 658 61 19 extra
979 657 38 21 för-
1157 656 2 28 |
1265 664 1 7 |
1414 659 1 22 |
1521 669 1 23 |

224 688 130 27 slagsanslag
370 695 25 13 av
413 687 26 21 16
449 687 43 21 000
508 687 31 20 kr.
1158 692 1 43 |
1265 684 1 36 |
1413 691 2 21 |
1520 693 2 35 |
1664 699 1 21 |

168 754 22 15 13
208 749 38 20 RD
262 748 84 21 anvisar
362 747 46 21 dels
424 747 33 21 till
474 746 120 21 beredande
610 753 26 14 av
652 746 158 27 dyrtidstillägg
820 747 22 19 åt
855 746 15 21 f.
879 746 21 21 d.
912 747 62 21 civila
985 747 32 21 be-|
1056 756 8 10 »
1100 748 17 21 HH:
1128 748 22 21 11
1265 724 2 56 |
1285 749 52 21 BIEN
1376 749 26 20 00
1476 743 46 27 152]
1575 749 83 20 |25:106|
1683 748 69 20 31:67

224 778 183 26 fattningshavare
423 778 7 20 i
446 778 80 20 statens
542 777 67 26 tjänst
620 783 28 14 m.
660 776 21 21 fl.
694 776 135 27 pensionärer
844 776 33 21 för
893 776 126 27 budgetåret
1110 783 33 23 p-3
1158 782 2 19 |
1265 783 1 22 I
1520 762 2 35 |

225 807 126 28 1929/1930
371 809 30 19 ett
420 808 60 20 extra
498 806 163 26 förslagsanslag
680 813 26 14 av
725 805 65 21 3900
800 806 42 21 000
862 806 38 25 kr.,
920 807 46 21 dels
985 807 33 20 till
1107 813 39 22 i

225 838 118 21 beredande
362 845 26 13 av
410 836 158 28 dyrtidstillägg
590 837 22 19 åt
635 836 230 27 pensionsbetättigade
889 836 67 21 änkor
978 837 40 20 och
1103 843 57 26 671
1348 836 2 18 |

224 869 52 20 barn
299 868 54 20 efter
376 867 64 21 civila
464 867 208 25 befattningshavare
691 866 7 20 i
717 867 80 20 statens
816 866 68 27 tjänst
903 873 28 14 m.
948 867 21 20 fl.
986 867 32 20 för
1212 868 1 28 og
1307 862 1 34 |
1348 856 2 15 |

223 898 126 26 budgetåret
366 896 126 29 1929/1930
509 898 30 19 ett
555 898 60 19 extra
630 896 164 26 förslagsanslag
804 903 26 14 av
845 896 12 20 2
867 896 42 21 300
919 896 42 21 000
979 897 38 25 kr.,

224 928 45 21 dels
285 928 33 21 till
335 927 119 21 beredande
471 934 25 13 av
513 926 158 27 dyrtidstillägg
681 927 22 19 åt
713 926 15 20 £.
741 926 20 20 d.
773 926 94 20 militära
880 926 137 27 befattnings-

224 959 77 20 havare
325 958 34 20 för
383 957 125 26 budgetåret
532 955 125 27 1929/1930
680 957 30 19 ett
732 957 60 19 extra
810 956 164 27 förslagsanslag
993 964 26 13 av
1176 951 35 36 se
1307 962 1 22 |

224 987 65 21 2100
299 987 42 21 000
359 987 37 24 kr.,
413 987 46 21 dels
474 986 40 21 ock
529 986 34 21 till
580 986 119 21 beredande
715 992 26 14 av
757 985 157 27 dyrtidstillägg
929 987 23 20 åt
970 993 48 20 pen-
1159 994 1 4 ic
1266 982 84 21 Rae

224 1017 189 27 sionsberättigade
428 1017 67 20 änkor
510 1017 40 20 och
566 1016 53 21 barn
635 1016 54 20 efter
704 1016 94 20 militära
808 1016 210 26 befattningshavare
1159 1037 1 3 |
1349 1024 1 20 nd
1414 1031 1 6 I

224 1049 32 19 för
266 1048 126 25 budgetåret
404 1045 125 28 1929/1930
543 1048 31 18 ett
584 1048 60 19 extra
659 1046 164 26 förelagsanslag
838 1052 26 14 av
882 1046 41 20 750
932 1046 43 21 000
987 1047 30 20 kr.
1307 1045 43 4 0

159 1113 31 15 114
209 1108 37 20 RD
263 1107 93 21 besluter
372 1106 132 21 beträffande
523 1106 215 26 befattningshavare,
762 1105 94 21 hörande
880 1105 67 21 under
972 1106 46 20 11:e!
1057 1115 8 9 »
1121 1107 9 20 1
1158 1107 101 21 1151218!
1285 1107 13 20 81
1328 1107 10 21 11
1376 1108 28 20 34
1478 1108 38 20 151
1576 1107 33 20 25:
1621 1112 38 16 106]
1685 1106 32 20 31:
1729 1111 23 15 67

224 1138 46 24 HT,
286 1139 100 19 ävensom
404 1136 132 21 beträffande
551 1136 15 20 f.
583 1136 20 20 d.
620 1135 210 27 befattningshavare
829 1131 15 36 i
858 1136 80 20 statens
952 1136 67 27 tjänst
1110 1142 34 17 För
1158 1144 2 17 |
1217 1131 50 30 219/
1307 1121 1 34 |

224 1175 28 13 m.
270 1167 20 21 fl.
308 1167 136 26 pensionärer
460 1168 56 19 samt
531 1165 232 27 pensionsberättigade
774 1165 67 21 änkor
851 1166 40 20 och
902 1166 52 20 barn
966 1166 53 21 efter
1105 1166 41 17 flera
1158 1167 2 9 |
1307 1171 1 22 |

224 1197 210 26 befattningshavare
452 1196 8 21 i
479 1198 80 19 statens
577 1196 68 27 tjänst
663 1203 28 13 m.
708 1195 29 25 fl.,
757 1197 32 19 att
804 1195 26 21 de
846 1195 32 21 för
894 1195 125 27 budgetåret
1109 1190 32 17 HT
1159 1192 1 31 |
1307 1194 1 30 |
1414 1195 2 21 I
1522 1178 1 37 |

226 1225 126 29 1928/1929
376 1226 98 27 gällande
498 1226 110 20 allmänna
630 1225 120 27 grunderna
771 1225 33 21 för
822 1225 157 27 dyrtidstillägg
997 1226 22 21 åt
1108 1219 41 36 Sa
1213 1233 1 14 |
1307 1230 1 15 I
1764 1235 2 9 |

224 1257 209 26 befattningshavare
444 1257 7 19 i
462 1257 80 20 statens
557 1256 74 27 tjänst,
642 1255 15 21 f.
669 1255 20 21 d.
701 1255 209 26 befattningshavare
920 1255 7 20 i
938 1258 81 18 statens
1109 1252 106 27 från
1307 1247 1 13 |
1465 1248 2 30 I

224 1288 67 26 tjänst
310 1294 28 13 m.
354 1287 20 20 fl.
396 1286 136 27 pensionärer
554 1288 57 18 samt
635 1285 231 27 pensionsberättigade
889 1285 67 20 änkor
979 1286 39 20 och
1104 1284 41 34 gor:
1213 1282 1 38 |
1265 1291 43 23 [SA
1349 1285 1 36 |
1465 1287 2 4 I

225 1318 51 20 barn
296 1317 53 20 efter
368 1316 208 26 befattningshavare
591 1316 8 20 i
614 1317 80 19 statens
713 1316 67 26 tjänst
798 1322 28 13 m.
847 1315 20 20 fl.
885 1315 60 21 skola
963 1315 55 26 gälla
1097 1309 38 18 avd.
1145 1312 15 25 Bloc
1265 1314 2 6 od
1349 1324 1 11 I

224 1377 73 26 tillägg
313 1377 22 20 åt
350 1376 209 26 befattningshavare
570 1375 36 21 vid
617 1375 86 21 flottans
714 1375 164 26 pensionskassa
888 1375 40 20 och
939 1377 79 19 statens

224 1406 180 28 pensionsanstalt
427 1406 60 21 skola
508 1406 51 26 utgå
575 1412 26 14 av
617 1405 26 21 de
658 1405 77 22 medel,
752 1411 26 14 av
794 1404 59 21 vilka
868 1404 84 21 verkets
968 1405 51 20 eller
1265 1416 1 10 I

224 1437 161 21 institutionens
401 1435 151 22 omkostnader
567 1436 7 19 i
590 1435 69 26 övrigt
674 1434 109 21 bestridas.

1414 1311 2 12 I
1466 1324 1 3 |

223 1347 82 27 jämväl
320 1346 33 21 för
368 1346 126 26 budgetåret
511 1344 135 29 1929/1930;
663 1345 39 20 och
718 1345 93 21 besluter
826 1344 44 25 RD,
887 1346 31 19 att
928 1345 90 26 dyrtids-
1158 1352 1 4 I
1213 1341 1 10 |
1265 1367 1 5 Ju
1414 1331 1 43 |
1465 1350 2 26 |

1414 1375 1 29 |

168 1503 23 15 15
209 1497 37 21 RD
264 1496 97 25 besluter,
378 1498 32 19 att
426 1496 26 20 de
467 1496 33 20 för
516 1495 125 27 budgetåret
659 1492 125 27 1928/1929
799 1494 98 26 gällande
908 1494 110 21 allmänna
1019 1488 10 38 |
1057 1503 7 9 >
1106 1495 40 21 |1:8
1327 1494 88 21 1/122/|
1435 1496 81 20 281265]
1541 1494 66 23 8132:
1620 1493 88 22 112140:
1721 1498 38 16 129

224 1526 92 27 grunder
331 1526 33 21 för
380 1525 157 28 dyrtidstillägg
552 1526 22 20 åt
589 1525 67 21 lärare
672 1524 36 21 vid
724 1524 172 27 privatläroverk,
912 1524 37 21 vid
959 1524 58 21 kom-
1097 1529 56 24 p.291

224 1557 89 20 munala
328 1556 122 21 flickskolor
466 1556 39 21 och
521 1555 37 21 vid
573 1555 161 26 folkhögskolor
749 1556 101 19 ävensom
866 1555 22 20 åt
904 1554 66 21 lärare
981 1554 36 21 vid
1264 1545 2 44 |

1264 1670 1 34 |

1264 1705 1 14 I

1264 1721 1 26 |

224 1587 52 21 folk-
296 1587 39 20 och
354 1586 119 21 småskolor
491 1587 57 19 samt
566 1585 57 21 vissa
641 1584 222 28 sjukvårdsanstalter,
882 1584 64 27 högre
964 1584 52 21 folk-

224 1617 78 25 skolor,
321 1616 141 21 kommunala
481 1615 152 22 mellanskolor
651 1615 40 21 och
710 1615 57 21 vissa
786 1614 232 21 småskoleseminarier

224 1647 60 21 skola
299 1646 65 21 lända
382 1646 34 21 till
436 1646 139 21 efterrättelse
593 1645 82 28 jämväl
691 1645 33 20 för
741 1644 126 27 budgetåret
884 1643 132 29 1929/1930,
1210 1661 2 9 |

224 1677 91 20 allenast
333 1676 49 21 med
402 1676 41 21 den
461 1676 114 27 jämkning
594 1675 131 21 beträffande
741 1674 158 27 dyrtidstillägg
914 1675 22 20 åt
951 1674 67 21 lärare
1210 1672 2 20 |

224 1707 36 21 vid
275 1706 118 21 folkskolor
409 1706 39 21 och
464 1706 64 26 högre
544 1705 124 25 folkskolor,
685 1711 46 15 som
747 1704 68 25 KM:t,
827 1705 7 20 i
845 1704 124 26 anslutning
984 1704 33 21 till

223 1736 42 22 vad
280 1736 69 21 under
359 1736 70 27 punkt
440 1736 41 20 291
494 1736 8 20 i
512 1735 233 27 statsrådsprotokollet
760 1736 49 19 över
824 1734 194 21 ecklesiastikären-

223 1766 42 21 den
280 1767 33 20 för
329 1766 41 21 den
386 1766 14 21 4
415 1767 43 26 jan.
477 1765 56 21 1929
550 1765 88 25 anförts,
654 1766 36 19 må
705 1765 59 20 finna
776 1764 100 27 lämpligt
891 1764 125 24 föreskriva;
1211 1784 1 5 |
1520 1785 1 3 |

223 1797 40 20 och
289 1796 141 27 bemyndigas
456 1795 62 21 KM:t
544 1797 31 19 att
597 1795 86 21 utfärda
708 1794 26 21 de
759 1796 97 19 närmare
880 1793 137 27 föreskrifter,
1211 1796 1 11 |
1413 1791 1 15 I
1520 1798 1 7 |

224 1833 45 14 som
285 1826 34 21 för
334 1826 138 27 tillämpning
488 1832 26 14 av
529 1825 124 21 förberörda
668 1825 110 20 allmänna
794 1824 92 26 grunder
901 1824 37 20 må
954 1824 63 20 befin-
1217 1818 45 35 RR
1413 1824 1 4 |
1520 1835 1 15 I

223 1862 38 15 nas
285 1856 143 26 erforderliga,
452 1857 101 19 ävensom
575 1857 31 19 att
624 1855 8 20 i
651 1854 144 26 huvudsaklig
814 1854 94 26 enlighet
927 1853 49 21 med
992 1854 26 20 de
1211 1849 55 34 bedö
1468 1832 2 41 |
1520 1851 1 33 |

223 1887 7 20 i
241 1886 76 21 sådant
333 1885 104 22 avseende
453 1892 29 14 nu
498 1885 98 27 gällande
612 1884 131 21 föreskrifter
758 1884 99 21 meddela
873 1885 97 19 närmare
985 1884 32 20 be-
1158 1904 1 3 |
1278 1878 21 35 AR
1468 1877 53 32 He

223 1916 135 21 stämmelser
373 1916 7 20 i
396 1916 59 26 fråga
478 1922 35 14 om
537 1914 158 28 dyrtidstillägg
717 1915 22 20 åt
762 1914 56 21 vissa
841 1914 118 20 lärarinnor
982 1913 36 21 vid
1158 1909 1 22 |
1265 1910 1 22 fan
1520 1911 1 3 I

224 1946 124 21 fackskolan
364 1946 33 20 för
412 1945 72 27 huslig
499 1945 101 21 ekonomi
610 1945 8 20 i
628 1944 96 27 Uppsala
734 1946 57 19 samt
802 1944 37 20 vid
854 1944 58 20 förut
927 1944 92 25 angivna
1211 1954 2 14 fn

224 1976 147 21 läroanstalter
387 1976 32 20 för
435 1975 127 21 utbildande
577 1981 27 14 av
619 1975 118 20 lärarinnor
752 1974 7 20 i
775 1974 141 23 handarbete;
933 1973 40 21 och
984 1980 34 13 an-
1212 1981 1 14 |
1265 1978 2 110 |

224 2006 55 21 visas
290 2006 33 20 till
335 2005 136 21 bestridande
481 2012 26 14 av
518 2005 143 21 kostnaderna
671 2005 33 20 för
715 2004 158 27 dyrtidstillägg
887 2004 22 20 åt
924 2003 95 21 nämnda
1212 2008 1 40 |

224 2036 147 27 lärargrupper
390 2036 33 20 för
443 2035 125 27 budgetåret
587 2032 126 30 1929/1930
733 2035 30 20 ett
779 2035 60 20 extra
855 2033 164 27 förslagsanslag
1158 2035 1 24 I

159 2068 2 14 |
224 2073 26 14 av
266 2066 79 20 22500
356 2065 42 21 000
417 2066 31 20 kr.
1158 2049 55 39 fos
