1815 2348
1606 62 40 21 113

61 240 146 26 Barackläger.

89 276 43 20 RD
149 276 89 20 anvisar
255 276 32 20 till
304 276 141 20 anordnande
463 283 28 13 av
509 277 140 26 barackläger
666 283 28 14 m.
704 283 29 14 m.
751 277 12 20 å
781 277 132 26 tilläggsstat
932 277 20 20 II

60 306 40 19 273
112 305 39 21 100
163 306 31 20 kr.

90 347 42 20 RD
145 348 88 20 anvisar
246 348 32 20 till
290 348 142 20 anordnande
444 354 28 14 av
486 348 140 26 barackläger
638 349 12 19 å
663 348 132 27 tilläggsstat
809 349 20 19 II
842 349 13 19 2
860 343 45 36 000
913 348 41 21 000

60 377 108 50 EE
273 407 69 26 (1943:
355 407 40 27 64),
410 408 167 26 Sinnessjukhus
589 408 70 26 (1948:
672 408 26 26 3).

61 454 133 21 BARKENS
209 452 336 28 SÅGVERKSAKTIEBOLAG;
560 462 22 13 se
596 455 158 27 Avsöndringar
768 456 70 26 (1944:
852 456 38 26 14).

61 502 149 25 BARKMAN,
223 503 72 20 Astrid
307 503 72 24 C:son;
392 509 21 13 se
424 503 116 20 Pensioner
552 503 79 26 (1949).

61 549 83 20 BARN.

88 584 73 27 Lagen
175 591 35 14 om
223 585 79 20 förbud
315 585 33 20 för
361 585 53 21 barn
427 587 34 18 att
473 585 51 21 idka
537 586 44 19 viss
593 586 134 26 försäljning;
740 592 22 14 se
772 586 90 20 Lösören
875 586 79 26 (1947).

89 615 26 19 Se
130 615 39 19 ock
184 615 113 26 Krishjälp
312 615 80 26 (1943),
405 615 116 20 Livsmedel
535 615 70 26 (1941:
618 615 26 27 2),
662 615 220 27 Utomäktenskapliga
896 616 58 22 barn,

64 644 118 20 Veckohem.

60 691 76 20 BARN
148 688 76 23 FRÅN
236 691 132 25 FINLAND;
380 698 22 13 se
414 692 77 20 Hälso-
502 692 36 20 och
549 692 101 27 sjukvård
661 693 70 25 (1942:
746 695 28 21 13,
789 693 59 20 1943:
863 693 38 26 15).

60 738 77 21 BARN
152 736 75 23 FRÅN
241 739 146 21 NORDISKA
403 735 259 29 GRANNLÄNDERNA;
678 746 21 14 se
715 740 76 20 Hälso-
805 740 36 20 och
855 740 100 26 sjukvård

88 768 70 26 (1944:
172 771 30 21 17,
218 769 59 20 1945:
292 772 15 20 1,
325 769 38 26 15).

60 816 76 20 BARN
148 816 9 20 I
169 812 178 29 ÄKTENSKAP,
359 816 92 21 LAGEN
463 817 47 20 OM.

88 852 54 26 Ang.
156 852 84 20 ändrad
253 852 81 26 lydelse
346 858 28 14 av
386 852 83 21 20—22
481 853 27 25 $$;
521 859 21 13 se
556 853 192 26 Giftermålsbalken
762 853 78 26 (1944).

88 882 25 19 Se
125 883 55 18 även
193 881 150 24 Föräldrarätt,
356 882 131 20 Släktnamn.

60 928 84 25 BARN,
163 925 291 25 SKYDDSLÄKEMEDEL
472 927 45 27 ÅT;
535 936 22 13 se
575 930 76 20 Hälso-
668 930 36 20 och
721 930 100 27 sjukvård
839 930 69 26 (1942:
922 933 30 21 14,

89 958 60 21 1943:
162 959 26 25 8).

60 1005 77 21 BARN
147 1006 77 20 UTOM
234 1001 180 30 ÄKTENSKAP;
424 1012 22 15 se
457 1007 162 26 Folkbokföring
629 1007 79 26 (1947),
727 1007 156 23 Föräldrabalk,
902 1007 51 20 För-

88 1035 107 24 äldrarätt,
212 1036 220 27 Utomäktenskapliga
445 1036 58 20 barn.

61 1082 76 20 BARN
151 1083 77 20 UTOM
241 1078 177 30 ÄKTENSKAP,
432 1083 92 21 LAGEN
537 1084 47 20 OM.

88 1118 55 27 Ang.
157 1119 84 20 ändrad
254 1119 81 26 lydelse
348 1125 28 14 av
389 1119 27 20 33
429 1120 16 24 $;
459 1125 22 15 se
495 1119 192 27 Giftermålsbalken
701 1120 79 26 (1944).

61 1160 237 21 BARNAKVINNORS
311 1158 186 27 KYRKOGÅNG;
509 1167 22 14 se
544 1161 132 26 Kyrkolagen
690 1161 79 27 (1948).

61 1201 107 20 BARNA-
180 1201 55 21 OCH
246 1199 221 23 UNGDOMSVÅRD.

90 1237 42 20 RD
149 1238 127 25 godkänner
290 1238 95 26 grunder
400 1238 33 20 för
448 1238 134 27 statsbidrag
597 1239 33 20 till
647 1239 88 26 psykisk
752 1239 78 20 barna-
845 1239 40 19 och
901 1244 53 21 ung-

62 1267 118 20 domsvård
193 1269 58 18 samt
264 1268 88 20 anvisar
364 1268 32 19 till
410 1268 76 26 bidrag
499 1268 32 20 till
544 1268 90 27 psykisk
647 1269 78 20 barna-
738 1269 40 19 och
792 1268 161 26 ungdomsvård

61 1296 27 20 60
97 1296 41 21 000
151 1297 31 20 kr.
196 1297 33 26 (f).

91 1338 17 20 1.
126 1338 41 20 RD
181 1338 87 20 anvisar
280 1339 33 19 till
326 1339 76 26 bidrag
414 1339 32 20 till
459 1339 89 26 psykisk
561 1340 78 20 barna-
651 1340 40 19 och
704 1340 162 26 ungdomsvård
879 1339 26 20 60
913 1339 41 20 000

60 1368 32 19 kr.
109 1368 33 26 (f).

89 1398 19 19 2.
126 1397 42 20 RD
179 1398 79 26 uppför
266 1398 33 19 till
308 1400 84 18 statens
401 1398 72 21 skolor
481 1398 131 21 tillhörande
621 1399 78 20 barna-
708 1399 40 20 och
757 1399 196 26 ungdomsvården:

63 1427 203 26 byggnadsarbeten
283 1434 28 14 m.
322 1434 28 14 m.
367 1428 12 20 å
394 1428 81 20 allmän
491 1429 178 26 beredskapsstat
684 1430 33 18 ett
732 1429 75 25 anslag
822 1434 28 15 av
865 1428 41 20 692
914 1428 41 20 000

61 1457 31 19 kr.

89 1486 19 20 3.
126 1486 42 20 RD
186 1487 127 25 godkänner
331 1487 237 27 personalförteckning
586 1488 40 20 och
643 1488 161 26 avlöningsstat
821 1488 34 20 för
871 1489 84 19 statens

60 1515 73 21 skolor
147 1516 131 20 tillhörande
294 1516 77 20 barna-
386 1517 40 20 och
444 1517 196 26 ungdomsvården;
657 1518 39 20 och
711 1517 88 20 anvisar
814 1517 41 20 RD
871 1517 33 20 till
918 1523 38 14 av-

61 1545 99 26 löningar
170 1545 41 20 919
220 1545 41 21 000
272 1546 32 20 kr.
316 1546 33 26 (f),
361 1546 34 20 till
406 1547 156 20 omkostnader
574 1547 8 20 1
593 1546 41 21 090
643 1547 41 21 500
695 1547 31 20 kr.
739 1547 26 26 (f)
777 1548 57 19 samt
844 1547 34 20 till
888 1547 68 26 bygg-

61 1575 146 20 nadsarbeten
223 1581 28 14 m.
262 1581 28 14 m.
307 1575 40 20 300
357 1576 40 20 500
412 1576 32 20 kr.
461 1576 34 26 (r);
512 1577 40 20 och
567 1577 111 26 medgiver
693 1577 42 20 RD
751 1578 34 19 att
800 1576 33 20 till
848 1576 107 20 stiftelsen

61 1604 125 21 Anna-Lisa
197 1605 107 20 Lidbecks
316 1606 234 26 uppfostringsanstalt
561 1606 6 20 i
578 1606 123 26 Lidköping
711 1606 36 21 må
759 1607 52 25 utgå
822 1606 134 26 statsbidrag

61 1634 50 20 med
126 1634 64 26 högst
205 1634 12 20 3
226 1634 41 20 000
282 1635 32 20 kr.
329 1635 34 20 för
377 1635 137 21 anställande
529 1641 29 15 av
572 1642 27 14 en
614 1636 103 20 assistent
731 1636 37 20 vid
783 1636 172 26 Margretelunds

60 1663 168 26 jordbrukshem
240 1664 69 20 under
319 1665 131 25 budgetåret
462 1665 89 26 1946/47
562 1667 59 19 samt
630 1667 35 19 att
675 1665 33 21 till
719 1665 153 27 Håkanstorps
882 1665 73 26 yrkes-

61 1693 57 24 hem,
138 1693 127 27 Bistaborgs
284 1694 115 26 yrkeshem
419 1695 40 20 och
478 1695 119 24 hemskola,
617 1695 129 27 Morängens
764 1695 115 26 yrkeshem
898 1696 57 19 samt

61 1723 215 21 Skarvik-Tallåsens
289 1724 56 20 skol-
358 1724 40 21 och
411 1724 115 26 yrkeshem
539 1725 36 20 må
588 1726 52 25 utgå
653 1725 77 26 bidrag
742 1731 28 14 av
783 1725 127 20 statsmedel
922 1725 34 20 för

61 1753 109 20 täckande
185 1759 28 14 av
228 1753 184 21 driftunderskott
427 1754 50 20 med
491 1760 55 21 resp.
562 1755 12 20 7
584 1754 47 25 647,
646 1754 13 21 8
668 1754 47 24 030,
730 1755 13 21 3
754 1755 37 20 121
807 1756 58 19 samt
881 1754 24 21 19
908 1749 51 37 000

61 1782 40 24 kr.;
110 1783 40 19 och
158 1783 89 20 anvisar
254 1783 42 20 RD
303 1783 33 20 till
344 1783 76 27 bidrag
429 1784 31 19 till
469 1784 81 21 driften
558 1790 28 14 av
594 1785 47 20 icke
649 1784 88 27 statliga
745 1784 73 21 skolor
824 1784 131 21 tillhörande

61 1812 78 20 barna-
156 1813 40 19 och
214 1813 190 26 ungdomsvården
423 1813 61 21 1000
492 1814 41 21 000
550 1814 32 20 kr.
600 1814 33 27 (f),
650 1814 33 20 till
700 1814 206 26 fortbildningskurs
922 1814 34 20 för

62 1842 217 26 befattningshavare
301 1843 37 20 vid
359 1843 73 20 skolor
451 1843 132 21 tillhörande
604 1844 79 20 barna-
704 1844 40 20 och
765 1844 190 26 ungdomsvården

64 1872 24 19 13
97 1871 41 21 000
150 1872 31 20 kr.
194 1872 35 26 (r),
242 1872 33 20 till
287 1872 76 27 bidrag
375 1873 32 20 till
419 1873 126 21 inrättande
557 1880 28 14 av
597 1873 226 27 inackorderingshem
835 1873 26 21 77
870 1873 41 20 000
922 1874 32 19 kr.

62 1901 27 26 (r)
100 1903 58 18 samt
169 1902 32 19 till
212 1902 125 26 ytterligare
348 1902 36 21 lån
395 1902 32 20 till
444 1903 120 26 Göteborgs
579 1903 184 27 diakonisällskap
778 1903 33 21 för
821 1903 57 20 vissa
889 1903 66 26 bygg-

63 1931 145 20 nadsarbeten
221 1932 38 19 vid
272 1932 173 26 Härsjögårdens
458 1933 115 25 yrkeshem
587 1933 22 20 11
622 1933 40 20 600
674 1933 32 20 kr.
719 1933 32 26 (i).

92 1967 17 19 1.
126 1966 42 20 RD
179 1967 103 23 anhåller,
293 1969 34 18 att
338 1967 63 21 KM:t
410 1968 130 26 skyndsamt
550 1968 50 21 ville
610 1969 33 19 för
653 1969 42 19 RD
705 1969 119 25 framlägga
834 1968 79 26 förslag
923 1968 32 20 till

61 1995 138 27 lagstiftning
213 1996 6 20 i
232 1997 57 25 syfte
304 1998 34 18 att
352 1997 78 20 bereda
444 1998 54 19 barn
512 1998 71 26 skydd
597 2000 47 18 mot
657 1998 106 26 flyttning
776 1998 48 20 från
838 1998 117 20 fosterhem

62 2025 32 20 till
106 2026 68 20 skada
187 2026 34 19 för
233 2026 84 20 barnet.

90 2055 19 20 2.
126 2055 42 20 RD
184 2055 127 26 godkänner
326 2056 107 26 riktlinjer
448 2057 33 20 för
497 2057 183 26 omorganisation
696 2063 28 14 av
739 2057 72 20 skolor
825 2057 130 20 tillhörande

62 2085 77 20 barna-
151 2085 40 20 och
204 2086 190 25 ungdomsvården
408 2088 57 18 samt
477 2087 6 19 i
496 2087 60 26 fråga
569 2093 35 13 om
617 2087 139 20 bestridande
768 2093 28 14 av
808 2087 147 20 kostnaderna

69 2150 104 16 8—141701

1109 147 90 31 Motioner
1247 147 89 31 Utskott
1372 147 59 37 Skriv
1499 152 94 16 Protokoll

973 172 26 20 År
997 168 8 32 |
1022 175 54 21 Prop.
1399 192 22 12 fe

1103 205 33 16 FK
1151 192 2 46 |
1166 205 35 16 AK
1223 188 85 54 Smilavdl
1332 206 26 16 Nr
1477 206 33 15 FK
1575 206 36 15 AK

974 276 27 20 441
1029 276 41 20 275
1078 272 26 34 |
1114 288 27 3 —|
1179 288 27 3 —1I
1241 276 268 21 61—11771379123:1
1531 272 17 34 |
1556 277 83 20 23:121

1024 314 15 11 s.
1052 308 24 18 32
1327 309 80 17 s.41s.
1420 309 9 17 7

974 348 27 20 451
1029 347 41 21 308
1079 343 27 35 |
1114 360 28 2 —I
1179 360 28 2 —I
1241 348 61 20 61—]1
1327 348 39 20 1921
1390 348 41 20 4371
1456 348 33 21 28:
1500 351 24 17 21
1530 343 22 35 |
1557 348 33 21 28:
1602 351 22 17 11

1025 385 15 12 s.
1052 379 25 18 38
1327 385 15 12 s.
1355 380 52 18 918.
1414 376 8 31 2

974 1238 27 19 451
1029 1238 38 20 211
1077 1233 27 35 |
1114 1250 28 2 —
1166 1238 40 20 1538]
1241 1238 61 19 6|—]|
1328 1238 38 20 1281
1391 1237 40 21 2981
1456 1238 32 20 22:
1500 1240 24 17 25
1530 1233 22 35 |
1556 1238 33 20 22:
1600 1240 23 18 31

975 1338 27 20 461]
1031 1339 39 20 1:51
1114 1351 28 2 —I
1179 1351 28 3 —I
1241 1339 61 20 61—
1353 1338 13 21 5
1419 1338 69 22 5115:
1500 1341 24 17 85
1531 1334 18 34 |
1558 1339 31 20 15:
1601 1341 24 18 60

1017 1373 22 19 pt
1046 1371 38 17 203
1321 1376 15 11 s.
1344 1370 89 18 821s.33

985 1404 9 13 »
1030 1398 38 20 [211]
1114 1410 29 3 —|
1179 1410 28 3 —I|I
1241 1399 61 19 61—
1304 1394 17 34 1
1327 1398 39 21 1591
1390 1398 41 20 313]
1455 1399 33 19 22:
1500 1400 23 18 27
1556 1399 33 19 123:
1601 1401 10 17 9

1026 1435 14 12 s.
1053 1430 24 17 40
1321 1435 15 12 s.
1345 1430 23 18 18)
1392 1434 15 13 s.
1420 1430 10 17 2

986 1493 8 13 »
1005 1483 18 34 I
1032 1487 38 20 187
1079 1483 18 34 1
1101 1487 40 20 274
1145 1483 18 34 |
1165 1487 41 21 4291
1241 1487 13 20 6
1275 1499 27 3 1—]
1328 1487 36 20 1811
1390 1487 41 20 345
1436 1483 14 34 I
1455 1487 33 20 23:
1500 1487 138 20 84d124:115d

1101 1517 40 20 275
1140 1513 21 33 |
1165 1517 41 19 430

976 1967 26 20 471
1045 1980 27 3 —I
1115 1979 28 3 —I|
1180 1968 26 19 431
1242 1968 43 19 911
1340 1967 26 20 241
1393 1967 96 21 137118:
1500 1969 24 18 62
1531 1963 18 34 |
1558 1967 31 20 18:
1601 1969 24 18 75

986 2063 8 12 »
1005 2052 18 34 I
1031 2056 40 20 269
1102 2056 40 20 1327
1143 2052 18 34 |
1166 2056 42 20 484]
1242 2056 60 19 61—
1300 2052 18 34 |
1328 2056 38 20 1991
1391 2056 40 20 3871
1456 2056 33 21 29:
1500 2056 39 20 34d]
1556 2056 33 20 30:
1601 2058 25 17 24
