1826 2363
152 161 39 20 150

846 162 168 18 SAKREGIST

1015 161 54 17 TER

171 453 170 27 Avskrivningar
357 453 36 21 och
409 454 116 26 eftergifter.

212 484 148 26 torrläggning
376 489 28 14 av
420 484 62 20 mark
498 484 6 19 i
521 483 89 26 Hultsjö
626 484 78 19 socken
720 490 28 13 av
765 483 135 27 Jönköpings
916 484 34 20 län
967 484 41 20 den

212 513 13 20 4
238 519 49 21 aug.
304 514 52 20 1922
370 514 108 26 beviljade
492 513 59 20 lånet
564 513 48 20 från
627 513 213 26 odlingslånefonden
855 514 35 19 må
904 513 47 20 från
966 515 43 19 sta-

212 545 48 19 tens
274 543 207 27 avdikningsanslag
495 544 86 19 anvisas
596 545 33 18 ett
643 543 77 26 belopp
735 549 28 14 av
779 543 24 20 15
812 543 41 20 000
867 544 31 19 kr.

159 612 23 17 22
198 609 43 21 RD
258 609 118 27 medgiver,
394 611 34 19 att
446 609 27 21 H.
492 610 23 19 F.
533 610 123 19 Andersson
674 609 34 20 må
727 610 78 20 befrias
822 609 47 20 från
887 610 73 19 vidare
977 616 32 14 er-

212 640 235 26 sättningsskyldighet
457 640 33 19 till
501 639 288 26 riksförsäkringsanstalten
801 639 33 20 för
845 639 43 20 vad
900 640 108 20 anstalten

211 670 89 25 jämlikt
319 670 52 20 1927
390 672 34 18 års
442 669 340 27 militärersättningsförordning
800 669 81 27 utgivit
898 670 50 19 eller
965 670 43 20 kan

212 700 87 20 komma
315 701 35 19 att
366 699 76 27 utgiva
458 700 33 20 till
506 699 26 20 A.
548 700 26 19 A.
591 699 107 21 Mattsson
715 700 5 19 i
737 700 42 19 anl.
796 705 28 14 av
840 699 69 21 denne
925 699 41 21 den
982 700 26 20 28

212 731 56 25 sept.
295 729 53 21 1934
372 735 77 21 genom
474 730 134 19 Anderssons
632 729 134 20 förvållande
790 729 105 20 åsamkad
920 730 89 25 kropps-

211 760 75 20 skada.

158 827 24 18 23
198 825 42 20 RD
256 825 118 27 medgiver,
391 827 35 19 att
441 826 38 19 två
496 825 127 20 femtedelar
638 831 28 14 av
683 826 40 19 den
740 826 67 22 skatt,
825 831 45 14 som
887 825 68 20 skulle
972 825 36 26 på-

211 855 55 20 förts
281 855 88 20 avlidne
384 855 132 27 godsägaren
534 855 24 20 E.
575 855 28 20 M.
620 861 42 14 von
680 855 128 26 Engeström
824 855 6 20 i
845 855 43 20 anl.
904 861 28 14 av
948 856 60 19 över-

211 885 106 27 tagandet
333 885 68 26 enligt
417 885 232 26 överlåtelsehandling
666 885 40 20 den
724 885 26 20 30
767 886 54 25 sept.
841 885 52 19 1933
910 891 28 13 av
955 885 53 26 Kip-

211 915 119 26 lingsbergs
343 915 39 20 och
395 915 101 26 Närlinge
509 915 272 26 fastighetsfideikommiss
793 916 57 19 samt
863 911 93 29 Österby
969 915 39 19 och

212 945 51 23 Vrå,
289 945 172 26 Kiplingebergs,
486 945 101 26 Närlinge
612 945 39 20 och
676 945 68 20 Risbo
768 944 241 27 fideikommisskapital

211 981 29 14 m.
250 981 37 17 m.,
298 976 35 19 må
345 975 68 20 varda
424 975 126 26 eftergiven,
563 975 48 20 med
623 976 46 19 rätt
679 975 55 20 dock
746 975 33 19 för
789 975 83 20 kronan
884 976 41 22 att,
937 974 73 21 därest

212 1005 107 20 dödsboet
336 1005 55 20 efter
408 1005 80 20 honom
506 1005 68 20 skulle
592 1004 104 21 försättas
714 1005 6 19 i
737 1005 103 23 konkurs,
859 1004 5 20 i
883 1005 125 20 densamma

212 1035 84 20 bevaka
313 1035 39 20 och
369 1035 63 25 njuta
449 1035 112 25 utdelning
576 1034 34 21 för
626 1035 46 20 hela
689 1035 37 20 det
742 1034 85 26 belopp,
844 1034 72 21 vartill
932 1035 77 25 ifråga-

211 1064 96 21 varande
322 1064 94 27 oguldna
431 1065 61 20 skatt
506 1064 89 27 uppgår.

173 1157 8 17 1
198 1154 42 20 RD
262 1154 118 26 medgiver,
402 1156 35 18 att
457 1155 95 19 kronans
573 1154 138 20 återstående
732 1154 87 19 fordran
842 1154 27 26 på
890 1153 70 26 grund
981 1160 28 13 av

211 1184 56 20 visst
285 1184 89 26 angivet
393 1184 118 26 virkesköp
531 1184 39 20 och
590 1183 222 26 borgensförbindelse
832 1183 38 20 hos
890 1183 24 20 O.
936 1183 72 21 Svahn

211 1215 59 19 samt
284 1214 26 20 A.
327 1214 119 20 Hedström
462 1214 40 19 och
518 1214 25 19 O.
560 1213 118 20 Hedström
694 1213 12 20 å
721 1213 62 20 4427
799 1213 31 20 kr.
847 1213 24 20 81
890 1215 35 18 öre
940 1213 69 26 jämte

211 1245 63 18 ränta
289 1245 58 18 samt
360 1243 246 26 rättegångskostnader
620 1243 34 20 må
669 1243 120 20 avskrivas.

172 1312 10 17 2
198 1309 42 20 RD
257 1309 117 26 medgiver,
391 1310 35 19 att
441 1309 77 20 Cecilia
535 1309 135 23 Gränström,
687 1309 90 20 Gunvor
793 1309 134 23 Gränström,
944 1308 22 20 C.
984 1309 24 19 O.

212 1339 128 20 Gränström
358 1339 39 20 och
417 1339 72 26 Ingrid
506 1339 113 20 Levander
635 1339 36 20 må
689 1338 79 21 befrias
784 1338 48 20 från
849 1338 75 20 vidare
941 1338 68 20 betal-

211 1368 189 27 ningsskyldighet
414 1369 32 20 till
461 1369 83 20 kronan
560 1369 28 26 på
602 1368 70 27 grund
688 1375 28 14 av
731 1368 62 20 deras
808 1368 79 26 borgen
903 1368 37 20 vid
955 1368 55 20 visst

211 1399 89 26 angivet
313 1399 125 26 virkesköp,
453 1399 69 20 under
536 1398 158 26 förutsättning
708 1400 34 18 att
756 1398 33 20 till
803 1398 134 20 statsverket
950 1398 59 20 inbe-

211 1429 56 20 talas
278 1429 70 20 sextio
360 1430 90 25 procent
460 1435 28 14 av
498 1429 95 20 kronans
604 1428 88 20 fordran
704 1429 11 19 å
727 1428 26 20 33
763 1428 40 20 786
814 1428 31 20 kr.
858 1428 26 20 80
895 1430 35 18 öre
941 1428 68 25 jämte

211 1460 63 19 ränta
290 1459 39 20 och
344 1458 264 27 lagsökningskostnader.

171 1527 11 17 3
197 1524 43 21 RD
253 1525 118 26 medgiver,
384 1526 34 19 att
431 1525 56 20 förre
500 1525 164 20 vaktmästaren
679 1524 19 20 S.
713 1525 25 19 O.
752 1524 128 20 Gustafsson
894 1524 39 20 och
947 1523 63 21 döds-

211 1555 52 19 boet
271 1555 55 19 efter
334 1554 57 21 förre
400 1555 165 20 vaktmästaren
576 1554 24 20 E.
611 1554 27 20 D.
650 1554 111 20 Ottersten
770 1554 36 19 må
816 1553 85 23 befrias,
912 1553 98 21 Gustafs-

211 1590 38 14 son
262 1584 48 20 från
322 1584 80 20 honom
414 1590 78 20 genom
504 1584 137 20 Stockholms
653 1584 138 20 rådhusrätts
803 1583 71 26 utslag
886 1583 41 20 den
939 1583 12 20 6
963 1583 46 26 juni

213 1614 52 21 1922
277 1614 63 26 ålagd
352 1614 126 26 skyldighet
488 1616 35 18 att
534 1614 33 20 till
579 1613 225 26 kommerskollegium
816 1613 76 26 utgiva
904 1613 12 20 3
925 1613 41 20 334
976 1613 33 20 kr.

211 1644 27 20 50
251 1646 36 18 öre
301 1646 58 18 samt
372 1644 107 20 dödsboet
492 1644 48 20 från
554 1643 259 27 ersättningsskyldighet
825 1643 34 20 för
873 1643 37 20 det
923 1643 86 26 belopp,

211 1674 89 20 varmed
320 1674 112 20 Ottersten
451 1674 67 26 enligt
536 1679 83 15 samma
638 1673 71 26 utslag
727 1673 37 20 vid
783 1673 32 20 sin
834 1673 43 20 död
896 1672 89 21 häftade
1003 1673 6 20 i

211 1704 63 20 skuld
291 1704 33 20 till
337 1704 123 26 kollegium,
475 1704 50 20 eller
540 1703 72 21 11442
625 1704 32 19 kr.
673 1703 24 20 18
711 1705 43 21 öre,
768 1703 55 20 efter
836 1703 82 26 avdrag
931 1708 28 14 av
973 1702 37 21 det

211 1734 86 26 belopp,
312 1740 47 14 som
374 1734 43 20 kan
432 1733 91 21 erhållas
537 1733 38 20 vid
589 1733 128 26 försäljning
731 1738 29 15 av
775 1732 111 21 Ottersten
900 1732 109 27 tillhöriga

211 1763 5 20 i
235 1763 86 26 kollegii
339 1763 75 21 förvar
431 1763 100 26 befintlig
549 1763 92 20 svenska
660 1764 84 19 statens
762 1762 200 26 premieobligation
981 1768 28 14 av

211 1793 24 20 år
251 1793 53 20 1936
319 1795 58 18 samt
392 1793 63 20 andel
471 1793 5 20 i
492 1793 39 20 två
547 1793 73 26 dylika
637 1792 149 26 obligationer.

172 1856 10 16 4
197 1853 43 20 RD
251 1853 117 26 medgiver,
380 1854 34 19 att
425 1853 95 20 kronans
530 1853 87 20 fordran
629 1852 39 20 hos
679 1852 22 20 C.
714 1852 24 20 G.
750 1852 56 26 Berg
817 1852 40 20 och
868 1852 54 20 hans
932 1851 77 21 hustru

211 1883 12 20 å
246 1883 56 20 1461
324 1883 32 20 kr.
375 1882 27 21 84
420 1884 35 19 öre
472 1882 67 27 enligt
556 1888 26 14 en
600 1882 6 20 i
624 1881 239 27 statsrådsprotokollet
880 1881 129 20 omförmäld

210 1913 196 20 skuldförbindelse
423 1913 41 20 den
480 1912 24 21 21
523 1912 44 20 dec.
586 1912 50 20 1931
654 1912 35 20 må
706 1911 120 21 avskrivas.

171 1981 11 17 5
197 1978 43 21 RD
252 1979 117 26 medgiver,
382 1980 34 19 att
428 1979 24 20 P.
465 1979 20 20 J.
498 1978 96 24 Wikner,
607 1978 20 21 S.
641 1978 24 21 O.
678 1978 123 20 Johansson
814 1978 40 19 och
867 1977 24 21 G.
905 1978 26 19 R.
944 1977 66 20 Lind-

210 2009 57 20 bäck
280 2009 36 20 må
331 2008 79 21 befrias
424 2009 48 20 från
486 2008 75 21 vidare
575 2007 248 27 betalningsskyldighet
836 2007 33 20 till
883 2008 83 19 kronan
981 2007 27 26 på

210 2039 70 26 grund
299 2044 28 15 av
345 2039 55 19 visst
417 2038 90 27 angivet
524 2038 124 26 virkesköp,
668 2038 68 19 under
753 2037 158 27 förutsättning
929 2038 34 19 att
981 2043 28 14 av

210 2069 95 20 kronans
318 2068 89 22 fordran
421 2068 106 22 inbetalas
541 2070 33 20 ett
588 2068 78 27 belopp
680 2074 27 14 av
723 2067 59 21 1000
795 2067 32 21 kr,

1294 235 105 30 Utskotts-
1473 239 54 17 Riks-
1607 258 6 4 vå

1089 261 55 32 Kungl.
1198 287 3 3 ;
1292 265 117 27 utlåtanden,
1465 269 69 21 dagens
1594 258 117 33 SERArnAE

1092 295 53 18 Maj:ts|
1157 287 91 16 Motioner]
1275 299 95 16 memorial
1383 299 43 16 eller
1433 283 22 41 |
1477 299 44 16 skri-
1583 288 140 20 förhandlingar

1037 319 25 20 År
1073 315 15 40 I
1092 328 50 15 propir
1286 329 132 17 betänkanden
1469 329 59 16 velser
1610 317 87 20 (prot.nr)

1099 355 36 14 öller
1153 365 38 1 2
1440 343 108 34 bered
1707 365 39 2 2

1091 384 101 26 SEVITRR
1210 395 34 16 LAK
1267 383 16 37 :
1309 382 15 33 3
1349 395 90 16 Nummer|
1456 395 90 16 Nummer
1568 384 67 39 NR
1653 370 2 30 |
1672 384 65 30 SIE

1267 422 16 11 AT
1582 412 55 11 amm.
1653 401 2 36 |
1670 408 69 15 kamm.

1202 449 1 20 |
1338 452 2 2 a
1654 452 1 15 |

1202 471 1 9 |

1025 484 54 20 1938
1202 481 1 54 |
1297 486 2 28 |

1202 536 1 27 |
1297 531 1 37 fö

1028 610 52 20 1938]
1097 610 39 20 245
1157 593 36 76 si
1220 622 27 2 22
1274 596 123 40 bgtoalnigg
1482 611 40 19 209
1538 593 24 48 |
1572 611 68 19 28:22
1654 630 1 3 |
1669 611 69 19 28:69

1202 668 1 18 I

1202 730 1 9 |

1202 740 1 28 |

1202 770 1 23 |
1297 792 1 7 I
1655 799 1 4 |

1028 825 52 20 1938]
1097 826 37 20 301
1178 794 25 61 |
1235 838 11 1 1
1274 826 66 29 61—]
1360 826 37 20 198
1482 826 40 20 433
1531 821 30 34 |
1572 826 69 19 39:49
1655 816 1 34 |
1670 825 33 20 40:
1715 828 23 16 67

1201 856 3 31 |
1299 851 37 49 aa

1202 905 1 9 |

1202 916 1 10 |

1202 930 1 12 |

1202 944 2 13 I

1032 1002 11 15 N
1202 986 1 35 |

1028 1153 52 20 1939]
1105 1154 26 20 36
1142 1149 22 35 |
1166 1166 24 2 —
1194 1149 14 35 |
1221 1153 115 21 —H0OI—]
1374 1153 25 20 12
1413 1155 28 17 s.1
1496 1153 26 20 85
1533 1148 32 35 |
1574 1153 67 21 12:54
1655 1162 2 28 |
1672 1152 32 21 12:
1718 1155 36 18 104j

1094 1185 21 20 pt
1130 1185 7 16 1
1656 1191 1 7 |

1340 1286 1 17 |
1656 1299 1 8 |

1028 1308 52 20 1939]
1105 1309 26 20 36
1138 1299 30 47 |
1165 1320 29 3 —
1200 1299 12 47 |
1220 1304 121 25 —HO0]—'
1374 1308 70 20 12s.2|
1497 1308 26 20 85
1535 1299 122 47 [12:54]
1661 1299 92 47 12:104

1095 1340 20 20 pt
1129 1339 10 16 2
1656 1344 1 29 |

1656 1392 1 30 |

1656 1490 1 26 |

1028 1523 53 21 1939]
1106 1524 26 20 77
1146 1519 23 35 |
1167 1535 28 2 —|
1221 1534 27 2 —1
1275 1524 63 20 6)—]
1373 1523 26 20 58
1498 1522 131 21 99:-4-46:-95
1673 1522 31 20 Ji16:
1717 1524 23 18 17

1656 1580 1 27 |

1656 1752 1 22 I

1028 1851 53 20 1939]
1106 1851 25 20 75
1142 1846 27 35 |
1167 1863 27 2 —
1203 1846 7 35 I!
1221 1851 117 20 —H0]—]
1373 1851 26 19 26
1485 1850 38 19 108
1532 1845 30 34 |
1575 1849 67 20 16:23
1656 1816 1 71 |
1672 1849 32 20 16:
1715 1851 25 17 70

1656 1888 1 20 |

1656 1926 1 32 |

1027 1976 54 21 1939]
1104 1976 27 20 83
1137 1957 33 51 |
1166 1988 28 2 —|
1220 1976 117 20 —l10|—'
1372 1975 72 20 28-s.ö)
1485 1975 38 20 118
1539 1957 20 51 |
1575 1975 31 20 18:40
1618 1961 122 35 18:60

1094 2007 21 20 pt
1130 2007 7 15 1
1655 1999 1 19 I

1339 2060 2 12 |
1655 2049 2 42 |
