1861 2367
918 168 136 16 SAKREGISTER

179 211 39 136 ”

1069 262 22 145 1883epsXIA

1128 309 17 105 J9S[9ALIYS
1127 249 18 48 IO9

1147 380 16 54 "doad
1147 308 22 65 sy:fen
1147 232 21 71 Funny
1161 224 10 1 |

1181 224 9 1 |

1249 224 35 1 |

1291 224 8 1 |

1301 224 8 1 I

1321 224 13 2 |

1340 224 20 2 I

1186 286 94 18 Motioner

1343 258 94 17 Utskotts-

1331 287 111 18 utlåtanden

1308 317 46 18 eller
1367 318 99 18 memorial
1468 313 20 32 |

1601 386 69 17 Första
1684 391 1 17 |

1598 410 71 17 kamm,
1684 415 1 23 |
1700 410 70 18 kamm.
1785 419 1 7 |

1342 388 17 38 PAY

1395 396 17 27 IN
1395 367 17 2 |

1455 385 16 45 BPIS
1439 368 44 1 |

1628 272 119 17 Kamrarnas

1614 301 145 23 förhandlingar

199 442 180 28 Dyrtidstillägg.

243 504 38 19 och
299 503 104 21 förklarar
421 504 44 24 RD,
485 506 32 18 att
532 504 132 21 beträffande
680 505 99 25 tillskott,
796 512 45 14 som
858 512 30 14 nu
903 508 93 24 nämnts,
1013 507 25 21 de

243 540 47 19 ang.
315 533 158 27 dyrtidstillägg
496 534 33 20 för
552 535 149 21 motsvarande
717 535 32 21 tid
764 535 99 26 gällande
880 536 159 22 bestämmelser

242 563 61 21 skola
318 564 7 19 i
342 563 128 27 tillämpliga
493 564 59 20 delar
573 564 64 21 lända
660 565 34 20 till
717 566 146 24 efterrättelse,
885 566 49 21 med
950 569 42 19 rätt
1006 568 33 20 för

242 593 62 21 KM:t
322 595 32 19 att
369 593 99 21 meddela
484 594 26 20 de
526 596 96 19 närmare
638 595 138 26 föreskrifter,
793 602 45 14 som
855 596 73 21 kunna
944 604 50 14 vara
1010 604 28 14 er-

178 638 2 11 I
243 623 114 26 forderliga
380 624 32 20 för
435 624 138 26 tillämpning
592 632 26 13 av
634 625 60 21 dessa
712 626 169 24 bestämmelser;
898 627 40 20 och
954 628 84 20 anvisas

178 656 2 34 |
242 654 33 20 för
298 660 30 14 nu
352 654 91 26 angivna
466 654 101 21 ändamål
589 656 70 19 såsom
676 656 92 20 tillskott
784 656 33 20 till
834 656 157 27 dyrtidstillägg
1006 658 33 20 för

243 683 235 28 lantbruksingenjörer
508 685 39 20 och
579 685 252 27 lantbruksstipendiater
856 687 32 20 för
915 687 123 26 budgetåret

245 712 125 29 1925/1926
388 716 30 18 ett
434 716 59 19 extra
509 714 164 28 förslagsanslag
688 723 26 13 av
731 716 27 20 23
768 716 42 21 000
827 716 30 21 kr.

188 762 21 37 2
228 774 37 20 RD
282 774 100 26 besluter,
399 776 31 19 att
446 774 25 21 de
487 775 33 20 för
537 775 123 26 budgetåret
678 775 125 28 1924/1925
820 777 99 26 gällande
930 778 109 20 allmänna
1040 770 15 37 |
1072 770 8 37 >»

178 801 2 23 |
242 804 92 26 grunder
350 804 33 20 för
398 804 158 27 dyrtidstillägg
569 806 22 19 åt
602 805 67 21 lärare
680 806 36 20 vid
727 806 198 21 lantmannaskolor
936 808 39 20 och
986 808 52 20 lant-

178 832 1 24 I
242 834 171 20 hushållsskolor
428 836 57 18 samt
500 834 185 22 lantbruksskolor
701 836 60 20 skola
776 836 56 26 gälla
847 837 81 26 jämväl
944 837 33 20 för
988 838 50 20 bud-

178 863 1 36 |
242 864 80 25 getåret
340 862 135 29 1925/1926;
492 865 39 19 och
548 865 115 26 medgives,
680 868 31 18 att
726 868 21 18 åt
761 866 231 27 lärarinnepersonalen
1003 868 36 20 vid

178 912 1 13 |
241 893 340 22 Fredrika-Bremer-Förbundets
600 895 336 27 lanthushållningsseminarium
954 898 12 19 å
982 898 56 20 Rim-

178 929 1 6 I
242 924 56 20 forsa
317 924 36 20 må
371 924 26 20 fr.
415 931 17 13 o.
450 931 28 13 m.
496 924 41 20 den
555 924 10 20 1
582 925 41 26 juli
641 925 55 20 1925
714 926 39 20 och
770 926 118 21 tillsvidare
904 927 68 20 under
988 928 50 20 bud-

242 954 80 26 getåret
340 952 125 26 1925/1926
482 955 50 25 utgå
546 954 157 28 dyrtidstillägg
714 956 7 20 i
732 956 144 27 huvudsaklig
887 959 151 19 överensstäm-

242 984 66 20 melse
325 984 49 20 med
390 984 26 20 de
432 984 110 20 allmänna
558 985 97 25 grunder,
673 992 45 14 som
730 986 33 20 för
773 993 83 14 samma
867 987 32 20 tid
910 987 87 20 komma
1008 989 31 19 att

242 1014 56 26 gälla
322 1014 132 20 beträffande
478 1015 149 20 motsvarande
649 1016 98 26 personal
771 1016 37 21 vid
823 1017 214 24 lanthushållsskola;

241 1044 40 19 och
301 1044 84 19 anvisas
403 1044 33 19 för
452 1051 29 13 nu
497 1045 92 24 angivna
605 1045 100 20 ändamål
722 1046 32 20 för
770 1046 124 26 budgetåret
912 1046 126 28 1925/1926

242 1075 30 18 ett
288 1075 60 18 extra
363 1073 165 26 förslagsanslag
543 1081 26 13 av
587 1074 41 21 150
638 1075 42 20 000
697 1075 30 20 kr.

187 1138 22 15 13
227 1133 38 20 RD
284 1133 115 26 medgiver,
420 1135 36 23 att,
474 1133 70 21 därest
560 1134 26 20 de
602 1134 230 26 distriktsveterinärer,
849 1136 34 21 till
899 1137 68 20 vilkas
984 1137 54 21 avlö-|
1077 1147 4 9 »

242 1163 52 26 ning
317 1163 83 20 lämnas
422 1163 135 26 statsbidrag,
573 1164 33 20 för
622 1164 58 21 tiden
699 1164 10 20 1
726 1165 41 27 juli
784 1165 116 21 1925—30
916 1167 48 26 juni
982 1167 55 21 1926

242 1193 87 20 beredas
353 1193 158 27 dyrtidstillägg
529 1194 13 19 å
557 1193 50 21 dem
630 1194 47 20 från
701 1194 157 22 vederbörande
874 1196 108 27 landsting
997 1197 40 20 till-

242 1222 130 21 kommande
389 1223 105 26 avlöning,
512 1223 158 27 dyrtidstillägg
686 1231 25 14 av
727 1226 124 20 statsmedel
865 1227 36 19 må
912 1226 32 21 för
955 1233 83 14 samma

242 1252 32 21 tid
290 1253 33 20 till
340 1253 48 20 dem
402 1254 51 25 utgå
464 1253 49 20 med
525 1254 146 20 motsvaraede
682 1254 63 21 andel
756 1262 27 13 av
794 1256 156 25 statsbidraget,
962 1256 86 21 ålders-
1038 1248 14 37 |

242 1282 74 26 tillägg
339 1282 45 21 däri
408 1283 132 25 inberäknat,
561 1283 54 21 dock
631 1284 50 20 med
696 1285 61 26 högst
775 1292 25 13 en
817 1286 103 26 tredjedel
936 1293 26 13 av
978 1289 58 18 stats-

242 1313 136 26 avlöningen;
403 1313 40 20 och
468 1313 84 20 anvisas
576 1313 33 20 till
632 1314 135 21 bestridande
791 1322 26 13 av
840 1315 143 21 kostnaderna
1006 1317 42 22 för
1034 1309 10 36 |

242 1342 61 21 dessa
319 1342 158 27 dyrtidstillägg
492 1343 33 20 för
541 1343 125 26 budgetåret
683 1343 125 28 1925/1926
826 1347 30 19 ett
872 1347 58 19 extra
941 1346 96 26 förslags-

242 1372 74 26 anslag
331 1379 26 13 av
374 1372 27 20 68
411 1372 42 20 000
470 1373 31 19 kr.

188 1437 20 15 14
228 1432 40 20 Till
289 1432 136 20 bestridande
441 1439 26 14 av
483 1432 143 21 kostnaderna
641 1433 33 20 för
690 1433 158 28 dyrtidstillägg
860 1436 22 19 åt
898 1435 139 26 befattnings-

242 1462 77 20 havare
342 1462 37 20 vid
402 1463 81 19 statens
505 1462 245 27 reproduktionsanstalt
770 1465 85 20 anvisas
865 1465 33 20 för
914 1465 125 27 budgetåret

243 1490 126 26 1925/1926
386 1494 31 18 ett
433 1494 60 18 extra
508 1492 164 27 förslagsanslag
687 1500 26 14 av
729 1494 12 19 3
752 1494 42 20 860
810 1494 29 20 kr.
852 1496 31 19 att
893 1496 51 25 utgå
954 1496 7 19 i
972 1496 66 20 första

243 1521 57 21 hand
316 1529 26 13 av
358 1522 118 20 inkomster
492 1529 26 13 av
534 1522 276 26 reproduktionsanstalten.

186 1593 23 15 15
227 1588 37 20 RD
280 1587 115 26 medgiver,
412 1590 32 18 att
459 1588 68 20 under
543 1588 59 20 tiden
620 1588 10 20 1
647 1589 41 27 juli
703 1589 116 21 1925—30
830 1591 48 26 juni
891 1590 55 21 1926
958 1592 35 19 må
1005 1591 32 21 till

242 1617 225 21 distriktslantmätare
483 1618 39 20 och
539 1620 60 18 extra
614 1618 127 22 lantmätare
752 1620 48 20 med
811 1620 84 25 arvode,
907 1622 74 19 utöver
992 1621 46 27 dyr-

243 1647 117 26 tidstillägg
375 1649 27 25 på
418 1647 69 27 grund
503 1655 26 13 av
544 1648 36 20 lön
596 1648 52 21 eller
663 1649 83 25 arvode,
763 1656 26 14 av
800 1650 124 21 statsmedel
936 1651 50 25 utgå
996 1651 42 20 till-

243 1678 58 20 skott
324 1677 72 21 därtill
420 1678 27 26 på
465 1678 70 26 grund
550 1685 27 13 av
592 1678 118 21 inkomster
723 1679 33 21 för
771 1680 72 20 arbete
859 1680 66 26 enligt
940 1681 98 26 gällande

243 1708 180 24 lantmäteritaxa,
443 1708 120 20 beräknade
579 1708 33 21 för
628 1708 224 22 distriktslantmätare
868 1710 33 20 till
917 1710 14 20 4
940 1710 42 21 000
999 1711 38 25 kr.,

243 1738 33 20 för
298 1739 60 19 extra
381 1738 127 20 lantmätare
532 1738 49 20 med
601 1738 77 21 arvode
693 1746 36 14 om
746 1740 12 19 2
768 1739 43 21 000
827 1740 31 20 kr.
876 1740 33 20 till
926 1740 12 20 3
948 1740 42 21 200
1006 1741 31 20 kr.

243 1768 40 19 och
298 1768 34 20 för
347 1769 60 19 extra
423 1768 127 20 lantmätare
566 1768 50 20 med
632 1769 77 20 arvode
725 1776 35 14 om
779 1769 63 21 1500
859 1770 51 21 eller
927 1770 63 21 1000
1007 1771 30 20 kr.

244 1797 33 20 till
301 1797 64 21 2400
389 1798 38 24 kr.,
452 1798 39 20 allt
514 1798 33 20 för
569 1799 23 19 år
615 1799 84 24 räknat;
720 1800 39 20 och
775 1800 109 26 medgiver
899 1800 44 25 RD,
961 1802 30 18 att
1007 1797 30 36 för
1048 1825 1 4 |

244 1834 83 14 samma
345 1827 31 20 tid
392 1829 36 18 må
444 1828 33 20 till
494 1830 59 18 extra
568 1828 127 21 lantmätare
711 1831 52 19 utan
780 1830 76 20 arvode
873 1837 26 14 av
915 1831 123 20 statsmedel

244 1858 49 25 utgå
317 1857 92 21 tillskott
433 1857 32 20 till
488 1858 117 20 inkomster
628 1859 33 20 för
682 1859 70 21 arbete
769 1859 66 26 enligt
850 1860 189 21 lantmäteritaxan

244 1887 120 20 beräknade
380 1887 33 20 till
431 1887 64 20 2400
511 1888 31 19 kr.
554 1888 33 20 för
598 1889 31 23 år;
642 1889 40 20 och
693 1889 104 21 förklarar
810 1890 44 25 RD,
866 1891 31 19 att
908 1890 131 21 beträffande

244 1917 98 24 tillskott,
359 1924 46 13 som
421 1924 30 14 nu
467 1919 93 22 nämnts,
577 1918 26 20 de
620 1925 46 19 ang.
679 1919 158 27 dyrtidstillägg
847 1920 33 20 för
890 1920 160 24 motsvarande
1040 1913 14 37 |

243 1947 31 20 tid
298 1947 98 26 gällande
421 1947 160 21 bestämmelser
604 1948 60 20 skola
679 1949 7 20 i
702 1949 128 27 tillämpliga
852 1949 59 21 delar
926 1950 65 20 lända
1006 1950 44 20 till!

243 1977 145 24 efterrättelse,
405 1977 50 20 med
468 1979 42 19 rätt
520 1978 33 20 för
563 1978 62 20 KM:t
636 1980 30 19 att
678 1979 99 21 meddela
788 1979 26 20 de
825 1981 97 19 närmare
933 1980 106 20 föreskrif-

243 2009 37 22 ter,
297 2013 46 14 som
354 2007 74 21 kunna
440 2014 48 13 vara
500 2007 137 27 erforderliga
648 2008 32 20 för
691 2009 138 26 tillämpning
840 2016 26 14 av
877 2009 61 21 dessa
950 2010 89 20 bestäm-

242 2037 86 24 melser;
346 2037 39 20 och
402 2037 115 26 medgives,
535 2039 31 18 att
581 2038 62 20 KM:t
658 2039 34 19 må
709 2040 38 25 äga
764 2041 37 22 att,
820 2039 48 21 med
884 2040 138 26 tillämpning
1033 2036 15 38 HH

242 2067 41 20 den
300 2067 50 20 mån
367 2068 23 20 så
406 2067 41 20 kan
464 2067 37 21 ske
517 2074 26 13 av
560 2067 25 21 de
602 2075 45 19 ang.
663 2068 157 27 dyrtidstillägg
830 2069 99 26 gällande
941 2070 97 25 grunder,

244 473 120 21 beräknade
375 474 32 19 för
418 480 25 14 en
456 481 36 13 var
504 474 208 26 befattningshavare
724 475 33 21 till
769 476 12 19 2
791 475 42 21 600
845 476 30 20 kr.
885 476 33 21 för
926 477 22 20 år
956 477 83 26 räknat;
1054 478 55 21 1925

1126 779 41 20 1:9

1124 815 43 22 p.21

1128 1139 38 20 1:9

1124 1174 45 22 p-60

1125 1437 41 20 1:9

1117 1478 17 16 p.
1141 1472 33 17 135

1126 1593 40 21 1:9

1113 1624 21 30 ip.
1140 1628 39 20 142.

1604 1142 11 19 [SA

1618 1141 12 19 ND

1648 1147 9 14 to

1704 1141 11 19 N

1719 1141 11 19 ot

1749 1145 9 15 [

1603 1594 11 19 [SA

1618 1595 11 18 Do

1704 1595 12 19 ND

1719 1594 11 20 ot

1763 1444 9 15 [

1703 386 65 17 Andra
1785 377 2 23 |
