1843 2357
817 149 136 33 SAKREGISTER
1644 153 42 20 367

1025 220 41 32 on
1408 227 53 17 Riks-

1025 249 35 30 leg
1125 274 4 4 G
1242 245 87 17 Utekolte
1398 249 73 35 dagens
1528 257 118 17 Kamrarnas

971 280 17 26 Bele
1052 271 16 40 ör
1072 270 106 33 Motioner
1219 271 125 41 utlåtanden
1412 287 47 17 Skil
1513 287 146 22 förhandlingar

971 310 17 27 =
1026 307 40 29 AR
1075 328 2 15 |
1206 305 47 17 eller
1266 305 99 17 memorial
1404 317 63 17 FÖlser

967 341 16 25 -
1025 337 39 42 ZE
1141 353 39 2 SR
1195 355 20 25 in
1267 358 1 28 |
1332 359 2 35 |
1440 358 1 12 I

972 370 17 10 &
1025 370 12 9 Iz
1165 383 8 5 5
1240 370 16 16 >
1342 365 33 27 [Cl
1440 375 1 11 I
1455 373 17 13 el
1501 371 68 16 Första

972 385 11 8 =
1025 380 36 35 153
1086 357 88 70 lean
1198 378 112 43 Fl)
1332 400 2 19 |
1354 382 71 35 Bla
1456 372 112 45 Elm

97 429 178 37 Dyrtidstillägg.
1130 436 1 32 |
1225 436 1 20 |
1584 437 1 36 |

98 469 10 15 3
127 464 36 20 RD
174 464 124 26 godkänner
308 464 79 26 förslag
398 464 32 20 till
439 465 125 26 kungörelse
573 465 49 20 med
631 465 109 21 allmänna
749 466 92 25 grunder
849 466 33 20 för
890 466 46 27 dyr-
952 466 53 20 |19211
1023 466 42 20 328
1203 468 13 20 8
1294 468 27 20 58
1395 468 42 20 292
1502 468 33 19 43:
1547 473 24 15 37
1574 464 22 34 |
1604 468 33 20 54:
1648 473 24 15 44

141 494 117 26 tidstillägg
269 495 22 19 åt
302 495 232 26 pensionsberättigade
545 495 67 20 änkor
622 496 40 20 och
674 496 52 20 barn
737 496 53 20 efter
800 496 135 25 befattnings-
1023 496 42 20 363
1333 496 1 28 |
1584 497 1 9 |

140 524 78 20 havare
237 525 7 19 i
264 526 80 18 statens
363 525 66 26 tjänst
446 532 28 13 m.
492 525 30 24 fl.;
540 525 39 20 och
596 526 84 20 anvisas
696 526 12 19 å
723 526 128 26 tilläggsstat
866 527 33 19 för
914 522 33 29 år
934 518 10 38 |
1333 526 1 18 |

144 554 54 20 1921
212 554 68 20 under
290 554 46 20 11:e
345 555 40 19 HT
394 555 69 20 såsom
472 555 173 26 förslagsanslag:
655 555 45 20 dels
708 556 33 20 till
750 556 157 26 dyrtidstillägg
915 557 21 19 åt
1183 554 2 14 I

140 584 231 26 pensionsberättigade
388 584 66 20 änkor
470 585 39 20 och
526 585 52 20 barn
590 585 53 20 efter
654 585 63 20 civila
728 585 208 26 befattningshavare

140 614 7 19 i
164 616 79 18 statens
260 614 67 26 tjänst
345 621 28 12 m.
391 614 20 20 fl.
430 614 64 21 5300
504 614 43 20 000
563 615 39 25 kr.,
619 615 46 20 dels
681 615 39 21 ock
734 615 33 20 till
779 615 158 27 dyrtidstillägg
1130 621 1 9 |

140 644 21 19 åt
179 644 231 25 pensionsberättigade
426 644 66 20 änkor
508 644 39 20 och
564 645 52 19 barn
631 645 53 20 efter
694 645 94 20 militära
799 646 137 25 befattnings-
1130 659 1 13 |

140 673 77 20 havare
235 673 63 20 1140
308 673 42 21 000
367 673 40 24 kr.;
424 674 39 20 och
480 674 103 20 förklarar
598 674 45 24 RD,
660 676 31 19 att
706 675 68 20 under
790 676 23 19 år
825 675 56 20 1922
893 675 44 20 tills
1130 677 1 23 I
1583 694 1 11 |

141 703 71 20 vidare
228 703 39 20 och
284 703 56 20 intill
357 703 48 20 dess
421 703 108 21 definitivt
544 704 71 20 beslut
627 705 74 20 fattats
716 705 90 20 rörande
822 705 25 20 de
859 705 76 25 medel,
1130 714 1 8 |
1333 699 1 13 |
1583 706 1 12 I

141 739 25 13 av
190 733 57 19 vilka
271 733 33 20 för
327 733 64 26 sagda
415 734 23 19 år
461 734 143 20 kostnaderna
622 734 33 20 för
671 734 158 27 dyrtidstillägg
844 736 22 19 åt
881 741 55 14 ovan
1130 742 1 6 |
1225 756 1 3 I
1583 724 1 35 |

140 762 143 21 omförmälda
299 763 67 20 änkor
382 763 40 20 och
439 763 52 20 barn
502 764 61 20 skola
571 764 111 24 bestridas,
694 764 110 21 desamma
815 764 60 21 skola
886 765 51 25 utgå
1225 765 1 26 I
1583 764 1 36 |

140 799 26 13 av
190 792 26 20 de
240 792 77 24 medel,
342 793 57 20 vilka
423 793 33 20 för
480 793 119 21 beredande
615 800 26 14 av
657 794 158 26 dyrtidstillägg
830 794 68 20 under
914 795 22 19 år
1225 797 1 23 I
1583 803 1 26 |

142 821 56 21 1922
215 822 73 20 kunna
304 822 66 20 varda
386 823 12 19 å
414 823 114 20 riksstaten
544 823 33 20 för
593 823 64 26 sagda
673 825 23 19 år
712 824 85 20 särskilt
814 826 88 18 avsatta.
1130 833 1 19 |
1225 823 1 45 |

1130 862 1 18 I

97 886 9 14 4
126 881 40 20 För
183 881 119 21 beredande
318 888 26 14 av
360 881 159 27 dyrtidstillägg
533 883 34 20 för
582 883 23 20 år
617 883 55 20 1921
685 884 21 19 åt
718 883 152 27 pensionerade
882 883 53 20 båts-|
975 891 7 10 »
1023 884 42 20 1329
1130 881 1 11 |
1203 869 23 43 8|
1295 884 26 20 59
1394 884 42 20 293
1501 885 34 19 43:
1547 889 24 16 87
1573 881 22 34 |
1603 885 33 19 54:
1648 889 24 16 44

141 913 50 18 män
203 912 39 19 och
254 912 164 20 marinsoldater
428 915 57 17 samt
495 912 109 21 Vadstena
615 913 235 26 krigsmanshuskassas
861 913 75 20 under-
1225 932 1 4 I
1583 931 2 12 |

140 941 137 26 stödstagare,
294 941 58 21 vilka
368 942 36 20 vid
420 942 105 26 ingången
542 949 26 13 av
583 943 23 20 år
624 943 55 20 1921
696 944 93 25 uppnått
803 950 26 13 en
840 943 95 20 levnads-
1225 940 1 36 |
1584 946 1 17 I

140 971 59 20 ålder
218 978 26 13 av
261 971 27 20 60
305 972 23 19 år
344 971 51 21 eller
411 972 94 25 däröver,
522 973 85 20 anvisas
623 973 12 20 å
651 973 128 26 tilläggsstat
794 973 68 20 under
880 973 55 20 11:te
1225 977 1 8 |

140 1001 40 19 HT
196 1003 31 18 ett
242 1001 165 26 förslagsanslag
422 1008 26 14 av
466 1002 64 20 1700
540 1002 42 21 000
599 1003 30 19 kr.
1333 1028 1 10 |

1130 1051 1 4 |
1225 1040 1 18 I
1333 1040 1 8 I

97 1072 10 15 &
125 1066 37 20 RD
170 1066 114 26 medgiver,
291 1068 31 19 att
329 1067 60 20 KM:t
396 1067 36 20 må
438 1067 33 20 till
479 1067 25 20 de
512 1067 150 21 förutvarande
670 1068 122 24 lärarinnor,
797 1075 46 13 som
851 1069 85 25 åtnjuta
939 1062 18 36 |
975 1076 7 10 >
1023 1069 41 20 1336
1203 1065 23 30 8|
1294 1069 27 20 60
1394 1069 43 20 294
1502 1070 34 20 43:
1547 1075 25 16 87
1574 1065 23 35 |
1604 1069 33 20 54:
1648 1074 24 15 44

139 1096 117 20 understöd
267 1096 47 20 från
326 1096 37 21 det
366 1092 6 36 å
390 1097 110 20 allmänna
508 1097 209 26 indragningsstaten
725 1098 108 26 uppförda
839 1098 96 26 förslags-
1130 1112 1 4 |
1225 1096 1 4 |

140 1126 96 26 anslaget
246 1126 34 20 till
292 1126 135 21 bestridande
439 1133 25 14 av
475 1127 117 20 understöd
600 1128 22 19 åt
630 1127 58 20 äldre
697 1128 124 20 behövande
831 1128 105 20 flickskol-
1129 1139 2 6 I

139 1155 124 25 lärarinnor,
280 1156 33 20 för
328 1156 59 20 tiden
403 1157 25 19 fr.
441 1163 17 14 o.
471 1163 29 13 m.
517 1157 23 19 år
557 1157 54 20 1921
629 1164 26 13 av
667 1157 25 20 de
703 1158 33 19 för
747 1157 157 27 dyrtidstillägg
914 1159 22 19 åt
1332 1176 1 6 I

139 1185 15 20 f.
171 1185 20 21 d.
209 1186 211 26 befattningshavare
431 1187 7 19 i
449 1188 81 19 statens
544 1187 68 26 tjänst
622 1193 28 14 m.
663 1187 20 20 fl.
696 1187 136 26 pensionärer
843 1188 93 20 avsedda
1332 1186 2 7 |

139 1215 77 25 medel,
241 1216 74 20 anvisa
336 1215 158 27 dyrtidstillägg
509 1217 7 19 i
533 1216 143 26 huvudsaklig
692 1217 94 26 enlighet
801 1217 50 20 med
867 1217 26 20 de
910 1225 25 12 av

139 1245 76 20 chefen
232 1245 32 20 för
280 1245 305 27 ecklesiastikdepartementet
601 1247 92 25 angivna
708 1247 98 25 grunder.

97 1309 9 15 6
125 1305 37 19 RD
178 1305 124 26 godkänner
317 1305 79 26 förslag
412 1305 32 20 till
462 1305 126 26 kungörelse
604 1305 50 21 med
670 1306 110 20 allmänna
796 1306 91 26 grunder
903 1307 32 20 för|
974 1315 8 9 »
1022 1307 42 20 1326
1080 1306 96 21 |213/315|
1203 1307 12 20 6/|
1246 1307 74 21 11205
1394 1307 42 20 373
1494 1307 33 20 47:
1539 1307 40 20 51d|
1595 1307 33 20 59:
1640 1307 41 21 46d

139 1334 159 27 dyrtidstillägg
316 1336 22 19 åt
353 1335 211 26 befattningshavare
579 1336 7 19 i
603 1337 80 19 statens
699 1336 67 26 tjänst
782 1343 28 13 m.
828 1343 28 13 m.
873 1336 61 26 (dock
1022 1336 42 21 363
1134 1336 50 20 316/
1279 1333 42 34 236
1493 1337 70 21 48:56
1595 1337 69 20 |60:71

140 1364 50 20 med
214 1365 110 25 undantag
339 1365 7 20 i
362 1366 42 19 vad
423 1366 64 25 angår
503 1365 26 20 de
545 1365 68 21 under
628 1365 198 27 jordbruksdep:tet
841 1366 94 20 hörande
1266 1368 2 27 I
1440 1368 1 35 |
1494 1367 33 20 48:
1539 1372 24 16 64
1575 1363 13 34 |
1595 1367 69 20 60:78

139 1394 210 26 befattningshavare
365 1402 28 13 m.
411 1394 35 27 fl.).
1183 1410 1 19 |
1440 1405 1 11 |

97 1458 9 16 7
124 1454 38 20 RD
178 1453 123 26 godkänner
316 1454 80 26 förslag
411 1454 33 21 till
461 1455 126 25 kungörelse
604 1462 46 19 ang.
668 1455 157 27 dyrtidstillägg
836 1456 22 20 åt
869 1456 65 26 diplo-|
974 1463 8 10 >»
1022 1442 38 44 340
1075 1446 1 33 |
1183 1453 1 5 |
1203 1457 12 20 61
1246 1456 75 20 1/206
1394 1456 42 20 374
1493 1456 70 21 47:76
1596 1457 33 20 |59:
1640 1456 41 21 91d

140 1484 93 20 matiska
248 1484 39 20 och
304 1484 115 20 konsulära
435 1485 138 26 tjänstemän.
1075 1480 1 35 |
1267 1512 1 4 |
1279 1486 41 20 237
1440 1503 1 7 |
1493 1486 70 21 ]48:56
1595 1486 69 20 |60:71

1075 1517 1 12 |
1440 1517 1 3 |
1493 1516 70 21 [48:66
1596 1516 68 20 |60:81

97 1577 10 16 8
126 1573 37 20 RD
186 1573 124 26 godkänner
328 1574 79 26 förslag
426 1574 32 20 till
475 1574 127 25 kungörelse
619 1581 46 19 ang.
683 1574 157 27 dyrtidstillägg
856 1576 22 19 åt
893 1576 43 19 fast)
974 1583 8 10 »
1022 1575 41 20 1351
1203 1576 12 20 61
1246 1576 74 20 11207
1394 1576 41 20 375
1494 1576 69 21 47:76
1596 1575 33 21 |59:
1640 1576 42 20 92d

141 1603 87 20 anställt
244 1604 105 25 manskap
366 1604 36 20 vid
418 1604 73 20 armén
507 1604 39 20 och
563 1604 96 20 marinen
676 1611 28 13 m.
721 1604 20 20 fl.
1280 1605 41 21 238
1494 1605 70 20 48:56
1596 1605 33 20 |60:
1641 1610 23 16 71

1075 1642 2 34 |
1494 1635 70 21 48:68
1597 1635 68 21 |60:83

97 1697 10 15 9
125 1692 41 20 För
186 1692 136 21 bestridande
338 1700 26 13 av
380 1692 159 27 dyrtidstillägg
554 1693 68 20 under
638 1694 23 19 år
678 1693 55 20 1921
751 1695 22 19 åt
788 1694 92 20 svenska
895 1694 39 26 sjö-
936 1688 15 36 |
974 1702 8 10 >
1022 1694 39 20 335
1075 1687 2 13 |
1203 1695 12 20 61
1246 1694 75 21 11209
1394 1690 47 36 377)
1494 1694 70 21 47:76
1597 1694 32 21 |59:
1641 1700 25 15 93

141 1724 144 24 manspräster
300 1723 7 19 i
323 1723 57 20 vissa
396 1722 115 21 utländska
527 1723 137 20 hamnstäder
675 1723 84 21 anvisas
770 1724 27 25 på
808 1723 128 27 tilläggsstat
1440 1738 1 6 I

140 1754 31 18 ett
185 1752 165 26 förslagsanslag
366 1759 25 14 av
409 1753 26 19 35
445 1752 42 21 000
504 1753 31 19 kr.
1075 1757 2 34 |

83 1816 24 15 10
124 1812 42 19 För
180 1811 119 21 beredande
311 1812 67 20 under
389 1813 23 19 år
425 1811 54 21 1921
492 1819 26 13 av
530 1811 157 27 dyrtidstillägg
698 1813 22 19 åt
729 1812 102 21 nordiska
842 1814 93 19 museets
938 1807 19 36 |
973 1821 9 10 »
1022 1813 42 20 1339
1075 1794 2 48 |
1134 1813 42 21 3001
1203 1814 12 20 61
1246 1813 75 20 1/210
1383 1803 59 58 2
1502 1813 70 21 47:76
1572 1809 18 35 |
1604 1813 33 20 59:
1648 1818 26 16 92

140 1841 105 27 personal,
268 1842 50 20 med
339 1842 111 26 undantag
473 1848 26 14 av
522 1842 58 20 vakt-
604 1842 39 20 och
667 1842 208 26 arbetarpersonalen
898 1842 37 21 vid
1075 1846 2 10 I
1440 1860 2 3 I

140 1871 225 26 friluftsavdelningen
382 1873 12 19 å
410 1872 104 24 Skansen,
538 1873 101 19 ävensom
664 1872 22 20 åt
707 1872 126 27 personalen
846 1872 36 20 vid
898 1872 36 21 liv-
1075 1892 2 7 I
1440 1881 2 19 I

140 1901 179 25 rustkammaren,
336 1902 7 19 i
359 1901 41 21 den
416 1902 51 20 mån
483 1901 153 27 avlöningarna
651 1903 22 19 åt
689 1902 134 20 sistnämnda
837 1902 98 27 personal
1075 1901 2 31 I
1440 1902 2 26 I

140 1932 19 26 ej
176 1932 51 25 utgå
243 1931 70 21 direkt
329 1939 26 13 av
371 1931 130 25 statsemedel,
519 1932 83 20 anvisas
618 1932 28 26 på
660 1932 127 26 tilläggsstat
797 1934 31 18 ett
838 1932 96 26 förslags-
1075 1933 1 19 I
1183 1957 2 6 I
1267 1927 1 29 |
1440 1930 2 3 |

140 1961 73 25 anslag
229 1968 26 13 av
274 1961 39 20 150
324 1961 42 20 000
383 1962 30 19 kr.
1267 1960 2 29 |
1441 1944 1 76 |

1267 1998 2 17 I

82 2025 22 15 11
124 2020 41 21 För
181 2020 119 21 beredande
317 2028 25 13 av
359 2021 157 27 dyrtidstillägg
532 2022 21 19 åt
570 2021 207 26 befattningshavare
790 2022 35 20 vid
836 2022 99 20 tekniska
935 2016 10 36 |
973 2030 8 10 »
1022 2022 41 20 1337
1204 2016 117 29 6:21
1395 2023 24 20 ST
1502 2023 70 20 47:76
1574 2018 19 35 |
1604 2022 34 21 59:
1648 2028 25 15 92

139 2050 100 21 skolorna
255 2051 6 20 i
278 2051 125 20 Stockholm
427 2051 39 21 och
490 2051 132 24 Eskilstuna,
643 2052 115 20 vävskolan
774 2052 7 20 i
798 2052 65 20 Borås
879 2054 56 18 samt
1075 2057 1 16 I
1268 2048 1 32 |
