1859 2359
174 154 41 19 322
912 158 134 15 SAKREGISTER

233 1265 144 26 organisation
393 1265 34 20 för
442 1264 167 27 tillgodoseende
626 1271 26 14 av
667 1271 160 18 gemensamma
843 1264 69 20 behov
928 1263 75 21 avslås.

1225 1204 2 36 |

1042 1272 1 16 |
1206 1262 13 66 Sd

246 1300 23 17 Se
283 1300 35 17 ock
332 1300 217 22 Bysamfälligheter.
1042 1289 1 30 |
1226 1312 1 9 I
1677 1304 1 12 I

1226 1325 1 14 |
1677 1328 1 3 I

1226 1402 1 11 I

175 213 18 2 =
1119 238 17 17 ole
1501 207 47 49 Riks
1776 213 2 38 |

1039 251 19 23 la
1119 257 35 29 2R
1219 274 3 4 :
1334 240 94 43 Utskottet
1491 249 72 33 dagens
1622 256 116 16 Kamrarnas
1777 252 1 27 |

4 286 1 25 |
1039 281 92 26 ESR
1142 280 18 36 z
1177 274 94 18 Motioner
1323 269 114 42 utlåtanden
1505 285 23 18 ak
1606 284 145 23 förhandlingar

1065 311 18 27 2
1119 307 40 44 Ze
1299 304 47 18 eller
1358 303 99 18 memorial
1497 311 53 22 SÖTA
1777 318 2 40 |

1056 326 21 36 da
1143 344 15 7 q

1065 358 12 9 RT
1119 352 35 16 13g
1223 359 2 14 -
1292 364 17 12 =
1617 372 3 3 -
1760 352 14 2 =

1038 376 1 32 |
1065 371 17 24 F
1119 368 36 48 123
1181 383 34 17 ee
1223 374 45 55 jax
1292 370 59 43 flE]
1387 382 17 27 a
1417 354 22 84 |
1446 369 71 45 Blä
1548 369 17 46 Blä
1693 360 86 52 dne

170 443 1 3 |
190 436 209 28 Butikstängning
414 442 31 17 m.
462 442 31 17 m.
1038 431 1 39 |
1222 437 2 32 |
1675 436 2 44 |
1777 413 1 56 |

220 469 38 20 RD
273 469 70 20 avslår
359 469 81 20 motion
456 476 34 13 om
507 469 42 21 viss
565 469 90 26 ändring
671 469 6 20 i
694 468 60 27 lagen
771 468 40 21 den
829 468 27 20 30
868 469 43 26 maj
926 467 55 21 1919
993 474 35 14 om
1038 466 60 22 [1921
1169 487 1 16 |
1227 467 42 20 205)
1296 467 12 21 91
1337 468 12 20 21
1401 467 12 20 7
1594 466 54 21 12:9:
1675 488 2 4 |
1689 466 89 28 17:102]

170 505 1 18 I
236 499 142 26 begränsning
396 506 26 14 av
441 499 59 21 tiden
519 499 33 20 för
571 499 93 20 idkande
682 505 26 15 av
731 498 77 21 handel
831 499 39 20 och
893 499 42 20 viss
958 489 55 41 annan
1020 493 19 33 |
1169 512 1 8 |
1424 506 2 11 I
1777 495 1 25 |

170 531 1 26 |
235 522 83 36 rörelse.
1169 541 1 11 |
1317 526 2 23 I
1359 550 1 20 |
1532 537 1 15 |
1675 524 2 33 |
1776 521 2 29 I

170 561 1 27 |
1168 560 2 22 |
1424 552 1 56 |
1675 561 1 9 |

219 589 38 20 RD.
277 591 86 24 antaget
381 589 84 20 Höripsin
484 588 34 22 del
537 589 88 26 lagom
648 588 74 27 tillägg
744 588 112 26 tilltagen.
875 588 41 20 den
937 572 213 43 '80..maji19221.30
1169 583 1 27 |
1222 557 1 57 |
1296 571 64 46 92]
1401 587 12 20 9
1500 553 33 59 3
1593 586 34 20 26:
1639 571 38 49 48
1663 567 23 57 |
1695 586 68 20 25:44

236 618 56 21 1919
309 625 36 14 om
361 619 141 26 begränsning
518 626 26 14 av
560 619 59 20 tiden
635 619 33 20 för
683 618 93 21 idkande
793 625 25 14 av
834 617 78 21 handel
929 618 39 20 och
985 616 54 22 viss
1025 612 10 38 |
1169 611 1 55 |
1222 623 1 33 |
1359 619 1 34 |
1424 609 1 35 |
1531 619 2 39 |
1675 622 1 10 I

235 655 71 14 annan
321 649 78 20 rörelse
415 649 134 27 (försäljning
565 656 25 14 av
607 651 75 18 motor-
699 649 39 20 och
755 648 121 27 smörjoljor
892 649 56 19 samt
963 644 76 24 andra
1023 640 16 40 |
1222 659 1 3 I
1359 654 1 24 |
1424 647 1 16 |
1531 659 2 7 I

171 680 1 26 |
235 679 32 20 för
284 679 144 20 framförande
445 686 25 14 av
486 679 145 20 motorfordon
647 678 135 26 nödvändiga
803 684 60 15 varor
881 675 158 29 undantages).|
1169 667 1 55 |
1222 682 2 16 I
1317 703 1 11 |
1359 679 1 24 |
1424 678 1 32 |
1531 696 1 24 |
1675 684 1 4 I
1776 672 1 37 |

171 708 1 10 I
1222 712 1 7 I
1359 706 1 8 |
1424 712 1 3 |
1776 710 1 10 I

222 739 37 20 RD
275 739 70 20 avslår
360 740 81 19 motion
458 746 46 19 ang.
518 739 76 20 ändring
624 746 25 14 av
666 738 12 21 3
682 732 24 37 $
721 738 12 20 3
745 738 82 21 stycket
843 738 6 20 i
866 738 61 26 lagen
943 738 41 20 den
1001 737 27 20 30
1043 736 58 22 1924
1169 738 1 15 |
1222 731 47 26 11921
1296 737 11 20 9
1337 717 23 40 2
1387 736 22 20 15
1424 719 1 26 |
1531 729 1 31 |
1592 735 34 21 32:
1637 740 25 16 30
1675 703 1 57 |
1695 735 33 21 30:
1739 721 38 35 56
1761 717 19 49 |

596 745 13 20 g
765 745 10 20 y
1169 760 1 8 I
1276 761 1 3 I
1424 756 1 22 |
1675 763 1 4 I
1776 750 1 12 |

236 770 44 25 maj
298 768 57 21 1919
372 776 35 13 om
423 769 142 26 begränsning
580 776 26 14 av
621 769 59 20 tiden
696 769 33 20 för
744 768 93 20 idkande
854 774 26 15 av
896 767 79 21 handel
989 767 39 21 och
1169 770 1 15 I
1222 775 2 2 I
1276 766 84 31 EES
1424 780 1 5 I
1531 765 1 26 |
1675 770 1 13 I
1776 763 1 21 I

236 799 42 20 viss
295 805 71 14 annan
382 799 76 20 rörelse
473 799 55 26 (ang.
545 798 166 27 öppethållande
728 805 25 14 av
764 799 56 20 vissa
830 797 157 21 handelsbodar
997 798 32 20 för
1223 803 1 15 I
1276 800 43 23 -rndR
1424 804 2 26 |
1531 803 1 24 |
1675 807 1 19 I
1775 799 2 21 |

235 829 128 27 försäljning
378 836 26 14 av
419 829 170 21 konditorivaror
604 836 28 13 m.
650 836 28 13 m.
696 829 11 20 å
724 830 44 19 sön-
785 828 39 21 och
840 828 114 26 helgdagar
972 827 57 21 intill
1223 825 54 31 len
1359 826 1 19 I
1424 834 2 22 |
1531 843 2 6 I
1675 830 1 24 |
1775 822 2 31 I

236 859 43 20 fem
296 859 87 21 timmar
399 859 53 21 efter
467 859 29 20 kl.
515 859 10 20 1
543 866 17 14 e.
577 859 46 27 m.).
1170 870 1 15 |
1223 858 2 60 |
1276 880 1 3 I
1360 856 1 3 |
1424 866 2 15 I
1531 862 2 38 |
1675 859 1 19 I
1776 875 1 4 I

1170 889 1 9 I
1276 888 1 5 I
1359 888 2 13 I
1675 880 1 8 I
1776 882 2 16 |

1170 900 1 17 I
1277 901 1 18 I
1532 913 1 6 I
1776 900 2 12 I

221 919 81 20 Motion
319 926 35 13 om
370 919 67 21 sådan
452 919 90 26 ändring
558 926 25 14 av
598 919 61 26 lagen
671 918 41 20 den
724 918 27 21 30
762 919 44 26 maj
820 918 56 20 1919
888 925 34 13 om
935 918 95 26 begräns-
1045 915 57 23 [1926
1170 916 108 30 areal
1338 909 23 27 21
1388 916 26 20 10
1425 887 1 46 |
1532 902 1 42 |
1595 915 32 21 17:
1639 920 23 16 43
1675 889 1 53 |
1689 915 32 20 17:
1732 914 46 27 36d/

235 949 52 26 ning
303 956 26 14 av
344 949 60 20 tiden
419 950 33 20 för
467 949 94 20 idkande
577 955 26 15 av
619 948 78 21 handel
714 949 39 20 och
769 949 43 20 viss
823 955 71 13 annan
904 947 84 25 rörelse,
1000 949 31 18 att
1170 948 1 30 |
1277 946 1 41 |
1360 968 1 4 I
1425 952 1 3 I
1532 945 1 15 I
1675 959 2 16 |
1777 944 1 31 |

234 979 48 20 från
305 979 48 21 dess
376 979 140 27 tillämpning
539 979 60 20 skola
621 985 51 15 vara
695 978 138 26 undantagna
852 979 12 19 å
884 977 147 27 landsbygden
1319 984 1 3 ER
1533 974 1 18 |
1775 989 3 7 I

234 1008 199 27 (landskommuner
444 1009 39 20 och
494 1008 246 27 municipalsamhällen)
752 1008 89 26 belägna
852 1007 179 26 handelsföretag,
1224 1018 1 13 a
1319 1015 1 15 ST
1426 1005 1 5 |
1776 1004 2 41 |

234 1045 46 13 som
297 1039 73 20 skötas
386 1046 26 13 av
431 1039 145 20 innehavaren
595 1038 51 21 eller
664 1039 54 19 hans
737 1038 70 26 familj
828 1038 52 20 eller
899 1038 38 20 ock
957 1037 74 26 syssel-
1224 1036 1 8 I
1278 1037 42 17 fn
1426 1032 1 21 |
1676 1033 1 5 |
1777 1048 1 6 |

235 1069 55 19 sätta
306 1068 84 21 mindre
406 1070 28 18 än
449 1069 48 26 fyra
513 1069 101 23 arbetare,
631 1068 76 20 avslås.
1040 1066 2 12 |
1171 1065 1 31 fen
1278 1064 1 53 |
1319 1064 1 28 Ae
1426 1072 1 7 I
1533 1065 2 29 I

190 1120 50 27 Bya
258 1125 30 16 nr
308 1120 16 21 4
344 1120 107 27 Bryngel
470 1119 66 23 Måns
555 1120 60 22 eller
634 1118 175 28 Bråtaregård;
829 1128 21 13 se
869 1119 164 28 Avsöndringar
1278 1129 1 3 I
1361 1108 1 11 |
1534 1144 1 6 |
1777 1104 1 59 |

235 1151 74 26 (1926:
322 1150 40 28 40).
1172 1149 1 46 |
1278 1157 2 24 |
1362 1173 1 8 |
1676 1146 2 31 |
1777 1165 1 6 |

190 1196 70 39 Byar.
1172 1197 1 39 |
1279 1200 1 35 |
1362 1186 1 61 |
1427 1197 2 40 |
1677 1203 1 17 |
1777 1172 1 48 |

193 1240 6 15 1
218 1235 82 20 Motion
324 1242 35 13 om
383 1235 116 26 utredning
522 1235 40 20 och
578 1235 78 26 förslag
672 1236 39 19 rör.
729 1234 132 21 föreskrifter
877 1240 46 20 ang.
942 1234 91 26 byarnas
1047 1231 57 23 1927
1172 1249 2 7 |
1192 1232 24 20 31
1279 1241 1 13 I
1299 1231 12 20 9]
1341 1232 10 20 1]
1389 1231 27 20 35
1596 1231 54 21 27:7
1677 1234 1 18 |
1696 1221 83 35 28:52|

1279 1265 1 19 |
1362 1266 2 19 |
1677 1267 1 3 |
1777 1262 2 28 |

189 1346 173 28 Bygdevägar;
378 1355 22 14 se
417 1347 120 22 Allmänna
554 1347 86 22 arbeten
651 1347 72 27 (1929:
736 1353 17 19 3,
768 1352 18 20 4,
800 1352 18 20 8,
832 1352 21 19 9;
868 1347 62 20 1930:
942 1352 18 19 2,
976 1351 17 19 3,
1008 1346 25 25 7)
1173 1355 1 11 |

240 1377 148 28 Väghållning
404 1377 72 29 (1928:
488 1379 26 25 2).
1041 1372 2 31 |
1172 1368 2 27 I

1279 1418 1 16 |

190 1436 153 27 Byggnader,
360 1439 98 20 kronans.
1225 1436 55 32 SN

193 1473 5 15 1
218 1468 38 20 RD
272 1468 115 26 medgiver,
404 1470 31 18 att
451 1468 34 20 för
502 1468 118 20 beredande
637 1474 25 14 av
680 1467 75 21 bostad
771 1468 20 19 åt
803 1466 141 21 landfiskalen
955 1467 7 19 i
973 1466 58 26 Arje-
1047 1464 53 23 [1921]
1120 1465 40 20 1:5
1172 1435 55 70 105)
1234 1445 46 58 73]
1298 1464 12 20 6

234 1498 59 26 plogs
317 1498 86 20 distrikt
427 1498 35 20 må
484 1498 90 26 inköpas
598 1504 26 14 en
641 1498 12 19 å
669 1497 112 27 Arjeplogs
800 1496 124 27 kyrkoplats
945 1495 87 25 belägen
1111 1499 169 23 BIEN

1676 1444 2 13 I

1341 1464 10 20 1/1
1376 1464 52 32 5A|
1447 1469 24 16 7215
1491 1464 74 20 Aleo
1589 1456 32 43 18:
1632 1456 46 43 37d|
1689 1463 33 20 23:
1734 1463 41 21 £öd

233 1528 102 26 fastighet
358 1530 56 18 samt
438 1527 109 21 därstädes
571 1527 125 21 verkställas
712 1526 130 26 inrednings-
859 1526 39 20 och
916 1525 126 27 byggnads-
1031 1521 10 37 |
1171 1535 2 17 I

233 1557 92 25 arbeten;
343 1558 40 20 och
399 1558 85 20 anvisas
500 1558 57 26 förty
574 1558 27 26 på
616 1559 60 18 extra
692 1559 42 18 stat
749 1557 33 20 för
797 1557 23 19 år
833 1555 56 21 1922
901 1557 29 19 ett
942 1562 89 14 reserva-
1171 1569 2 6 |

233 1587 132 26 tionsanslag
381 1595 26 13 av
424 1587 80 21 38100
520 1587 31 20 kr.

1320 1135 1 16 I

1320 1172 1 14 I

1320 1192 2 24 |

1320 1218 2 25 |

1320 1245 2 15 I

1321 1265 1 36 |

1321 1326 1 58 |

1320 1388 108 68 CT
1676 1393 2 38 |

1320 1446 2 52 |
1778 1495 2 11 |

1320 1522 1 40 |
1778 1544 2 11 |

1778 1650 1 13 |

233 1671 127 20 akademien
380 1670 86 27 erlagda
484 1669 226 28 köpeskillingsmedel
729 1670 33 20 för
781 1671 106 19 tomterna
902 1676 26 13 nr
945 1669 19 25 1,
981 1669 20 24 2,
1019 1668 11 20 3
1116 1672 46 23 p.39
1778 1664 1 20 |

233 1701 39 20 och
289 1701 13 20 4
318 1701 7 20 i
341 1701 106 20 kvarteret
470 1700 132 21 Grönlandet
625 1706 62 14 norra
702 1700 7 20 i
726 1699 124 21 Stockholm
874 1699 37 20 må
925 1698 69 21 under
1009 1699 23 20 år
1171 1697 1 55 |

234 1730 57 21 1921
316 1733 59 23 tagas
390 1731 9 20 i
414 1730 92 27 anspråk
530 1732 31 19 ett
583 1730 78 26 belopp
678 1736 26 14 av
721 1729 27 21 60
758 1729 42 21 000
816 1729 31 20 kr.
865 1735 26 15 av
907 1729 41 20 den
964 1728 68 21 under

233 1761 163 20 statskontorets
411 1760 132 26 förvaltning
559 1759 78 21 ställda
647 1759 53 21 fond
711 1760 12 20 å
736 1759 39 20 161
785 1759 42 20 480
839 1759 39 24 kr.,
890 1765 45 14 som
947 1760 84 24 utgöres
1171 1754 1 12 |
1778 1768 1 16 |

233 1797 26 14 av
275 1790 133 27 deponerade
424 1789 227 28 köpeskillingsmedel
664 1790 33 20 för
707 1789 129 26 fastigheten
847 1795 25 14 nr
884 1789 11 19 7
907 1789 7 19 i
925 1789 106 20 kvarteret
1171 1769 1 65 |
1777 1805 2 4 I

233 1820 127 21 Näckström
376 1821 8 19 i
400 1820 134 24 Stockholm;
555 1820 40 20 och
614 1820 96 20 minskas
728 1819 26 21 fr.
774 1826 18 13 o.
813 1826 29 13 m.
859 1819 23 20 år
900 1818 56 21 1922
972 1819 36 20 det
1024 1818 7 20 i

233 1851 114 20 riksstaten
363 1851 34 19 för
412 1850 128 21 akademien
555 1849 108 28 uppförda
679 1849 45 21 ord.
741 1849 96 26 anslaget
852 1848 49 21 med
918 1849 12 20 3
940 1848 43 21 000
999 1848 31 20 kr.
1171 1848 1 24 fn
1361 1846 1 34 |
1426 1864 1 3 I

233 1880 33 20 till
283 1880 26 20 11
320 1880 43 21 460
379 1880 39 24 kr.;
435 1881 40 20 och
491 1881 136 23 bestämmes,
644 1881 30 19 att
691 1879 126 20 akademien
833 1885 26 14 av
870 1878 161 27 ifrågavarande
1170 1878 2 29 I
1277 1884 85 20 FS
1477 1881 2 11 I

233 1911 33 19 för
281 1911 23 19 år
321 1910 56 20 1921
396 1910 100 21 anvisade
512 1909 132 21 räntemedel
660 1910 13 19 å
689 1909 12 20 3
712 1909 42 20 000
771 1909 30 20 kr.
819 1909 46 20 icke
876 1910 48 24 äger
934 1908 98 27 uppbära
1170 1908 2 17 I
1224 1914 1 7 |
1277 1930 2 9 |
1361 1920 1 12 |

233 1947 59 13 mera
307 1942 27 18 än
350 1946 46 14 som
413 1947 26 13 av
455 1939 95 21 nämnda
560 1939 71 21 medel
642 1939 86 27 belöper
739 1939 11 20 å
762 1939 57 20 tiden
831 1939 47 20 från
889 1939 55 20 årets
956 1935 84 30 början
1024 1931 20 40 |
1277 1945 1 20 I
1361 1942 1 6 |

233 1970 33 20 till
283 1969 68 27 dagen
367 1971 33 19 för
416 1970 182 26 köpeskillingens
614 1969 144 20 utbetalande.
1170 1969 2 36 |
1223 1978 2 2 I
1277 1969 1 55 |

1277 2029 1 29 |

1225 1566 1 15 I

1040 1619 1 5 I
1224 1592 2 43 |
1426 1606 2 14 |
1677 1609 2 31 |

191 1646 9 15 2
217 1641 38 20 RD
272 1641 115 26 medgiver,
405 1642 31 19 att
451 1641 33 20 för
499 1640 125 27 gottgörelse
640 1640 34 20 till
690 1639 256 27 vetenskapsakademien
962 1639 33 20 för
1006 1646 25 13 av
1032 1633 10 38 |
1070 1646 8 10 »
1118 1637 42 21 |1:8
1224 1642 2 81 |
1277 1637 32 20 P6
1340 1636 48 21 ISEe
1398 1628 30 55 A|
1447 1637 56 20 2718
1513 1638 52 19 Al281
1596 1636 33 20 26:
1641 1641 24 15 20
1677 1643 2 32 |
1690 1635 80 21 SEED

1427 1685 1 11 |
1677 1682 2 2 I

1426 1703 2 15 I

1224 1728 1 34 |
1426 1732 2 21 |

1427 1755 1 12 I

1224 1770 1 28 |

1224 1800 1 16 I

191 2035 8 14 3
218 2030 33 19 Fr.
268 2036 19 13 o.
304 2036 28 13 m.
356 2031 23 18 år
402 2029 56 20 1922
478 2030 60 26 höjes
554 2029 37 20 det
606 2029 44 20 ord.
668 2028 235 26 reservationsanslaget
919 2027 32 21 till
968 2027 73 31 bygg-|
1069 2035 8 9 >
1119 2010 53 46 1:6/

235 2059 65 20 nader
316 2059 39 21 och
372 2060 144 25 reparationer
532 2059 49 20 med
598 2058 27 21 80
635 2058 42 21 000
694 2058 30 20 kr.
742 2058 32 20 till
792 2057 42 21 450
844 2057 42 21 000
903 2057 29 21 kr.
1116 2053 56 30 p.34
1160 2049 16 39 |

1340 2024 87 21 1/6A|
1447 2024 82 21 36219)
1563 2008 20 52 |
1595 2012 83 36 27:12]
1696 2015 82 40 33:21]
