1854 2355
777 154 223 17 SAKREGISTER
1649 153 40 20 319

1226 227 107 29 Utskotts-
1395 227 64 29 Riks-
1539 249 6 5 å

1022 253 55 32 Kungl.
1212 255 130 32 utlåtanden,
1398 256 69 32 dagens
1529 249 114 17 SETT

1024 286 54 19 Maj:ts]
1090 279 91 16 Motioner]
1208 291 95 16 memorial
1316 291 44 16 eller
1408 275 32 36 aker
1518 279 138 20 förhandlingar

970 311 26 19 År
1024 320 50 14 [propir
1218 320 133 17 betänkanden
1354 315 30 33 |
1401 321 60 16 velser
1542 309 88 20 (profana)

1032 346 35 14 eller

1024 376 100 27 BRISTER
1142 387 36 16 LAR
1203 382 11 30 E
1228 361 28 63 E
1281 387 90 16 Nummer
1368 378 9 34 |
1388 387 90 16 Nummer
1505 375 61 40 åre
1601 371 71 48 sn,

1199 413 31 20 ål
1566 411 4 4 .
1575 391 22 35 |
1615 410 56 5 kamm.

104 442 164 34 Dyrortstillägg.
1134 440 1 16 |
1585 441 2 14 |

105 478 10 17 4
131 476 41 19 RD
188 476 72 20 avslår
275 476 83 19 motion
375 481 34 14 om
425 476 143 26 provisoriskt
583 476 162 25 dyrortstillägg
760 476 23 19 åt
798 475 143 26 befattnings-
960 475 52 20 1935]
1037 488 27 1 —
1098 465 38 31 —1
1159 476 26 20 85)
1202 476 24 20 10
1242 488 31 15 —|
1289 477 26 19 85
1446 489 4 1 -
1503 476 33 20 40:
1548 479 23 16 43
1585 460 2 45 |
1604 477 32 19 43:
1648 479 10 17 6

3 500 10 11 |
145 505 78 20 havare
238 506 4 19 i
256 507 84 18 statens
352 505 70 26 tjänst
436 506 5 19 i
455 505 125 20 Stockholm
594 506 39 19 och
646 506 57 20 vissa
717 505 91 20 förorter
821 505 31 20 till
866 506 75 19 Stock-
1134 512 1 20 |
1271 506 2 21 |
1585 506 2 17 |

145 535 64 23 holm,
225 536 5 19 i
246 535 42 20 vad
303 535 110 20 motionen
429 537 34 18 rör
476 535 218 26 jordbruksärenden.
1134 533 2 16 I
1585 530 2 34 |

1134 590 2 18 |
1585 568 2 35 |

107 627 6 17 1
133 624 40 19 RD
186 624 117 26 medgiver,
316 625 35 19 att
363 624 142 26 provisoriskt
517 624 161 26 dyrortstillägg
691 625 34 19 må
738 624 51 26 utgå
802 624 23 19 åt
837 624 57 20 vissa
906 624 106 20 be-]1936]
1046 624 6 19 1
1065 615 31 40 |
1099 619 84 25 —|5311
1207 624 12 19 6
1242 637 27 1 |—|
1290 625 26 19 20
1397 625 24 19 24
1517 617 70 27 8:5d|
1618 626 19 19 8
1649 625 33 19 7d

145 654 188 25 fattningshavare
346 654 6 19 i
365 656 83 17 statens
460 654 76 25 tjänst;
550 654 38 19 och
601 654 87 20 anvisar
701 654 41 19 RD
755 653 32 20 till
800 653 141 26 provisoriskt
1029 652 40 31 AR
1135 651 1 25 |
1230 673 1 5 I
1272 646 1 35 |
1586 653 1 17 |

145 683 163 26 dyrortstillägg
324 684 24 19 åt
363 683 57 20 vissa
436 683 215 26 befattningshavare
668 684 4 19 i
690 685 83 18 statens
788 683 70 26 tjänst
874 683 68 20 under
1034 688 30 13 AT
1230 679 1 32 |
1586 680 1 24 |

144 713 33 20 4:e
186 713 40 19 HT
234 715 33 18 ett
275 713 74 26 anslag
357 719 27 14 av
392 713 40 20 366
441 713 41 20 000
490 714 32 19 kr.
531 713 33 26 (f);
573 713 39 20 och
621 713 94 20 besluter
723 713 49 23 RD,
781 715 35 18 att
824 713 116 26 utgifterna
1025 708 52 29 nere
1230 712 2 32 I

146 743 32 19 för
188 743 37 19 det
235 743 144 26 provisoriska
390 743 184 26 dyrortstillägget
584 743 59 20 skola
654 743 135 20 beträffande
799 743 143 25 befattnings-
1031 741 30 35 Fo
1230 748 1 4 I

146 773 79 19 havare
236 772 36 20 vid
283 773 25 19 de
319 773 173 20 affärsdrivande
504 773 86 23 verken,
602 773 68 20 bank-
680 773 39 19 och
730 772 210 26 fondinspektionen,
1027 780 20 19 pt
1062 780 10 15 2
1230 758 2 32 |

145 802 281 26 sparbanksinspektionen,
441 802 283 27 försäkringsinspektionen
741 802 38 20 och
794 804 83 18 statens
892 809 50 19 pen-
1032 803 39 19 1:4
1586 824 1 6 I

146 832 141 20 sionsanstalt
303 832 106 20 bestridas
426 833 46 19 från
490 832 25 20 de
532 833 76 23 medel,
625 838 27 14 av
669 832 57 20 vilka
744 833 86 19 verkets
846 832 49 20 eller
912 832 30 20 in-
1022 829 60 32 pt175|
1272 832 1 38 |
1586 835 1 7 I

146 862 140 19 stitutionens
296 862 89 25 utgifter
394 862 5 20 i
409 862 71 26 övrigt
489 862 113 23 bestridas;
612 862 38 20 och
661 862 109 26 medgiver
779 862 42 19 RD
830 862 18 25 ej
859 862 82 20 mindre
1136 876 1 4 |
1231 864 1 5 |
1272 875 1 31 |
1586 868 1 20 I

146 893 33 19 att
193 892 11 19 å
220 892 166 25 hyresbidragen
402 892 31 20 till
447 892 26 20 de
488 892 220 25 beställningshavare
722 898 27 14 av
763 892 178 26 manskapsgrad,
1136 917 1 3 |
1231 910 1 9 |
1586 904 1 24 |

145 921 32 20 till
189 921 59 20 vilka
260 921 35 20 lön
307 922 64 25 utgår
381 922 67 25 enligt
460 922 5 19 i
477 922 255 25 avlöningsreglementet
743 922 40 19 den
797 922 21 19 11
833 922 42 25 maj
891 921 51 20 1928
1135 926 2 4 I
1231 922 1 18 |
1586 935 1 3 |

146 952 34 24 (nr
196 952 47 23 128)
258 952 33 19 för
305 951 44 20 fast
362 951 90 20 anställt
467 952 106 25 manskap
588 952 36 19 vid
639 952 201 19 försvarsväsendet
854 952 87 25 intagna
1136 949 1 30 |
1231 947 1 27 |
1586 944 1 16 |

146 981 124 26 löneplaner
286 981 39 20 och
341 987 46 14 som
403 981 56 20 hava
476 981 125 20 Stockholm
618 982 70 19 såsom
704 981 187 26 förläggningsort,
907 982 34 19 må
1586 982 1 53 |

147 1011 50 25 utgå
213 1011 92 25 tillfällig
318 1011 147 26 förstärkning
479 1011 48 19 med
541 1013 32 18 ett
587 1011 55 20 efter
655 1011 40 20 240
709 1012 30 19 kr.
754 1011 33 20 för
800 1012 24 19 år
837 1011 105 20 beräknat

147 1040 84 26 belopp,
249 1042 26 18 än
296 1042 54 18 även
370 1042 34 18 att
424 1041 67 20 härav
510 1041 125 20 föranledda
653 1041 117 20 kostnader
785 1041 34 19 må
837 1041 106 19 bestridas
1136 1044 1 6 |
1586 1064 1 7 |

146 1071 47 19 från
209 1070 161 20 vederbörande
385 1071 67 19 under
465 1070 31 20 4:e
509 1071 40 19 HT
561 1071 105 25 uppförda
678 1071 74 25 anslag
764 1071 31 19 till
807 1071 135 25 personalens
1136 1075 1 4 I
1272 1086 1 3 SA
1586 1072 1 8 I

147 1100 108 24 avlöning.
1272 1102 1 5 I
1586 1082 1 74 |

1272 1132 1 15 I

107 1163 10 16 2
134 1160 41 19 RD
191 1159 101 23 besluter,
308 1161 34 18 att
357 1160 142 25 provisoriskt
514 1160 162 25 dyrortstillägg
690 1162 23 17 åt
729 1160 213 26 befattningshavare
949 1155 10 35 |
961 1159 52 20 1936]
1040 1172 24 1 —
1117 1160 102 19 lus
1242 1154 74 25 ElTG
1506 1162 30 19 18:
1549 1164 23 16 45
1586 1158 1 29 |
1604 1161 30 20 18:
1646 1164 24 16 64

146 1189 36 19 vid
196 1189 61 19 RD:s
269 1190 52 19 verk
334 1190 34 19 må
381 1190 52 25 utgå
445 1189 67 26 enligt
524 1190 25 19 de
562 1190 99 25 grunder,
674 1196 46 13 som
732 1196 28 13 av
773 1190 41 19 RD
827 1190 115 20 fastställts
1135 1186 1 35 |
1586 1202 1 14 I

146 1219 33 19 för
191 1219 114 20 enahanda
319 1219 73 26 tillägg
405 1220 23 19 åt
441 1219 67 20 andra
522 1219 214 26 befattningshavare
750 1219 6 20 i
769 1221 83 18 statens
865 1220 76 25 tjänst;
1135 1222 1 22 I

146 1249 39 19 och
198 1249 105 19 förklarar
314 1249 49 23 RD,
375 1250 34 19 att
421 1249 144 20 kostnaderna
578 1249 33 20 för
622 1249 163 26 ifrågavarande
797 1249 144 26 provisoriska
1135 1246 1 18 |

146 1278 162 26 dyrortstillägg
323 1279 60 20 skola
399 1279 107 20 bestridas
521 1279 137 20 beträffande
675 1279 214 26 befattningshavare
904 1279 37 20 vid

146 1308 130 20 riksbanken
291 1314 29 14 av
334 1309 142 19 riksbankens
491 1309 69 20 medel
575 1311 57 18 samt
648 1309 135 20 beträffande
799 1309 143 26 befattnings-
1271 1315 2 21 I
1586 1327 1 4 I

147 1338 78 20 havare
234 1338 36 19 vid
280 1338 74 26 övriga
364 1338 61 20 RD:s
433 1339 53 19 verk
495 1345 28 13 av
532 1339 25 19 de
567 1339 80 25 anslag,
658 1339 46 19 från
713 1339 58 20 vilka
781 1339 160 20 vederbörande
1586 1345 2 19 I

146 1368 226 24 befattningshavares
386 1368 127 25 avlöningar
527 1369 116 19 utbetalas.

109 1460 4 16 1
133 1457 41 19 RD
188 1457 116 25 medgiver,
318 1459 34 18 att
365 1457 143 26 provisoriskt
520 1458 162 25 dyrortstillägg
695 1458 22 19 åt
730 1458 56 19 vissa
800 1458 143 25 befattnings-
962 1457 51 20 11937]
1047 1458 6 19 1
1115 1462 22 14 =)
1153 1459 66 17 —E6
1242 1453 31 24 1-1
1290 1458 26 19 48
1387 1459 37 19 132
1505 1459 32 19 20:
1549 1462 22 16 61
1575 1455 21 33 |
1605 1459 30 19 19:
1647 1461 24 17 48

147 1487 78 19 havare
242 1487 4 19 i
263 1488 83 18 statens
363 1487 69 25 tjänst
447 1488 33 18 må
498 1488 50 24 utgå
565 1488 66 24 enligt
647 1488 25 19 de
689 1489 96 18 närmare
802 1488 139 23 föreskrifter,
1030 1485 41 32 fn
1136 1482 1 30 |
1272 1501 2 2 I
1587 1508 1 4 I

146 1522 45 13 som
208 1516 109 20 meddelas
331 1523 28 13 av
376 1516 67 20 KM:t.
1036 1521 30 14 HT
1231 1523 1 13 I
1587 1529 1 10 I

1026 1543 52 28 mens.
1273 1545 1 39 äl
1587 1541 1 19 |

1033 1574 36 36 SS
1273 1585 1 3 |

1029 1614 18 19 pt
1063 1613 9 15 2
1273 1596 1 53 |
1587 1627 2 7 I

107 1667 9 16 2
134 1664 40 20 RD
191 1664 101 24 besluter,
307 1666 34 18 att
357 1665 142 25 provisoriskt
513 1665 162 26 dyrortstillägg
689 1666 23 19 åt
728 1665 214 26 befattningshavare
961 1665 53 20 |1937|
1046 1678 18 1 —
1069 1660 28 35 |
1113 1678 13 1 —
1207 1667 25 18 8/
1247 1651 27 34 Ed
1292 1666 25 19 50
1505 1668 54 19 31:8
1587 1679 2 13 |
1603 1667 32 19 31:
1650 1669 35 17 107

146 1694 36 19 vid
196 1694 61 19 RD:s
269 1695 53 19 verk
334 1695 34 19 må
383 1695 50 25 utgå
446 1694 66 26 enligt
524 1695 25 19 de
561 1695 100 25 grunder,
674 1701 46 14 som
732 1701 28 14 av
773 1695 41 20 RD
827 1695 115 20 fastställts
1135 1693 2 9 I
1231 1689 1 11 fe

146 1724 33 19 för
192 1724 114 20 enahanda
321 1724 74 26 tillägg
409 1725 23 19 åt
445 1724 68 20 andra
528 1725 214 25 befattningshavare
757 1725 4 19 i
776 1727 83 18 statens
873 1725 70 26 tjänst
1135 1744 2 9 I

146 1755 57 18 samt
220 1753 113 23 förklarar,
351 1755 34 19 att
403 1754 145 20 kostnaderna
567 1755 32 19 för
616 1755 164 25 ifrågavarande
798 1755 143 26 provisoriska
1136 1758 1 24 |

146 1783 163 26 dyrortstillägg
324 1784 60 19 skola
401 1784 106 20 bestridas
523 1784 135 20 beträffande
675 1784 215 26 befattningshavare
905 1785 36 20 vid
1136 1787 1 23 |

146 1813 131 20 riksbanken
292 1819 28 14 av
335 1813 143 20 riksbankens
493 1814 68 19 medel
577 1816 56 18 samt
649 1815 135 19 beträffande
800 1815 143 26 befattnings-
1136 1813 1 23 |
1273 1814 1 34 |

147 1843 79 19 havare
235 1843 36 19 vid
281 1843 74 25 övriga
366 1843 60 20 RD:s
435 1844 52 19 verk
496 1850 28 13 av
533 1844 25 19 de
567 1844 81 26 anslag,
659 1844 44 20 från
714 1844 57 20 vilka
782 1844 160 20 vederbörande
1136 1838 1 33 |
1273 1850 1 6 I

148 1873 225 24 befattningshavares
387 1873 127 25 avlöningar
529 1874 114 19 utbetalas.
1136 1874 1 32 |
1273 1871 1 9 |
1588 1895 1 35 |

107 1934 10 16 3
134 1932 41 19 RD
190 1932 87 20 anvisar
293 1932 30 20 till
339 1933 120 19 beredande
474 1939 28 13 av
517 1933 142 26 provisoriskt
673 1933 161 26 dyrortstillägg
849 1936 23 17 åt
887 1934 55 20 vissa
962 1934 52 19 |1937|
1033 1934 17 19 1:
1062 1936 10 17 41
1088 1928 10 36 -
1115 1908 23 65 ä
1208 1936 12 18 6
1232 1943 1 12 |
1273 1885 2 121 |
1305 1936 10 18 4
1332 1937 45 18 8.93]
1412 1935 10 19 4
1439 1938 45 16 s.35]
1504 1936 31 19 19:
1550 1932 39 35 105]
1606 1936 29 18 18:
1651 1938 34 16 123

148 1961 214 26 befattningshavare
377 1962 5 19 i
398 1964 83 18 statens
497 1962 69 26 tjänst
580 1964 32 18 ett
627 1963 74 26 anslag
715 1969 28 14 av
757 1963 41 20 400
807 1963 40 20 000
862 1964 31 19 kr.
909 1964 33 25 (f);
1023 1960 56 34 pt176
1136 1975 2 9 I
1588 1969 1 20 I

147 1991 38 19 och
195 1992 110 24 medgiver
313 1992 42 19 RD
363 1992 18 25 ej
392 1992 82 20 mindre
482 1994 34 18 att
524 1992 12 20 å
545 1992 166 26 hyresbidragen
721 1993 31 20 till
761 1993 25 19 de
794 1993 149 26 beställnings-
1273 2011 2 3 I
1588 2001 1 16 |

148 2021 78 19 havare
241 2027 27 14 av
283 2022 178 25 manskapsgrad,
476 2022 33 19 till
523 2022 58 20 vilka
595 2022 34 20 lön
645 2023 63 25 utgår
721 2023 67 25 enligt
801 2023 6 19 i
821 2023 122 25 avlönings-
1137 2008 1 27 |
1273 2018 2 8 I
1588 2020 1 30 |

148 2050 139 26 reglementet
297 2051 40 19 den
350 2051 19 19 11
383 2051 42 25 maj
438 2051 51 20 1928
502 2052 33 25 (nr
546 2052 46 25 128)
604 2052 32 19 för
644 2052 42 20 fast
695 2052 90 20 anställt
792 2053 105 25 manskap
907 2053 35 19 vid
1137 2039 1 40 |
1273 2074 2 6 I
1588 2053 1 28 |
