1847 2363
807 149 136 35 SAKREGISTER
1636 155 42 21 195

1175 216 1 39 |
1269 247 41 17 rd
1399 229 52 17 Riks-

1251 248 75 16 tskolgen
1389 255 72 31 dagens
1518 255 118 31 Kamrarnas

1220 277 114 33 utlåtanden
1393 284 56 31 skri-
1504 285 145 31 förhandlingar

1196 306 47 18 eller
1256 307 98 17 memorial
1403 325 3 3 3

1395 319 62 17 velser

1074 276 94 18 Motioner
1164 271 8 32 |

1458 376 4 18 |
1491 374 67 17 Första
1563 370 22 28 |
1592 374 65 17 Andra

1285 384 16 27 =
1398 384 17 28 :
1445 396 17 24 &
1463 392 12 32 |
1488 398 70 17 kamm.
1561 392 24 32 |
1589 398 70 17 kamm.

957 252 23 145 IBSBEPSAIY

1015 299 18 104 198[9ATIYS
1016 239 17 48 199

1034 369 17 54 "doad
1035 297 22 65 sy:lej
1036 221 21 71 [uns

1076 384 88 17 FKIAK

1189 366 17 57 "Tvueg

1230 372 18 50 "PAV

1344 375 17 45 BPpIS

86 436 167 28 Avsöndringar
269 444 26 14 m.
312 444 27 14 m.
1256 438 2 42 |
1322 439 2 24 |

73 472 25 16 63
116 467 38 21 RD
170 467 109 26 medgiver
301 467 127 28 försäljning
451 474 26 14 av
501 470 30 18 ett
554 468 124 20 omförmält
704 468 86 20 område
809 475 35 13 om
861 469 62 20 4.418
940 467 55 21 |[1927]
1012 468 12 15 2
1283 470 28 20 46
1311 465 23 35 |
1345 470 115 20 15|327|11]
1492 470 69 21 27:13
1565 465 19 35 |
1593 470 69 21 28:16

130 497 77 21 hektar
228 498 48 20 från
299 497 199 27 kronoegendomen
523 497 11 21 1
552 498 81 20 mantal
657 498 67 20 Norra
743 498 89 20 Folkavi
848 505 24 13 nr
889 499 12 19 2
918 499 7 19 i

131 527 129 26 Kräcklinge
276 527 84 21 socken.

1024 517 3 3 -
1012 481 11 7 Do

1028 468 8 20 5

1032 503 24 17 3
1042 468 12 20 a

1179 469 10 20 =

1193 469 11 20 ee

73 603 24 16 64
116 599 38 19 RD
170 598 114 26 medgiver,
301 600 32 19 att
348 599 48 20 ett
384 594 14 35 i
412 598 233 27 statsrådsprotokollet
661 599 123 20 omförmält
794 599 87 20 område
889 606 35 13 om
922 594 14 35 |
963 606 8 11 >»
1012 599 41 20 1215
1179 600 25 21 10
1283 601 27 20 46
1311 596 23 35 |
1344 600 115 21 15|327/11]
1492 601 69 21 27:18
1563 596 14 35 |
1593 601 68 21 28:16

132 628 49 21 2.39
199 628 75 20 hektar
290 635 25 14 av
331 628 199 26 kronoegendomen
548 628 10 20 1
576 629 82 20 mantal
674 629 109 26 Fänninge
799 636 25 13 nr
841 630 11 19 5
864 630 6 19 i
876 629 49 20 Fel-
1009 634 46 22 p-36

131 658 95 26 lingsbro
250 658 77 21 socken
350 659 37 20 må
405 658 100 27 upplåtas
521 658 67 26 enligt
603 658 98 27 gällande
717 659 92 25 grunder
824 659 33 20 för
872 666 52 20 upp-

131 688 86 20 låtande
239 695 25 13 av
283 688 238 26 egnahemslägenheter
544 689 47 19 från
608 688 194 27 kronoegendomar
818 689 48 20 med
883 691 42 18 rätt

131 717 33 21 till
180 717 96 21 hembud
292 718 33 20 för
340 718 25 20 G.
381 718 79 21 Gillén.

72 794 25 16 65
114 789 38 20 RD
168 789 114 26 medgiver,
298 792 32 18 att
344 790 48 20 från
408 790 148 26 kronoparken
568 790 270 26 Villingsberg
713 785 24 36 i
740 790 96 26 Nysunds
846 790 78 21 socken
923 785 23 36 |
963 798 8 11 >
1011 790 42 20 1215
1178 791 26 21 10
1282 792 28 20 46
1310 788 23 35 |
1343 792 117 22 15|327/12]
1491 792 68 21 27:18
1562 788 18 35 |
1592 793 69 20 28:16

129 820 36 19 må
184 819 103 27 avskiljas
306 821 31 19 ett
352 820 12 19 å
380 820 41 20 den
437 820 7 20 i
460 820 88 20 ärendet
563 820 110 20 företedda
689 820 74 20 kartan
780 820 85 26 angivet
880 827 43 13 om-
1010 825 45 23 p.37

129 849 50 20 råde
195 854 36 15 om
249 849 62 21 11.78
330 849 76 21 hektar
421 851 32 19 att
468 850 50 20 med
534 850 148 20 tillträdesrätt
697 850 41 20 den
757 849 26 21 14
800 857 56 14 mars
867 850 56 20 1928

129 879 96 25 försäljas
241 879 33 20 till
291 879 24 20 E.
332 879 101 26 Hedberg
448 880 33 20 för
496 886 26 14 en
539 879 143 27 köpeskilling
698 886 26 14 av
740 879 63 21 2000
820 880 30 20 kr.
868 882 57 18 samt

128 908 69 21 under
212 909 57 20 vissa
285 909 93 26 angivna
393 909 84 20 villkor.

99 974 63 20 Inom
184 973 169 22 Västmanlands
368 974 45 20 län:

71 1008 25 16 66
113 1003 39 21 RD
168 1004 115 26 medgiver,
295 1006 31 18 att
334 1005 47 19 från
392 1004 199 26 kronoegendomen
600 1003 27 29 ?/,
637 1004 81 21 mantal
729 1005 61 20 Horn
801 1011 25 13 nr
835 1005 12 20 6
859 1005 6 19 i
875 1005 48 25 Ryt-
927 999 15 37 |
962 1013 8 11 »
1013 1005 40 21 1166
1177 1006 27 21 10
1283 1007 27 20 281
1358 1006 103 22 814310]
1492 1006 67 21 19:46]
1592 1006 54 21 20:3

129 1035 70 19 ternes
223 1034 77 20 socken
324 1035 36 19 må
378 1034 99 27 försäljas
496 1034 45 20 dels
557 1034 34 20 till
607 1034 115 26 Snevringe
738 1034 77 21 härads
831 1034 92 26 väghåll-
1009 1040 46 22 p.19

129 1063 150 26 ningsdistrikt
301 1064 36 20 det
353 1065 12 19 å
380 1064 42 20 den
445 1065 6 19 i
467 1064 88 21 ärendet
570 1064 110 21 företedda
696 1064 75 21 kartan
787 1064 50 20 med
855 1064 68 21 mörk-

129 1093 38 20 röd
183 1094 46 25 färg
244 1094 115 24 utmärkta,
376 1094 33 20 för
425 1094 119 26 breddning
560 1100 26 14 av
596 1094 129 26 landsvägen
736 1094 93 21 avsedda
837 1094 86 20 område

129 1130 35 13 om
181 1123 49 21 74.2
248 1123 157 21 kvadratmeter
421 1131 26 13 av
462 1124 121 26 ägofiguren
599 1131 25 13 nr
640 1124 27 20 29
684 1126 46 18 mot
746 1131 24 13 en
781 1124 143 26 köpeskilling

129 1160 26 13 av
172 1153 27 21 65
216 1153 31 20 kr.
264 1153 46 21 dels
326 1154 39 20 ock
381 1154 33 20 till
431 1154 154 20 Strömsholms
601 1154 172 27 mejeriförening
788 1161 21 13 u.
827 1161 20 19 p.
859 1161 17 13 a.
888 1154 36 20 det

129 1183 93 25 område,
246 1190 46 14 som
308 1184 13 20 å
336 1184 95 20 nämnda
454 1184 60 20 karta
537 1184 102 20 omfattar
662 1184 120 26 ägofiguren
799 1191 25 13 nr
840 1184 27 20 30
884 1185 39 19 och

129 1213 133 21 återstående
285 1213 63 21 delen
365 1220 26 14 av
407 1214 121 26 ägofiguren
537 1221 26 13 nr
579 1213 27 21 29
623 1221 35 13 om
670 1214 91 26 tillhopa
773 1214 83 20 1325.8
875 1214 48 21 kva-

129 1243 116 20 dratmeter
260 1245 46 19 mot
321 1250 27 14 en
363 1243 144 27 köpeskilling
523 1250 26 14 av
566 1243 62 21 1130
644 1244 31 20 kr.

71 1312 25 17 67
113 1308 38 20 RD
167 1308 116 27 medgiver,
307 1311 32 18 att
357 1309 65 20 sedan
439 1309 199 26 kronoegendomen
655 1309 11 20 1
684 1309 81 20 mantal
781 1310 73 20 Virsta
869 1317 25 13 nr
911 1310 11 20 1|
962 1318 8 11 »
1011 1310 41 20 1166
1177 1311 27 21 10
1282 1312 27 20 281
1356 1312 103 21 814310]
1490 1311 68 21 19:66]
1591 1311 54 21 20:38

128 1338 8 20 i
146 1338 115 27 Björskogs
275 1339 78 20 socken
364 1339 63 20 blivit
438 1346 76 19 genom
527 1339 133 26 vederbörlig
673 1339 251 26 lantmäteriförrättning
1008 1344 46 23 p.20

127 1368 98 20 fördelad
241 1369 7 19 i
264 1369 47 26 fyra
327 1369 32 20 uti
373 1369 233 27 statsrådsprotokollet
616 1369 149 24 omförmälda,
777 1369 50 20 med
836 1369 42 21 litt.
887 1370 36 24 Ca,

128 1397 35 26 Cc,
181 1398 44 20 Cba
241 1398 39 20 och
298 1399 45 20 Cbb
360 1398 131 21 betecknade
507 1399 69 25 lotter,
593 1399 67 20 lotten
676 1398 40 21 litt.
734 1399 30 20 Ca
779 1400 36 19 må
825 1399 99 27 försäljas

128 1428 13 20 å
156 1428 98 26 offentlig
270 1428 89 21 auktion
375 1428 34 21 till
425 1428 41 21 den
482 1428 172 27 högstbjudande
668 1428 68 21 under
747 1428 26 21 de
773 1424 14 35 i
803 1429 72 20 brevet
883 1429 41 20 den

129 1457 27 21 29
179 1458 44 26 maj
246 1458 56 20 1874
322 1458 102 26 stadgade
443 1458 78 21 villkor
537 1458 50 20 med
602 1458 148 21 tillträdesrätt
766 1458 41 21 den
824 1458 28 20 14
868 1465 57 14 mars

130 1487 56 21 1928
212 1488 40 20 och
276 1488 50 20 med
350 1490 42 19 rätt
412 1490 31 18 att
459 1488 116 21 bekomma
590 1488 37 20 det
641 1488 67 24 foder,
725 1495 46 13 som
788 1488 136 21 arrendatorn

128 1524 26 14 av
176 1517 132 26 egendomen
332 1518 39 20 har
390 1520 31 18 att
437 1518 36 20 vid
489 1518 141 21 avträdandet
645 1520 52 18 utan
713 1519 117 25 ersättning
845 1518 78 25 lämna,

128 1549 57 18 samt
208 1547 49 21 med
276 1548 112 24 förbehåll,
405 1549 31 19 att
451 1548 56 20 förre
523 1548 205 20 kronoarrendatorn
744 1548 19 20 J.
780 1548 24 20 E.
821 1548 103 21 Jonssons

128 1577 67 26 ogifta
210 1577 70 21 dotter
291 1577 133 21 Vilhelmina
436 1578 92 20 Jonsson
542 1577 68 21 under
626 1578 32 20 sin
670 1577 73 21 livstid
755 1578 35 20 må
800 1578 126 26 avgiftsfritt

128 1607 56 20 hava
199 1608 13 19 å
227 1607 107 26 ägolotten
357 1607 141 21 kvarstående
515 1608 40 20 och
572 1608 93 26 begagna
680 1614 27 14 en
722 1608 92 20 Jonsson
830 1608 96 26 tillhörig

129 1637 169 26 stugubyggnad,
319 1640 31 18 att
366 1637 119 27 ägolottens
500 1637 79 27 köpare
595 1637 56 21 skall
667 1644 89 14 ansvara
771 1638 33 20 för
819 1637 104 26 gäldande

129 1673 27 14 av
172 1667 51 20 därå
239 1667 119 27 belöpande
374 1668 121 20 annuiteter
511 1668 12 20 å
538 1667 122 26 odlingslån
675 1667 32 21 för
723 1664 93 24 Östtuna
826 1668 98 26 torrlägg-

128 1697 150 26 ningsföretag,
302 1699 57 19 samt
382 1699 32 19 att
436 1697 94 27 köparen
554 1704 26 14 av
603 1697 41 21 litt.
665 1697 28 21 Cc
709 1697 55 20 skall
780 1699 38 24 äga
834 1699 31 19 att
880 1699 46 19 mot

129 1727 127 26 deltagande
272 1727 7 20 i
295 1727 154 26 vägunderhåll
472 1727 32 20 till
524 1727 118 26 utfartsväg
660 1728 71 26 nyttja
747 1727 94 26 ägofigur
856 1734 25 14 nr
898 1727 27 21 15

129 1763 26 14 av
179 1757 67 20 lotten
270 1757 40 20 litt.
336 1758 29 19 Ca
384 1757 40 20 och
448 1757 81 20 dennas
547 1757 119 26 utfartsväg
682 1757 33 20 till
731 1757 110 20 allmänna
856 1757 69 21 lands-

129 1788 77 25 vägen;
226 1787 68 21 lotten
313 1787 41 20 litt.
373 1787 28 20 Cc
417 1788 36 19 må
468 1787 99 26 försäljas
583 1787 33 20 till
632 1787 95 27 Uppsala
740 1787 125 21 universitet
881 1789 46 18 mot

130 1823 25 14 en
179 1816 133 27 köpekilling
337 1824 26 13 av
380 1816 79 21 23000
478 1817 31 20 kr.
527 1817 68 20 under
610 1817 57 20 vissa
682 1817 92 26 angivna
789 1817 87 24 villkor;
888 1817 38 20 lot-

131 1848 61 19 terna
207 1846 41 21 litt.
265 1846 44 21 Cba
325 1847 39 20 och
381 1847 46 20 Cbb
443 1847 36 20 må
495 1853 37 14 var
547 1847 33 20 för
596 1847 31 25 sig
642 1847 98 26 försäljas
751 1847 66 26 enligt
828 1847 98 26 gällande

130 1876 92 26 grunder
237 1876 33 20 för
284 1876 132 27 upplåtande
435 1883 26 13 av
480 1876 238 26 egnahemslägenheter
736 1876 47 20 från
799 1876 126 26 kronoegen-

131 1906 75 20 domar
222 1906 45 20 dels
284 1906 50 20 med
349 1906 106 20 förbehåll
473 1913 35 13 om
520 1906 123 26 skyldighet
653 1906 33 20 för
696 1906 141 26 ägolotternas
848 1906 78 26 köpare

131 1937 31 19 att
185 1936 34 20 till
238 1936 43 20 lika
298 1936 33 20 del
349 1936 119 20 vidkännas
484 1936 144 20 kostnaderna
643 1936 33 20 för
691 1936 37 20 det
746 1936 131 26 ägolotterna
892 1936 34 20 be-

130 1965 90 20 rörande
239 1966 303 25 vattenavledningsföretaget
563 1965 93 21 Barkarö
667 1957 182 38 —Åsta—Granö,
870 1968 57 18 samt

131 1995 33 20 för
179 1995 79 27 köpare
274 2002 26 13 av
316 1995 67 21 lotten
399 1996 41 20 litt.
457 1995 45 20 Cba
517 1997 32 19 att
564 1997 46 19 mot
620 1995 126 26 deltagande
757 1996 7 20 i
773 1995 153 27 vägunderhåll

131 2025 73 20 lämna
219 2025 79 26 köpare
314 2032 26 13 av
356 2025 67 21 lotten
440 2025 40 21 litt.
498 2025 46 20 Cbb
560 2027 42 19 rätt
617 2025 33 20 till
666 2025 27 20 fri
709 2026 118 25 utfartsväg
837 2026 46 20 mot
890 2025 35 21 all-

131 2056 79 19 männa
234 2054 129 27 landsvägen
388 2057 49 19 över
459 2055 41 20 den
516 2055 6 20 i
539 2055 65 27 köpet
627 2062 26 13 av
669 2055 67 21 lotten
752 2055 40 21 litt.
810 2055 44 20 Cba
869 2055 56 26 ingå-
