1842 2349
768 149 157 17 SAKREGIS

933 149 59 17 TER

1640 151 40 20 683

92 438 134 21 INKOMST-
234 439 54 19 OCH
297 433 323 30 FÖRMÖGENHETSSKATT;
628 446 22 19 se
658 440 153 26 Bevillningar;
824 441 109 26 Taxering.

93 498 219 24 INKVARTERING;
337 505 21 13 se
379 498 78 20 Armén
479 498 70 26 (1936:
562 501 16 21 5;
601 499 59 20 1937:
672 501 17 22 3;
712 499 59 21 1938:
784 501 16 22 6;
823 500 59 20 1939:
896 501 38 25 16).

93 557 225 24 INLANDSBANAN;
331 564 21 13 se
365 558 115 20 Allmänna
490 558 89 24 arbeten;
589 558 119 26 Järnvägar
716 558 70 26 (1931:
797 562 16 21 4;
825 560 58 19 1932:
896 560 38 25 17).

93 616 225 25 INLANDSBANAN,
329 616 152 27 tillfartsvägar
492 617 40 24 till;
547 623 21 14 se
579 617 117 21 Allmänna
707 618 78 20 arbeten
800 618 69 26 (1931:
880 621 10 17 5
901 620 33 25 ff).

94 671 116 25 INLÖSEN
226 676 36 20 AV
279 673 225 28 JORDOMRÅDEN;
521 683 22 14 sc
557 677 130 20 Lantmäteri
704 677 70 27 (1931:
787 680 39 24 12).

93 735 165 24 INMUTNING;
275 741 22 14 se
314 735 85 20 Gruvor.

93 795 190 24 INSKRIVNING;
299 801 21 14 se
339 795 112 26 Värnplikt
466 795 69 26 (1931:
548 795 26 26 4).

93 854 257 20 INSKRIVNINGSFEL.

122 884 43 20 RD
180 884 103 23 anhåller,
298 885 35 19 att
347 884 63 20 KM:t
424 884 50 20 ville
488 885 44 20 låta
547 885 118 20 verkställa
680 886 116 26 utredning
810 892 28 14 av
852 887 82 26 frågan,

137 914 108 20 huruvida
260 914 40 20 och
315 914 27 26 på
357 914 43 20 vad
415 916 45 18 sätt
475 915 49 22 den,
539 921 46 13 som
600 915 49 20 lidit
663 915 68 20 skada
746 916 33 20 till
793 916 54 26 följd
862 923 28 13 av
904 917 32 20 in-

136 944 159 26 skrivningsfel,
316 944 54 20 skall
390 944 74 20 kunna
484 944 80 20 erhålla
584 945 122 26 ersättning
725 945 73 20 härför
818 946 70 20 direkt
907 952 28 14 av

136 974 134 19 statsmedel.

95 1022 440 30 INSKRIVNINGSFÖRRÄTTNINGAR;
544 1034 22 14 se
575 1028 76 20 Hälso-
660 1028 36 20 och
704 1028 100 27 sjukvård
813 1029 69 26 (1937:
896 1030 38 26 16);

125 1057 119 26 Värnplikt.

94 1110 207 20 INSKRIVNINGS-,
336 1105 186 26 MÖNSTRINGS-
549 1111 54 20 OCH
630 1107 257 30 FÄRDKOSTNADER;
914 1120 22 13 se

123 1140 78 20 Armén
215 1140 49 26 (1939:
298 1141 39 25 26);
351 1141 102 19 Marinen
467 1141 69 26 (1936:
549 1141 41 25 36);
607 1141 113 27 Värnplikt
732 1142 70 26 (1932:
814 1144 17 22 4;
847 1143 59 20 1933:
919 1145 16 22 7,

140 1172 85 21 10—11;
240 1170 58 20 1934:
314 1172 13 21 1,
341 1172 16 21 3;
371 1170 59 20 1936:
443 1173 16 20 4;
473 1171 59 19 1937:
545 1173 17 21 4,
575 1173 17 21 6;
606 1171 58 24 1938;
678 1172 59 19 1939:
749 1173 17 22 6;
779 1172 59 20 1940:
852 1175 29 21 11,
896 1173 39 26 13).

94 1225 340 25 INSKRIVNINGSÄRENDEN.

122 1259 42 20 RD
177 1261 91 24 antager
279 1259 80 27 förslag
370 1260 33 20 till
415 1260 34 26 lag
460 1266 49 20 ang.
521 1260 93 26 ändring
625 1261 6 19 i
642 1261 58 20 vissa
712 1261 59 20 delar
782 1267 27 14 av
821 1262 62 26 lagen
895 1262 41 20 den

135 1289 13 19 3
157 1289 48 26 juni
216 1289 54 20 1932
279 1289 35 26 (nr
326 1289 47 26 170)
383 1290 49 19 med
443 1289 104 21 särskilda
558 1290 164 21 bestämmelser
731 1297 35 14 om
776 1291 161 27 handläggning

135 1325 29 14 av
178 1319 250 26 inskrivningsärenden,
444 1320 34 26 lag
492 1326 35 14 om
541 1320 93 26 ändring
648 1320 6 20 i
667 1320 58 21 vissa
740 1321 59 20 delar
813 1327 28 14 av
855 1322 82 20 förord-

136 1349 79 26 ningen
229 1349 41 20 den
286 1349 24 20 13
324 1349 54 26 april
394 1349 52 21 1883
460 1350 35 25 (nr
509 1350 25 19 16
547 1356 16 14 s.
579 1350 20 25 1)
612 1355 49 21 ang.
676 1351 213 27 förlagsinteckning,
903 1352 34 26 lag

135 1384 49 21 ang.
198 1379 93 26 ändring
304 1379 5 20 i
322 1379 58 20 vissa
393 1379 60 20 delar
465 1386 28 13 av
505 1380 63 26 lagen
582 1380 40 20 den
638 1380 24 19 10
675 1381 43 25 maj
734 1381 50 20 1901
800 1381 34 26 (nr
846 1382 27 19 26
886 1388 16 13 s.
917 1382 20 25 1)

136 1415 35 13 om
184 1409 127 26 inteckning
323 1409 6 19 i
341 1409 81 26 fartyg,
436 1409 34 26 lag
482 1415 35 14 om
530 1410 83 20 ändrad
626 1410 82 26 lydelse
720 1416 28 14 av
762 1411 8 19 1
785 1411 40 20 och
838 1411 13 20 2
863 1411 20 25 $$
896 1411 42 20 för-

136 1438 119 27 ordningen
269 1439 41 19 den
325 1439 24 19 16
361 1439 47 26 juni
423 1439 52 20 1875
488 1439 34 26 (nr
533 1439 27 20 42
572 1446 16 13 s.
601 1440 36 25 35)
649 1445 49 21 ang.
711 1440 106 21 särskilda
829 1441 109 26 protokoll

137 1470 52 18 över
204 1468 109 26 lagfarter,
330 1469 152 26 inteckningar
496 1469 40 20 och
552 1470 67 19 andra
635 1470 102 23 ärenden,
754 1470 34 26 lag
803 1477 35 13 om
854 1471 84 20 ändrad

137 1498 82 25 lydelse
232 1504 28 14 av
275 1498 26 20 85
315 1499 10 24 $
340 1498 199 27 utsökningslagen,
554 1499 34 26 lag
602 1505 36 14 om
652 1500 84 20 ändrad
750 1500 81 26 lydelse
846 1506 28 14 av
888 1501 24 19 21
928 1501 10 25 $

136 1528 161 25 konkurslagen
316 1530 58 18 samt
392 1528 34 26 lag
443 1534 49 20 ang.
511 1529 84 20 ändrad
613 1529 81 26 lydelse
712 1536 28 13 av
758 1530 12 19 9
788 1530 10 25 $
816 1530 61 26 lagen
896 1530 41 20 den

137 1558 27 19 22
179 1557 48 26 juni
245 1557 53 20 1920
314 1558 35 25 (nr
364 1558 50 25 474)
431 1559 49 19 med
497 1558 56 20 vissa
571 1559 163 20 bestämmelser
750 1565 34 14 om
801 1560 137 27 registrering

137 1593 28 13 av
176 1587 116 20 elektriska
304 1588 155 26 anläggningar
470 1589 57 19 samt
538 1594 35 14 om
584 1590 46 18 rätt
640 1589 33 19 till
684 1589 102 20 elektrisk
798 1589 60 20 kraft
868 1595 28 14 m.
908 1596 29 14 m.

164 1624 22 15 Se
200 1624 33 15 ock
247 1624 178 19 Fastighetsböcker;
438 1624 109 20 Inteckning
557 1624 67 20 (1939);
635 1624 140 21 Stämpelavgift
784 1625 60 20 (1933;
855 1626 50 16 1936:
914 1626 23 19 2).

93 1672 267 25 INSKÄRNINGSBANA
374 1672 53 25 FÖR
441 1673 345 30 ELDLEDNINGSÖVNINGAR;
802 1685 21 14 se
837 1679 100 20 Marinen

123 1706 70 26 (1940:
206 1706 40 26 56).

94 1759 128 20 INSTITUT
238 1755 140 25 DÉTUDES
394 1761 197 20 SCANDINAVES.

124 1789 50 20 Som
184 1789 76 27 bidrag
269 1790 32 20 till
311 1790 159 26 uppehållande
479 1797 27 13 av
515 1791 168 20 verksamheten
692 1791 36 20 vid
740 1792 91 20 Institut
840 1792 98 21 d'études

137 1819 144 21 scandinaves
289 1820 38 20 vid
336 1820 60 20 Paris
406 1820 128 20 universitet
543 1821 87 20 anvisas
639 1821 33 20 för
680 1821 130 27 budgetåret
821 1822 117 26 1931/1932

137 1850 34 19 ett
187 1850 62 19 extra
266 1849 75 27 anslag
357 1856 29 14 av
402 1850 62 20 2000
481 1850 31 20 kr.

124 1902 51 21 Som
184 1902 76 27 bidrag
269 1903 32 20 till
311 1904 159 25 uppehållande
479 1910 27 14 av
515 1904 167 20 verksamheten
691 1904 37 21 vid
739 1905 91 20 Institut
839 1905 99 21 d'études

138 1932 143 21 scandinaves
299 1933 37 20 vid
356 1933 60 20 Paris
436 1934 128 20 universitet
579 1934 87 20 anvisas
681 1934 34 21 för
729 1935 130 26 budgetåret
875 1935 63 26 1932/

139 1962 53 20 1933
209 1964 33 18 ett
259 1964 62 18 extra
338 1963 75 26 anslag
429 1969 28 14 av
474 1963 62 20 2000
552 1964 32 19 kr.

124 2016 51 19 Som
187 2015 77 27 bidrag
276 2016 32 19 till
321 2016 92 20 Institut
425 2016 99 20 d'études
535 2017 143 20 scandinaves
689 2017 37 20 vid
738 2018 60 19 Paris
810 2018 128 20 universitet

138 2045 87 20 anvisas
240 2046 32 19 ett
287 2046 75 25 anslag
375 2051 29 15 av
418 2046 13 20 2
431 2046 49 20 000
493 2046 32 20 kr.

961 306 25 20 År

1012 252 56 18 Kungl.l

1015 282 53 18 Maj:ts

1015 315 50 15 prop:r

1023 342 36 14 eller

1015 372 54 14 skriver

1081 274 91 17 Motioner

1227 227 97 17 Utskotts-

1216 257 117 19 utlåtanden,

1199 287 96 16 memorial
1308 287 43 17 eller

1209 316 133 17 betänkanden

1397 228 54 16 Riks-

1389 258 69 21 dagens

1400 288 46 16 skri-

1392 317 60 17 velser

1521 246 114 17 Kamrarnas

1508 276 140 21 förhandlingar

1533 306 88 20 (prot.nr)

1083 382 33 16 FK

1134 382 35 17 AK

1190 364 16 58 Saml.

1232 369 16 50 Avd.

1272 384 90 16 Nummer|
1379 384 90 16 Nummer

1491 372 67 17 Första
1565 368 24 30 |
1595 372 65 17 Andra

1491 396 70 16 kamm.
1560 392 27 30 |
1592 396 70 17 kamm.

956 1792 50 21 1931

955 1905 53 21 1932

954 2018 54 21 1935

953 888 53 20 1937]
1029 899 28 3 —

955 1263 52 20 1936]
1031 1263 27 20 85

1028 1793 38 20 1:8

1017 1823 56 20 pt132

1027 1906 39 20 1:8

1016 1936 57 20 pt117]

1026 2018 40 20 1:8

1100 888 24 20 13

1152 888 27 20 42

1015 2048 57 21 Ipt253]

1203 1906 12 20 61
1246 1907 8 19 11
1286 1907 72 20 85.88

1376 889 40 20 425

1378 1264 39 20 226

1203 1793 12 20 61
1247 1794 8 20 11
1286 1794 12 20 8
1313 1794 106 20 s.107/8
1398 1789 22 34 A
1434 1796 45 18 s.43

1379 1907 40 21 SA
1434 1909 45 18 s.45

1203 2019 61 20 6|—]|
1286 2019 12 20 8
1313 2021 58 18 s.167]
1407 2019 13 21 8
1434 2021 45 19 5.85

1496 890 34 20 41:
1542 893 23 17 26
1566 886 22 34 |
1594 891 33 19 39:
1640 892 37 17 128]

1498 1265 33 20 31:
1543 1267 24 17 44
1572 1260 18 34 |
1596 1264 33 20 31:
1640 1266 24 18 82

1500 1795 34 20 21:
1545 1796 25 18 54
1570 1790 23 35 |
1598 1794 33 21 22:
1644 1795 37 19 116)

1501 1908 33 20 23:
1545 1910 24 17 23
1571 1903 22 34 |
1598 1907 34 21 28:
1643 1909 24 18 68

1500 2019 34 21 20:
1545 2021 25 19 58
1570 2015 23 35 |
1599 2021 33 20 22:
1643 2022 25 18 39
