1829 2353
172 152 28 20 34
906 156 135 15 SAKREGISTER

1118 213 52 37 Sö
1276 214 2 29 |
1334 243 49 17 Cl
1501 225 53 17 Rike.

1064 248 17 26 S
1118 252 36 31 2R
1168 251 2 31 I
1218 273 3 3 E
1353 245 17 15 -
1384 245 45 45 SE
1492 255 72 22 dagens
1621 255 118 17 Kamrarnas

1118 295 11 9 öl:
1142 285 17 27 =
1176 269 95 32 Motioner
1311 269 84 33 utlåtan
1411 278 23 28 on
1506 285 46 17 akte
1605 284 146 22 förhandlingar

1064 309 17 27 2
1118 306 35 29 5e
1298 303 47 17 eller
1358 303 98 17 memorial
1498 314 62 18 Svölker

1051 332 24 28 oc
1118 336 80 22 Ej
1766 351 8 2 5:

1064 355 12 9 2
1118 350 17 16 2

1064 369 17 11 &
1118 365 35 12 [ag
1291 363 17 23 ss!
1447 370 17 18 z
1548 370 17 19 2]
1594 368 68 17 Första
1666 363 24 32 |
1695 368 66 17 Andra

1064 384 11 9 =
1118 379 36 35 2
1179 380 88 17 FRJAR
1291 386 59 27 Blå
1385 376 18 44 Zz
1446 390 18 25 &
1500 380 17 26 ä
1547 390 18 25 &
1565 386 14 33 |)
1590 392 71 18 kamm.
1662 386 26 33 |
1692 393 71 16 kamm.

188 433 154 21 Aluminium.

219 466 54 25 Ang.
290 465 46 20 kärl
352 465 40 20 och
408 465 107 20 behållare
531 471 26 14 av
572 465 95 26 järnplåt
682 464 50 21 med
747 464 102 26 invändig
865 464 121 20 beklädnad
1002 471 26 13 av

235 495 139 23 aluminium;
392 501 21 14 se
432 494 120 21 Tulltaxan
568 494 72 26 (1927:
652 494 25 26 9).

188 552 159 27 Alunskiffer;
363 561 22 13 se
400 553 367 28 Ingenjörsvetenskapsakademien
777 553 80 27 (1921),
874 552 155 28 Mineraloljor
1222 433 2 138 |

235 569 81 44 (1922).
1222 585 1 47 |

189 642 124 27 Alvastra;
329 650 22 14 se
372 642 130 26 Vitterhets-,
519 642 98 22 historie-
634 643 37 21 och
686 642 254 22 antikvitetsakademien
953 643 74 26 (1921:
1222 642 1 3 |
1317 644 1 4 |
1424 640 1 20 |

236 679 17 19 8;
272 673 63 21 1922:
345 678 18 19 6;
382 673 63 21 1928:
457 678 24 16 14
500 673 113 26 1929:12).
1221 655 3 84 |

188 731 99 22 Alvesta
302 737 30 16 nr
348 732 22 24 2;
385 740 21 13 se
424 732 165 27 Avsöndringar
604 733 72 26 (1923:
688 738 33 19 37;
739 733 63 20 1930:
814 734 42 24 53).
1221 742 2 29 |

188 791 127 26 Ambroin;
332 799 22 14 se
373 792 121 21 Tulltaxan
510 792 71 26 (1926:
594 793 40 24 11).
1221 786 2 37 |

1221 824 2 13 I

1221 841 2 21 |

188 850 279 25 Ambulansautomobil;
483 858 22 15 se
522 851 81 21 Armén
618 851 73 27 (1921:
704 854 38 22 13).

188 915 179 22 Ambulerande
382 915 177 27 undervisning
576 917 34 20 för
627 917 149 27 jordbrukare;
793 924 22 14 se
830 917 109 22 Jordbruk
954 917 72 26 (1921:

236 947 40 25 1äp

188 1010 199 28 Amerikalinjen,
403 1010 118 22 Svenska.
1475 1024 2 3 I

218 1042 69 20 Bland
303 1043 88 25 utgifter
406 1043 33 19 för
454 1043 169 25 kapitalökning,
640 1045 31 17 att
682 1044 50 25 utgå
743 1050 25 13 av
781 1043 108 26 tillfälliga
900 1043 126 25 lånemedel,
1041 1040 57 22 [1926]
1114 1042 42 20 190
1295 1042 12 19 6|
1337 1042 10 20 11
1386 1042 27 19 74
1477 1042 48 20 158
1594 1042 53 19 24:4
1659 1036 28 36 |
1695 1043 53 19 24:1

232 1072 69 20 under
323 1072 102 20 rubriken
441 1072 165 21 låneunderstöd
622 1072 32 20 till
671 1072 36 20 lån
723 1072 34 21 till
773 1073 142 26 aktiebolaget
931 1072 96 21 Svenska

233 1102 165 26 amerikalinjen
419 1102 85 20 anvisas
528 1104 31 18 ett
580 1102 214 26 reservationsanslag
812 1109 27 14 av
854 1103 13 19 8
877 1103 42 20 000
929 1102 42 21 000
987 1103 38 24 kr.;
1475 1115 2 13 I

232 1132 40 20 och
292 1131 109 27 medgiver
419 1132 45 24 RD,
483 1134 32 18 att
530 1139 27 13 av
572 1132 160 26 ifrågavarande
749 1132 73 26 anslag
837 1133 42 24 må,
895 1133 33 20 för
943 1132 83 20 anskaf-

232 1161 65 21 fande
321 1168 27 14 av
371 1163 30 19 ett
420 1162 139 26 systerfartyg
574 1162 33 20 till
623 1162 37 20 det
675 1162 151 21 ovannämnda
841 1162 63 26 bolag
919 1162 109 26 tillhöriga

232 1192 298 26 passageraremotorfartyget
550 1191 151 27 »Gripsholm>
719 1192 34 20 till
763 1192 160 27 uppehållande
934 1199 26 13 av
971 1192 55 20 bola-

232 1223 45 24 gets
296 1221 145 26 regelbundna
459 1221 220 26 ångbåtsförbindelse
695 1221 80 21 mellan
791 1222 85 26 Sverige
891 1222 40 20 och
947 1222 80 20 Ameri-

232 1251 39 20 kas
294 1251 92 20 Förenta
412 1251 75 25 Stater,
507 1258 26 13 av
548 1251 206 26 riksgäldskontoret
769 1251 34 21 till
819 1252 84 25 bolaget
918 1251 109 20 utlämnas

232 1281 43 25 lån,
300 1287 35 14 om
359 1280 36 20 det
418 1281 76 26 fartyg,
518 1287 46 14 som
584 1281 88 20 därmed
688 1287 66 18 avses,
771 1281 110 21 tillverkas
897 1281 35 20 vid
949 1281 78 20 svensk

233 1310 106 24 verkstad,
356 1310 33 20 till
406 1310 48 20 hela
470 1310 192 27 anslagsbeloppet,
679 1318 49 13 men
744 1311 8 20 i
766 1313 67 18 annat
848 1311 39 20 fall
902 1311 34 20 till
952 1312 31 19 ett
994 1311 33 20 be-

232 1340 51 26 lopp
299 1347 26 13 av
342 1340 12 20 6
364 1340 43 20 000
416 1340 43 20 000
475 1340 39 24 kr.,
531 1342 32 18 att
578 1347 26 13 av
620 1340 85 26 bolaget
720 1341 96 26 åtnjutas
830 1341 26 26 på
867 1341 58 20 vissa
935 1341 93 25 angivna

232 1370 84 20 villkor.

189 1433 178 26 Amerikaresa,
382 1436 28 19 H.
426 1435 27 21 K.
469 1436 28 19 H.
514 1435 159 27 Kronprinsens
689 1436 39 20 och
744 1436 28 20 H.
789 1436 26 20 K.
833 1436 28 20 H.
876 1436 150 26 Kronprinses-

234 1471 57 18 sans;
309 1472 21 13 se
347 1465 118 21 Hovstaten
481 1465 72 27 (1926:
565 1465 25 26 5).

188 1528 128 22 Amerikas
331 1528 105 22 Förenta
452 1528 91 22 Stater.

218 1561 54 25 Ang.
297 1560 60 20 deras
379 1560 79 27 vädjan
474 1562 31 19 att
520 1560 85 20 inträda
620 1561 7 19 i
643 1560 140 21 Nationernas
799 1560 102 25 förbund;
918 1567 22 14 se
958 1560 68 21 JInter-

229 1589 130 28 pellationer
374 1590 35 26 (1),
427 1589 149 22 Nationernas
586 1589 99 27 förbund
700 1590 34 26 (7).

218 1650 54 25 Ang.
289 1649 155 26 verkningarna
467 1656 26 14 av
516 1649 154 21 totalförbudet
686 1650 7 20 i
709 1650 113 20 Amerikas
840 1650 92 21 Förenta
947 1651 78 24 Stater;

233 1686 21 13 se
271 1678 138 27 Rusdrycker
424 1679 34 26 (1).

217 1739 54 25 Ang.
288 1738 159 26 undersökning
462 1745 27 13 av
507 1738 226 27 rusdrycksförbudets
749 1739 127 26 verkningar
891 1740 7 19 i
914 1740 113 20 Amerikas

233 1769 90 19 Förenta
339 1768 78 24 Stater;
435 1774 21 14 se
472 1767 139 27 Rusdrycker
626 1768 36 26 (3).

246 1803 23 17 Se
282 1803 35 17 ock
330 1803 123 18 Traktater
464 1802 59 22 (1929:
532 1803 20 21 1).

187 1855 279 27 Amiralitetskollegiet;
482 1864 22 13 se
520 1856 243 28 Marinförvaltningen
779 1858 72 25 (1930:
864 1858 26 25 1).

187 1915 253 26 Amiralitetspastorn
455 1917 7 20 i
478 1917 140 23 Karlskrona;
635 1924 22 13 se
673 1916 106 22 Marinen
795 1917 72 26 (1923:
879 1918 40 25 60).

186 1980 154 28 Ammarnäs;
357 1988 22 14 se
395 1981 167 27 Avsöndringar
578 1981 72 27 (1929:
663 1983 39 25 78).

185 2040 160 27 Amundebyn
361 2046 30 15 nr
407 2040 20 24 1;
443 2048 22 14 se
481 2040 168 28 Avsöndringar
664 2042 72 25 (1927:
747 2042 40 26 46).
1035 2043 2 9 I
1167 2044 1 3 |
1274 2041 1 20 |
