1809 2333
152 68 38 19 576

837 68 222 20 SAKREGISTER

175 1540 23 15 10

171 254 119 21 Jordbruk

216 285 107 25 procent;
337 284 44 21 och
394 285 117 25 medgiver
524 284 47 24 RD,
585 285 34 19 att
632 285 6 19 i
652 284 113 20 avseende
778 283 13 21 å
804 283 155 25 köpeskilling
972 282 37 20 för
1022 281 35 21 så-

215 315 46 20 dan
279 314 236 25 jordbrukslägenhet
533 314 55 20 eller
606 314 133 25 utbyggnad
757 313 13 21 å
788 313 157 25 åbolägenhet,
964 318 50 14 som
1032 312 25 20 år

218 344 55 21 1920
284 344 56 20 eller
350 350 81 15 senare
440 344 27 20 år
477 344 95 20 försålts
582 344 53 20 från
645 342 194 26 kronoegendom,
850 343 85 20 räntan
944 342 58 24 må,i
1012 341 44 21 den

216 374 54 20 mån
283 374 185 25 köpeskillingen
481 374 117 20 förräntas
610 374 71 25 enligt
693 373 122 21 enahanda
826 372 102 26 grunder
939 378 50 14 som
1000 371 56 26 gällt

216 405 55 20 eller
281 405 72 24 gäller
364 404 36 20 för
411 404 43 20 den
466 404 95 20 stående
571 404 65 20 delen
647 410 27 14 av
685 403 49 21 före
744 403 44 20 den
800 403 9 20 1
821 403 44 25 juli
877 402 55 21 1940
941 402 115 25 beviljade

216 433 166 26 egnahemslån
397 434 36 20 för
447 433 270 26 jordbrukslägenheter,
731 433 74 20 under
819 432 26 21 år
860 432 55 21 1955
929 432 55 25 utgå
998 431 59 21 efter

216 464 35 23 3,6
266 465 106 24 procent;
387 464 44 20 och
444 464 102 20 besluter
560 463 39 20 RD
614 463 52 20 med
680 462 79 26 avslag
772 462 13 21 å
799 462 121 24 motioner,
934 461 70 21 såvitt
1017 467 40 15 an-

216 494 41 25 går
269 493 204 25 maximibeloppet
485 493 36 20 för
533 493 117 23 driftslån,
662 494 34 19 att
707 493 63 20 detta
781 492 59 20 skall
852 492 68 25 höjas
932 492 34 20 till
979 491 27 20 14
1015 491 42 20 000

216 524 97 23 kronor;
330 523 44 21 och
390 523 101 20 besluter
508 523 38 20 RD
563 523 52 20 med
631 522 65 21 bifall
712 523 35 19 till
763 522 121 23 motioner,
900 521 70 21 såvitt
984 521 73 25 angår

216 554 220 24 amorteringstiden
454 553 36 20 för
508 552 117 24 driftslån,
643 553 34 20 att
694 550 136 22 densamma
848 552 59 20 skall
924 551 133 21 utsträckas

216 584 35 20 till
265 583 26 21 12
303 583 35 24 år;
351 583 44 20 och
406 583 77 20 avslår
494 583 39 20 RD
545 583 122 23 motioner,
678 582 70 20 såvitt
759 582 72 25 angår
842 581 110 21 driftslån
963 581 35 21 till
1009 581 48 21 två-

216 613 255 25 familjsjordbrukare,
489 614 61 19 samt
568 612 122 24 motioner,
714 611 70 21 såvitt
809 611 72 25 angår
906 610 152 26 obligatorisk

217 643 228 25 amorteringsfrihet
454 643 74 20 under
538 642 72 20 minst
619 642 13 20 2
642 642 26 20 år
678 642 36 20 för
724 641 117 21 driftslån.

216 673 39 20 RD
266 673 94 20 anvisar
369 673 34 20 till
413 672 146 21 betesförsök
568 672 7 20 i
584 672 116 20 Norrland
710 671 27 21 30
746 671 42 21 000
799 671 34 21 kr.

217 733 39 20 RD
271 733 116 25 medgiver
401 733 26 19 K.
441 732 45 20 M:t
499 733 34 19 att
546 732 93 25 vidtaga
652 731 151 25 erforderliga
817 731 107 25 åtgärder
937 731 36 20 för
987 731 70 25 regle-

216 763 52 25 ring
281 763 75 19 under
369 762 196 20 nästkommande
578 761 153 25 regleringsår
745 767 28 14 av
786 761 164 25 produktions-
963 761 43 20 och
1020 766 37 15 av-

216 792 297 25 sättningsförhållandena
535 791 29 26 på
585 791 151 25 jordbrukets
757 791 95 20 område
872 791 8 20 i
900 790 157 25 huvudsaklig

215 822 232 20 överensstämmelse
467 822 52 19 med
538 822 100 24 angivna
657 821 112 25 grunder;
789 821 43 20 och
852 820 93 21 anvisar
964 821 39 20 RD
1023 820 33 21 till

216 852 185 25 prisreglerande
416 851 107 26 åtgärder
537 851 30 25 på
581 851 151 25 jordbrukets
746 850 95 21 område
856 850 41 21 200
907 850 42 20 000
958 850 42 21 000
1015 850 42 23 kr.,

216 882 35 20 till
266 882 126 20 kostnader
406 882 7 20 i
428 881 113 21 samband
556 881 52 20 med
623 881 103 20 Svenska
740 880 185 25 spannmålsakt.
940 880 117 21 verksam-

215 912 40 20 het
273 912 13 20 8
296 911 41 21 000
347 912 42 20 000
409 911 34 20 kr.
462 912 61 19 samt
542 911 34 20 till
595 910 80 26 statlig
693 910 179 25 lagerhållning:
891 909 167 21 omkostnader

216 941 36 20 för
272 942 78 24 statlig
369 941 93 25 inköps-
480 941 43 20 och
542 940 303 25 försäljningsverksamhet
864 939 27 21 16
900 940 41 20 000
951 940 42 20 000
1011 940 45 22 kr.;

216 971 44 20 och
274 971 152 25 bemyndigar
440 971 39 20 RD
495 970 147 25 fullmäktige
656 971 7 19 i
677 970 226 25 riksgäldskontoret
916 971 34 20 att
963 969 94 21 tillhan-

216 1001 93 20 dahålla
329 1001 44 20 den
393 1000 132 25 föreslagna
544 1000 137 25 föreningen
701 1000 36 20 för
755 999 171 21 handhavande
944 1006 29 14 av
990 999 67 21 bröd-

217 1031 199 24 sädsregleringen
432 1036 30 14 m.
478 1036 30 13 m.
524 1036 27 14 en
568 1030 70 24 rörlig
653 1029 76 20 kredit
744 1035 28 14 av
788 1029 41 19 190
839 1029 41 20 000
890 1029 42 20 000
947 1029 34 20 kr.
997 1030 60 19 samt

217 1060 68 20 ställa
301 1060 109 20 säkerhet
426 1059 36 20 för
478 1059 76 20 kredit
569 1059 23 20 åt
608 1059 136 24 föreningen
760 1059 13 20 å
788 1058 174 25 checkräkning
976 1059 8 20 i
999 1059 58 20 riks-

216 1089 93 21 banken
324 1090 55 19 eller
394 1089 139 20 affärsbank
547 1088 61 21 intill
623 1089 32 20 ett
669 1088 83 25 belopp
767 1094 28 14 av
809 1088 27 20 35
846 1088 41 20 000
897 1088 42 21 000
954 1088 45 23 kr.;
1014 1088 43 20 och

218 1119 90 20 lämnar
322 1119 38 20 RD
374 1120 57 19 utan
443 1119 94 20 erinran
550 1119 107 19 vad:som
669 1118 91 20 anförts
773 1119 7 19 i
792 1117 66 26 fråga
870 1124 38 14 om
920 1117 137 26 jordbruks-

216 1148 130 20 nämndens
361 1148 196 25 clearingkassor;
573 1148 43 20 och
632 1149 96 23 antager
743 1147 39 20 RD
798 1147 137 25 förordning
949 1153 38 14 om
1001 1147 57 20 änd-

217 1179 51 24 ring
282 1179 7 19 i
304 1178 167 25 förordningen
486 1178 44 20 den
544 1178 13 20 8
571 1178 53 24 juni
640 1177 53 20 1951
712 1178 39 22 (nr
765 1177 53 24 379)
836 1182 51 20 ang.
902 1177 114 25 reglering
1029 1183 29 15 av

216 1208 114 20 införseln
345 1214 29 14 av
388 1208 62 20 vissa
465 1208 96 20 levande
576 1207 55 25 djur
645 1208 44 19 och
703 1207 257 25 jordbruksprodukter
975 1213 30 14 m.
1020 1213 37 17 m.,

217 1238 138 24 förordning
367 1243 38 14 om
418 1238 99 24 ändring
530 1238 6 19 i
550 1237 167 24 förordningen
729 1237 44 19 den
786 1237 13 20 6
811 1237 52 24 juni
877 1236 55 21 1952
948 1237 40 23 (nr
1000 1236 53 25 365)

217 1273 51 19 ang.
282 1267 113 25 reglering
408 1273 28 14 av
448 1266 115 21 utförseln
576 1272 28 15 av
616 1266 62 21 vissa
690 1266 96 21 levande
798 1266 55 25 djur
865 1266 44 21 och
920 1266 138 25 jordbruks-

217 1297 128 25 produkter
358 1303 30 14 m.
402 1303 37 17 m.,
452 1296 138 25 förordning
602 1302 38 14 om
653 1296 88 20 ändrad
755 1296 86 25 lydelse
854 1302 28 14 av
893 1296 21 24 2,
928 1297 33 23 10,
976 1297 22 20 11
1013 1296 43 20 och

218 1327 26 20 12
260 1327 25 23 $$
300 1327 167 25 förordningen
481 1327 43 19 den
539 1326 12 20 5
564 1326 44 25 juli
624 1326 55 20 1953
695 1326 40 24 (nr
748 1326 52 24 375)
818 1326 52 20 med
883 1326 62 20 vissa
957 1326 100 21 bestäm-

216 1357 84 20 melser
318 1362 51 20 ang.
387 1356 163 25 prisreglering
568 1356 36 20 för
621 1356 40 25 råg
678 1356 42 20 och
738 1357 57 23 vete,
813 1356 136 25 förordning
965 1362 38 14 om
1020 1362 37 14 av-

217 1387 43 24 gift
274 1386 13 20 å
300 1386 187 25 oljekraftfoder,
501 1386 136 25 förordning
650 1392 38 14 om
701 1386 99 25 ändring
813 1386 6 20 i
833 1385 167 26 förordningen
1013 1386 44 20 den

217 1417 13 19 5
244 1416 53 25 juni
313 1416 56 20 1953
387 1416 39 23 (nr
440 1416 53 24 395)
512 1421 51 20 ang.
578 1415 114 25 reglering
706 1421 28 15 av
747 1415 114 20 införseln
876 1422 28 13 av
918 1415 140 21 fettråvaror

217 1446 44 20 och
276 1446 119 23 fettvaror,
409 1452 30 14 m.
454 1452 29 13 m.
498 1446 60 20 samt
573 1445 136 25 förordning
723 1451 37 14 om
774 1445 89 21 ändrad
878 1445 86 25 lydelse
977 1452 28 14 av
1018 1446 12 20 2
1046 1445 10 23 8

218 1476 167 25 förordningen
399 1476 44 19 den
457 1475 12 20 5
482 1475 52 25 juni
549 1475 56 20 1953
622 1475 39 23 (nr
674 1475 53 24 397)
744 1480 51 20 ang.
809 1475 73 25 avgift
895 1475 36 20 för
945 1475 112 21 fettvaror

217 1512 51 13 som
278 1506 119 19 användas
407 1505 36 20 för
453 1505 174 25 framställning
637 1511 27 14 av
674 1504 160 21 fettemulsion
843 1511 30 13 m.
883 1511 30 14 m.

217 1535 40 20 RD
270 1535 135 25 godkänner
418 1535 27 20 de
458 1535 87 25 förslag
558 1535 44 20 rör.
614 1534 189 25 organisationen
816 1540 28 15 av
856 1535 44 20 den
913 1535 144 20 statsunder-

217 1565 83 20 stödda
323 1564 251 21 klubbverksamheten
598 1564 29 25 på
650 1564 150 25 jordbrukets
823 1564 44 20 och
890 1564 167 25 skogsbrukets

216 1594 95 20 område
329 1600 30 15 m.
378 1600 37 18 m.,
433 1594 62 20 vilka
512 1594 244 25 jordbruksutskottet
774 1593 94 26 angivit,
886 1596 61 19 samt
964 1594 94 20 anvisar

216 1624 35 20 till
270 1624 81 25 bidrag
370 1624 34 20 till
423 1624 289 25 jordbrukarungdomens
731 1623 101 21 förbund
850 1623 42 21 225
902 1624 42 20 000
963 1624 41 24 kr.,
1022 1624 34 20 till

216 1654 82 25 bidrag
314 1654 34 20 till
364 1654 46 20 viss
426 1654 61 20 lokal
504 1653 222 21 klubbverksamhet
742 1653 40 20 100
792 1653 42 20 000
850 1654 34 19 kr.
899 1655 61 19 samt
975 1653 34 21 till
1024 1654 33 20 bi-

217 1684 56 25 drag
285 1684 34 20 till
332 1683 264 26 ungdomsverksamhet
608 1683 29 25 på
648 1683 167 25 skogsbrukets
826 1683 95 21 område
932 1683 28 21 85
969 1683 41 21 000
1023 1684 33 19 kr.

217 1731 39 20 RD
269 1731 76 20 avslår
356 1731 88 20 motion
456 1736 51 20 ang.
519 1731 114 20 ställande
645 1737 28 14 av
684 1731 87 20 statens
783 1731 172 25 skogsinnehav
965 1731 29 26 på
1005 1731 52 21 Got-

216 1762 55 19 land
290 1761 35 20 till
345 1761 255 20 lantbruksnämndens
619 1761 138 25 disposition
777 1760 36 21 för
832 1761 180 26 komplettering
1030 1767 28 15 av

216 1791 122 25 jordbruk.

218 1822 39 20 RD
270 1821 123 25 medgiver,
406 1822 33 19 att
451 1821 92 20 stödlån
556 1821 51 20 med
620 1821 45 20 anl.
678 1827 28 13 av
719 1820 56 21 1954
786 1820 37 21 års
835 1821 173 20 skördeskador
1019 1821 38 20 må

216 1852 118 19 utlämnas
353 1851 7 20 i
380 1851 100 25 enlighet
500 1851 51 20 med
571 1850 28 21 de
617 1850 109 25 grunder,
745 1856 50 15 som
814 1850 243 25 jordbruksutskottet

216 1881 112 23 förordat,
347 1882 33 20 att
398 1880 63 21 förut
478 1880 156 20 omförmälda
652 1880 97 25 tidigare
767 1881 110 20 anvisade
894 1881 164 25 investerings-

217 1912 82 24 anslag
312 1911 34 20 till
360 1910 92 21 stödlån
465 1910 34 20 till
512 1910 156 25 jordbrukare
681 1910 37 20 må
731 1912 64 23 tagas
808 1911 8 19 i
829 1910 102 25 anspråk
944 1912 61 19 samt
1017 1917 40 14 an-

216 1941 63 20 visar
294 1941 35 20 till
345 1940 92 20 stödlån
452 1940 34 20 till
502 1940 155 25 jordbrukare
673 1940 13 20 å
701 1940 140 25 tilläggsstat
856 1940 8 20 I
880 1940 34 21 till
930 1940 126 21 riksstaten

216 1971 37 19 för
269 1970 137 25 budgetåret
424 1970 90 20 1954/55
531 1970 12 20 5
554 1970 41 20 000
605 1970 41 20 000
664 1970 45 22 kr.;
727 1970 42 19 och
787 1970 76 20 avslår
880 1970 39 20 RD
935 1970 121 25 yrkanden

217 2007 38 14 om
268 2001 127 20 anvisande
409 2006 28 14 av
449 2000 81 25 anslag
542 2000 35 20 till
590 2000 81 24 bidrag
684 2000 51 20 med
749 2000 45 20 anl.
808 2005 28 15 av
848 1999 179 21 skördeskador.

216 2060 39 20 RD
266 2060 93 20 anvisar
369 2060 34 20 till
414 2059 91 21 stödlån
516 2060 34 20 till
559 2059 156 25 jordbrukare
725 2059 13 20 å
747 2059 140 25 tilläggsstat
897 2059 19 20 II
926 2059 28 20 25
963 2059 42 21 000
1015 2059 41 21 000

216 2090 34 20 kr.
263 2092 60 18 samt
336 2090 123 24 medgiver,
471 2090 33 20 att
515 2089 81 25 bidrag
608 2090 52 19 med
672 2089 45 20 anl.
729 2095 28 14 av
769 2089 56 20 1954
836 2089 38 20 års
885 2089 172 21 skördeskador

1204 154 98 30 Motioner
1360 154 78 30 Utskott
1487 154 52 36 Skriv.
1604 157 91 17 Protokoll

1078 179 25 20 År
1100 175 16 32 |
1127 183 52 20 Prop.
1505 183 39 27 SN

1209 212 30 17 FK
1239 206 28 31 |
1274 212 32 16 AK
1328 210 86 19 ISmllAvd]
1438 211 26 17 Nr
1584 211 30 17 FK
1682 211 32 17 AK

1080 669 31 22 54
1128 671 48 20 1:11]
1221 682 26 3 —I
1287 682 26 3 —I
1338 671 26 20 10
1387 682 26 3 —
1459 670 10 20 11
1523 670 102 20 9H2:110
1654 670 71 20 112:133

1137 706 33 15 138
1450 704 22 16 95

1080 729 30 21 541
1131 731 42 20 180
1178 725 28 35 |
1219 731 27 19 141
1284 730 80 21 19110)
1387 742 26 3 —|
1442 729 145 21 321302121:
1603 729 85 21 40dl21:
1704 730 40 20 83d

1218 760 93 21 781104

1202 790 44 20 266
1251 786 13 34 |
1269 790 42 20 165

1202 820 42 20 547
1244 816 22 34 |
1268 820 44 20 338

1200 850 52 21 -5501
1268 850 43 21 690

1267 880 43 20 692

1265 910 51 20 -697

1128 1539 27 20 97
1202 1539 44 20 1250
1268 1539 43 20 13231
1338 1538 27 21 10]
1388 1550 26 3 —
1443 1538 94 20 361359
1552 1537 193 21 123:111d/23:161d

1202 1569 43 19 425
1249 1564 13 34 |
1268 1569 43 20 543

1202 1598 43 20 455
1268 1598 43 20 1579

1202 1628 44 20 456
1244 1624 22 34 |
1268 1628 43 20 580

1202 1658 42 20 457
1251 1654 13 34 |
1268 1658 41 20 581

1080 1733 30 22 54]
1150 1735 95 21 —1373|
1286 1747 27 3 —I
1338 1735 26 20 10
1387 1746 26 3 —|
1443 1735 28 20 401
1512 1734 76 20 —I129:
1603 1738 22 16 36
1653 1734 35 20 129:
1704 1738 22 16 95

1080 1764 23 22 H

1080 1823 32 22 541
1130 1825 116 20 223-1560
1244 1819 23 35 |
1268 1824 41 20 7211
1338 1824 27 21 10]
1387 1836 26 2 —|
1442 1824 146 20 471392132:
1603 1823 142 21 89d/32:113d

1080 1853 23 22 H
1202 1854 43 21 562
1246 1850 18 34 |
1268 1854 43 20 722

1080 2060 30 22 55l.
1145 2062 26 20 57
1202 2062 162 20 -13921488110)
1387 2073 26 3 —|
1457 2061 79 20 611181
1567 2061 20 20 7:
1603 2060 41 21 a8dl
1668 2061 20 20 7:
1704 2060 41 20 69d
