1841 2360
1605 80 40 20 621

66 254 285 28 Kommunalförfattningar.

66 290 26 20 27
101 291 10 25 $
121 291 13 20 2
144 297 65 14 mom.
221 291 39 20 och
270 291 27 20 56
306 292 10 24 $
325 291 62 26 lagen
398 292 41 20 den
449 292 12 19 6
470 292 47 26 juni
528 292 53 20 1930
591 293 34 26 (nr
634 293 49 26 252)
694 299 34 14 om
738 293 219 26 kommunalstyrelse

66 320 6 20 i
84 320 58 24 stad,
155 321 33 19 till
201 321 35 26 lag
247 326 49 21 ang.
310 322 84 19 ändrad
407 321 80 27 lydelse
499 328 29 14 av
540 322 27 20 20
578 323 10 25 $
600 322 13 20 2
624 329 66 13 mom.
704 323 40 20 och
756 323 26 20 58
795 323 9 25 $
816 323 62 26 lagen
891 323 41 20 den
945 323 12 20 6

65 350 48 25 juni
126 351 54 19 1930
191 351 35 25 (nr
236 351 50 25 259)
298 357 35 14 om
345 351 235 27 församlingsstyrelse,
592 352 32 20 till
636 352 35 26 lag
681 358 49 20 ang.
742 353 84 20 ändrad
837 353 81 26 lydelse
929 359 28 14 av

66 380 26 20 33
101 380 10 25 $
120 381 13 19 2
142 386 66 14 mom.
219 381 40 19 och
268 381 26 20 45
303 381 10 25 $
324 381 8 20 I
343 387 65 14 mom.
418 381 62 26 lagen
490 382 41 19 den
540 382 27 20 20
574 382 48 26 juni
632 382 53 20 1924
694 383 34 25 (nr
736 382 50 26 349)
796 389 34 13 om
839 382 117 27 landsting,

66 409 33 20 till
113 410 35 26 lag
161 415 49 21 ang.
224 411 84 19 ändrad
322 410 81 27 lydelse
416 417 28 14 av
457 411 27 20 26
497 412 9 24 $
519 412 13 20 2
545 418 66 14 mom.
626 412 39 20 och
678 412 27 20 47
718 413 9 25 $
741 412 61 26 lagen
817 413 41 19 den
873 413 24 19 15
910 412 47 26 juni

68 439 53 21 1935
132 440 35 26 (nr
176 440 49 26 337)
236 446 34 14 om
280 441 219 26 kommunalstyrelse
510 441 5 20 i
526 442 126 20 Stockholm
662 443 58 19 samt
729 442 32 20 till
771 442 34 26 lag
814 448 49 20 ang.
874 443 83 20 ändrad

67 469 81 26 lydelse
158 476 28 14 av
196 470 24 20 21
232 471 9 24 $
251 471 13 19 2
274 476 65 14 mom.
351 471 39 19 och
400 471 45 25 62
428 465 24 37 $
458 471 7 20 1
477 477 66 14 mom.
554 471 61 26 lagen
626 472 41 20 den
677 472 12 19 6
698 472 47 26 juni
757 472 53 20 1930
819 472 35 26 (nr
863 472 49 26 260)
923 479 34 13 om

68 499 229 27 församlingsstyrelse
308 500 7 20 i
327 500 133 20 Stockholm.

96 529 19 20 3.
131 529 56 26 Ang.
205 530 92 26 ändring
313 530 6 20 i
335 530 218 27 kommunallagarna
569 531 34 20 för
618 531 171 27 möjliggörande
805 538 28 14 av
850 532 108 26 personal-

68 559 123 19 demokrati
203 566 29 13 m.
242 566 37 17 m.;
292 566 22 13 se
330 560 179 26 Interpellationer
521 561 63 25 (1946
592 561 28 19 H:
633 561 40 25 98).

97 618 18 20 1.
132 618 42 19 RD
188 619 92 25 antager
292 619 34 20 för
338 619 32 19 sin
384 619 33 20 del
430 619 80 26 förslag
523 619 32 20 till
568 619 35 27 lag
615 625 49 21 ang.
678 620 84 20 ändrad
775 620 80 27 lydelse
868 626 28 15 av
909 621 26 20 23
948 621 10 25 $

67 647 62 26 lagen
143 648 42 19 den
198 648 27 20 20
237 648 48 25 juni
300 648 53 21 1924
367 649 34 26 (nr
413 648 50 27 349)
477 655 35 14 om
526 649 111 27 landsting
649 650 58 26 (höjt
720 650 192 26 dagtraktamente
925 650 33 20 för

67 677 191 26 landstingsman).

95 706 20 20 2.
132 707 42 19 RD
185 707 73 20 avslår
267 707 108 20 motioner
385 713 35 14 om
430 708 68 20 sådan
509 708 92 26 ändring
610 714 28 14 av
650 708 24 20 15
684 709 10 25 $
704 709 62 26 lagen
777 715 34 14 om
822 709 137 20 kommunal-

68 736 90 26 styrelse
169 736 6 20 i
186 737 57 23 stad,
254 738 35 19 att
300 737 36 20 vid
348 737 60 20 stads
419 737 111 27 indelning
540 738 6 19 i
557 738 121 20 valkretsar
688 738 155 26 inkorporerad
853 739 105 20 kommun

68 766 148 26 (kommuner)
227 766 45 24 bör,
285 773 34 13 om
330 767 155 26 folkmängden
496 769 24 18 är
530 767 126 27 tillräckligt
666 770 52 21 stor,
730 768 59 20 bilda
800 774 52 20 egen
863 769 96 19 valkrets

68 795 51 20 eller
130 795 6 20 i
147 797 51 18 vart
208 796 38 20 fall
257 796 47 20 icke
315 802 53 14 vara
380 797 110 26 uppdelad
501 797 27 26 på
540 797 69 20 skilda
620 798 128 20 valkretsar.

96 825 19 20 3.
132 825 43 20 RD
187 825 98 21 anhåller
296 832 34 14 om
342 826 117 26 utredning
470 832 28 14 av
509 827 76 26 frågan
597 833 35 14 om
643 827 68 20 sådan
723 828 92 26 ändring
825 834 28 14 av
864 828 95 20 bestäm-

68 855 106 20 melserna
188 861 35 14 om
236 855 149 27 fullmäktiges
397 856 62 20 antal
471 856 68 27 enligt
550 856 89 27 lagarna
652 863 35 14 om
699 857 219 27 kommunalstyrelse
931 858 27 25 på

68 884 75 21 landet
157 885 39 20 och
210 885 6 20 i
229 885 57 23 stad,
299 886 35 19 att
346 886 158 20 kommunerna
518 886 89 20 beredas
620 886 114 27 möjlighet
745 888 35 19 att
793 889 47 18 utse
853 889 33 18 ett
898 887 7 20 i
917 887 42 20 för-

68 914 102 20 hållande
179 914 33 21 till
221 915 33 20 sin
263 915 128 27 folkmängd
400 917 68 19 större
477 916 61 20 antal
547 916 136 27 fullmäktige
692 919 28 18 än
729 917 43 20 vad
781 917 34 20 för
824 917 135 20 närvarande

68 946 24 18 är
104 944 67 20 fallet.

96 974 19 20 4.
133 974 42 20 RD
194 974 132 24 hemställer,
345 976 35 19 att
397 975 75 26 kungl.
491 975 171 21 cirkulärbrevet
680 976 41 20 den
741 976 25 21 13
784 982 48 21 aug.
853 976 52 21 1823
924 983 35 13 om

68 1003 176 27 kyrkovaktares
256 1004 129 26 utväljande
396 1005 70 20 måtte
479 1005 121 26 upphävas.

96 1033 20 20 5.
133 1034 42 19 RD
190 1034 73 20 avslår
276 1034 84 20 motion
376 1041 34 13 om
425 1035 68 20 sådan
508 1035 92 26 ändring
614 1041 28 14 av
657 1035 12 20 6
683 1036 10 25 $
707 1036 13 19 2
734 1036 50 26 kap.
800 1036 62 26 lagen
877 1036 41 20 den
935 1036 24 20 18

68 1062 47 26 juni
127 1063 53 20 1926
190 1069 35 14 om
236 1064 87 26 delning
332 1070 28 14 av
368 1064 49 26 jord
427 1065 12 19 å
450 1064 75 20 landet
534 1065 39 19 och
584 1065 12 20 9
605 1066 10 24 $
624 1065 62 26 lagen
697 1071 34 14 om
741 1066 218 26 kommunalstyrelse

68 1093 28 26 på
106 1092 83 24 landet,
200 1094 35 19 att
244 1095 73 18 rätten
327 1095 35 18 att
372 1095 48 19 utse
430 1094 184 26 skiftesgodemän
625 1095 130 26 överflyttas
765 1095 47 20 från
822 1095 137 20 kommunal-

68 1124 111 18 stämman
190 1123 33 19 till
233 1123 137 26 fullmäktige
381 1124 6 19 i
398 1124 112 23 kommun,
523 1124 39 20 där
572 1124 291 27 fullmäktigeinstitutionen
874 1125 84 20 införts.

96 1152 19 20 6.
133 1152 41 20 RD
184 1152 72 20 avslår
264 1153 108 20 motioner
381 1159 35 14 om
422 1148 112 37 utredning
533 1148 52 37 rör.
593 1154 41 20 den
640 1154 182 26 organisatoriska
828 1155 131 26 regleringen

68 1187 28 14 av
110 1182 26 19 de
149 1182 100 26 kyrkliga
263 1183 241 25 primärkommunerna
518 1183 6 20 i
538 1184 133 20 Stockholm.

96 1211 20 20 7.
133 1212 42 20 RD
189 1213 91 25 antager
293 1212 33 20 för
339 1212 32 20 sin
385 1212 34 20 del
432 1213 80 26 förslag
524 1213 33 20 till
570 1213 35 26 lag
617 1219 49 20 ang.
680 1214 83 20 ändrad
776 1214 81 26 lydelse
870 1220 28 14 av
911 1214 26 20 79
950 1215 9 24 $

70 1241 8 20 1
92 1247 66 14 mom.
172 1241 62 27 lagen
247 1242 41 20 den
301 1242 12 19 6
325 1242 47 25 juni
386 1242 53 20 1930
452 1243 34 25 (nr
498 1243 49 26 251)
560 1249 35 14 om
606 1243 219 26 kommunalstyrelse
837 1244 28 25 på
877 1243 81 24 landet,

68 1270 35 27 lag
113 1276 49 21 ang.
173 1271 84 20 ändrad
268 1271 81 26 lydelse
359 1278 28 14 av
397 1272 46 25 74
429 1266 19 37 $
455 1272 8 20 1
475 1278 66 14 mom.
552 1272 63 26 lagen
625 1273 41 20 den
677 1273 12 20 6
698 1273 48 25 juni
758 1273 52 20 1930
820 1273 35 26 (nr
864 1273 49 26 252)
924 1279 35 14 om

68 1300 221 27 kommunalstyrelse
302 1301 7 20 i
323 1302 50 19 stad
386 1303 59 18 samt
457 1302 36 26 lag
506 1307 49 21 ang.
569 1302 85 20 ändrad
667 1302 81 26 lydelse
762 1309 28 13 av
804 1303 26 20 63
843 1303 10 25 $
868 1303 9 20 1
893 1309 65 14 mom.

69 1330 62 26 lagen
144 1330 42 20 den
200 1330 25 21 15
237 1330 48 26 juni
299 1331 53 20 1935
365 1331 35 26 (nr
412 1331 49 26 337)
475 1338 35 13 om
523 1332 219 26 kommunalstyrelse
754 1332 7 20 i
774 1333 126 20 Stockholm
913 1333 47 26 (av-

69 1360 79 20 seende
163 1360 163 26 överflyttande
341 1367 28 14 av
385 1361 158 26 befogenheten
558 1363 35 18 att
607 1363 68 25 pröva
690 1362 40 20 och
745 1362 109 20 fastställa
868 1363 65 19 taxor
947 1363 12 19 å

69 1389 164 27 hamnavgifter
246 1391 40 19 och
300 1391 192 26 grundpenningar
505 1391 48 20 från
568 1391 64 21 KM:t
645 1392 33 19 till
691 1392 243 26 kommerskollegium).

100 1449 18 20 1.
135 1449 42 20 RD
186 1450 72 20 avslår
265 1450 108 20 motioner
380 1456 49 21 ang.
438 1451 84 20 ändrad
530 1451 32 20 tid
571 1451 33 20 för
611 1451 90 26 lagtima
709 1451 182 27 landstingsmöte
898 1458 60 14 m.m.

97 1480 20 19 2.
134 1479 42 20 RD
191 1480 72 20 avslår
276 1480 84 20 motion
374 1486 35 14 om
423 1480 55 21 visst
491 1481 75 26 tillägg
579 1480 33 21 till
627 1481 9 20 1
652 1482 9 24 $
675 1481 61 26 lagen
751 1483 40 18 rör.
806 1488 30 20 ny
849 1481 111 27 indelning

69 1515 28 14 av
107 1509 57 20 riket
173 1509 6 20 i
189 1509 119 27 borgerliga
317 1510 136 20 kommuner.

97 1539 20 20 3.
134 1539 42 20 RD
188 1539 73 20 avslår
271 1539 83 20 motion
366 1546 35 13 om
412 1540 128 26 behörighet
550 1540 34 20 för
594 1540 127 20 landsfiskal
731 1541 7 19 i
749 1541 49 20 stad
810 1541 68 20 under
888 1541 72 20 lands-

70 1570 46 18 rätt
128 1570 35 18 att
175 1569 70 26 väljas
258 1569 33 20 till
303 1569 193 26 stadsfullmäktig.

98 1598 19 20 4.
135 1598 42 20 RD
191 1598 72 20 avslår
275 1599 108 20 motioner
395 1604 48 21 ang.
458 1599 26 20 de
496 1599 141 21 kommunala
650 1600 276 26 tjänstetillsättningarna.

98 1628 19 20 5.
135 1628 42 20 RD
191 1628 98 20 anhåller
302 1634 35 14 om
351 1629 117 26 utredning
481 1634 49 21 ang.
544 1629 166 26 undanröjande
723 1635 28 14 av
765 1630 38 19 det
816 1630 6 19 i
838 1630 25 20 10
876 1630 9 25 $
898 1630 62 25 lagen

70 1657 41 20 den
127 1657 27 20 20
169 1658 45 19 dec.
232 1657 53 21 1940
301 1664 35 14 om
351 1658 57 20 vissa
423 1664 29 14 av
466 1658 111 27 landsting
592 1659 50 19 eller
656 1659 105 20 kommun
777 1659 77 20 drivna
869 1659 91 26 sjukhus

70 1687 106 26 stadgade
189 1687 88 20 hindret
288 1687 33 21 för
333 1688 217 26 befattningshavare
562 1688 37 20 vid
611 1688 92 26 sjukhus
714 1690 35 19 att
760 1695 53 14 vara
824 1688 98 21 ledamot
933 1695 27 14 av

70 1716 127 26 sjukhusets
211 1717 108 20 direktion
333 1717 50 20 eller
396 1718 117 26 suppleant
525 1718 34 20 för
571 1718 103 20 ledamot.

98 1746 19 20 6.
135 1746 42 20 RD
192 1746 73 20 avslår
278 1747 109 20 motioner
400 1753 49 20 ang.
464 1747 58 20 vissa
537 1748 117 26 ändringar
667 1748 7 20 i
688 1748 62 26 lagen
765 1754 35 14 om
815 1748 91 26 ordning
921 1748 39 20 och

71 1776 78 20 villkor
161 1776 33 20 för
205 1776 93 27 ändring
309 1777 7 19 i
327 1777 128 20 kommunal
467 1777 40 20 och
519 1777 136 20 ecklesiastik
667 1777 110 27 indelning
789 1784 28 14 m.
827 1784 29 13 m.

99 1835 19 20 7.
135 1835 42 20 RD
193 1837 91 25 antager
298 1836 34 20 för
346 1836 32 20 sin
394 1836 34 21 del
442 1836 36 27 lag
492 1842 49 20 ang.
557 1837 92 26 ändring
663 1837 7 20 i
684 1837 62 26 lagen
762 1837 41 20 den
818 1837 12 19 6
845 1837 47 26 juni
908 1837 53 20 1930

71 1865 35 25 (nr
119 1865 50 26 251)
184 1872 35 13 om
233 1866 220 26 kommunalstyrelse
467 1866 27 26 på
509 1866 81 23 landet,
605 1866 35 27 lag
654 1872 48 21 ang.
717 1867 92 26 ändring
822 1867 7 20 i
843 1867 62 26 lagen
920 1867 40 20 den

71 1895 12 19 6
95 1895 48 26 juni
158 1895 53 20 1930
224 1895 35 26 (nr
271 1896 50 26 252)
335 1902 34 14 om
382 1896 220 26 kommunalstyrelse
615 1896 6 20 i
634 1897 56 23 stad,
704 1896 35 26 lag
751 1902 49 20 ang.
814 1897 147 26 upphävande

70 1930 29 14 av
109 1925 27 20 20
146 1925 9 25 $
165 1925 13 20 2
188 1931 66 14 mom.
265 1925 62 26 lagen
338 1926 41 20 den
390 1926 12 20 6
411 1926 48 26 juni
471 1926 53 20 1930
534 1926 34 26 (nr
577 1926 50 26 259)
638 1932 35 14 om
683 1926 228 26 församlingsstyrelse
922 1927 38 19 och

71 1954 23 20 21
113 1955 9 25 $
138 1955 13 19 2
167 1961 65 14 mom.
249 1955 62 26 lagen
328 1956 41 20 den
385 1955 13 20 6
412 1955 48 27 juni
477 1956 53 19 1930
546 1956 35 26 (nr
595 1956 50 26 260)
661 1962 35 14 om
711 1956 229 26 församlingsstyrelse
955 1956 6 20 i

71 1984 135 24 Stockholm,
221 1985 35 26 lag
270 1990 49 21 ang.
334 1985 84 20 ändrad
433 1985 80 27 lydelse
528 1991 28 14 av
570 1986 26 19 33
610 1986 10 25 $
634 1986 13 20 2
661 1992 66 14 mom.
742 1986 62 26 lagen
819 1986 41 20 den
874 1986 27 20 20
914 1986 47 26 juni

73 2014 53 20 1924
140 2014 35 26 (nr
189 2014 50 26 349)
253 2021 35 13 om
303 2015 117 26 landsting,
435 2015 35 26 lag
484 2020 48 21 ang.
548 2015 92 26 ändring
653 2015 7 20 i
673 2016 63 26 lagen
751 2016 41 20 den
808 2016 25 20 15
846 2015 47 26 juni
909 2016 52 20 1935

72 2043 34 26 (nr
119 2044 50 25 337)
183 2050 35 14 om
232 2044 219 27 kommunalstyrelse
464 2045 7 19 i
485 2045 133 23 Stockholm,
632 2045 35 26 lag
680 2050 48 21 ang.
743 2045 84 20 ändrad
840 2045 80 26 lydelse
933 2051 29 14 av

73 2073 25 20 14
108 2074 9 24 $
128 2073 62 26 lagen
201 2074 41 19 den
254 2074 25 19 14
288 2074 48 26 juni
348 2074 53 21 1918
411 2075 35 25 (nr
455 2074 50 26 422)
516 2080 35 14 om
561 2075 149 25 fattigvården
720 2076 58 19 samt
788 2075 35 26 lag
833 2081 35 14 om
878 2075 84 20 ändrad

72 2103 80 26 lydelse
164 2109 28 14 av
203 2103 13 20 8
227 2104 9 24 $
250 2104 8 19 1
272 2110 65 14 mom.
350 2104 198 26 barnavårdslagen
560 2104 41 20 den
613 2104 12 20 6
636 2104 47 26 juni
696 2104 51 20 1924
760 2105 34 26 (nr
805 2105 49 26 361)
866 2105 96 26 (ändrin-

977 189 101 24 ARI
1111 169 90 15 Motioner
1249 165 90 29 Utskott
1383 181 57 16 Skriv.
1490 166 105 29 Protokoll

1106 222 33 17 FK
1140 217 24 31 |
1169 222 35 16 AK
1226 223 84 16 [SmllAvd|
1334 223 26 16 Nr
1401 209 22 12 sd
1479 223 32 16 FK
1577 223 35 16 AK

979 620 27 20 471)
1046 620 97 20 —]174)
1182 632 28 2 —J|
1244 621 12 20 5]
1292 621 13 20 2
1358 621 9 19 11
1407 620 82 21 69.11:
1503 622 25 19 74
1560 621 81 20 I:11:-22d

989 715 8 14 »
1047 721 28 2 —
1082 704 18 35 |
1106 709 38 20 173
1148 704 18 35 |
1171 708 38 20 194]
1245 710 12 19 51
1292 710 13 19 2
1357 710 12 19 21
1407 721 27 3 —J]
1460 710 31 20 11:
1504 710 37 20 16d]
1560 710 31 19 11:
1602 712 25 17 32

989 834 9 13 »
1006 823 28 35 |
1047 840 28 2 —I
1119 827 25 20 691
1171 827 38 20 1281
1245 828 12 20 51
1292 828 13 20 2
1358 828 269 20 3408-1118

990 983 8 13 »-|
1047 988 28 2 »—
1106 976 39 20 "1175
1170 976 39 20 12651)
1245 976 12 21 5]
1292 976 78 21 217-41)
1408 976 105 21 91118:2
1560 977 67 20 -118:59

990 1042 8 13 »
1014 1031 14 35 Il
1048 1048 27 2 —J]
1118 1035 91 20 —J]1271
1245 1036 12 20 51
1292 1036 13 20 21
1357 1036 12 20 71)
1407 1036 106 20 —J]14:4
1561 1036 66 20 |14:27

990 1161 8 13 »
1007 1150 23 35 |
1047 1154 163 20 —]1181196]
1245 1155 12 20 51
1293 1155 12 20 21
1345 1155 25 19 141]
1407 1155 84 20 —]|18:
1504 1155 38 20 14d]
1561 1155 30 20 18:
1603 1155 39 20 21d

989 1220 9 13 »
1036 1214 38 20 1167]
1118 1225 28 2 —I
1183 1225 27 2 —1
1245 1214 12 20 51
1293 1214 12 20 21
1345 1214 24 19 171
1394 1214 133 20 269124:87
1533 1210 22 34 |
1559 1214 33 20 24:
1604 1216 23 18 97

980 1451 27 20 48)
1048 1463 28 2 —
1084 1447 18 36 |
1107 1451 103 20 1441238]
1246 1451 12 21 51
1293 1451 13 21 21
1358 1451 12 20 3)
1408 1463 28 3 —J]
1473 1452 55 20 7:20]
1574 1452 54 20 7:55

990 1488 8 13 »
1048 1493 28 2 —
1079 1476 22 35 |
1119 1493 27 2 —|
1170 1480 40 20 2471
1246 1481 12 20 51
1293 1482 13 19 2
1358 1481 12 20 61
1408 1493 28 3 —IJ
1473 1482 55 20 8:15
1530 1477 26 34 |
1573 1482 19 20 8:
1604 1482 39 19 22dj

990 1547 9 13 »
1007 1536 22 34 |
1048 1552 28 3 —]
1119 1540 91 20 —I1|1781
1246 1541 12 20 51
1293 1541 13 19 2
1358 1540 78 21 9
1473 1541 55 20 hosted
1573 1541 55 20 9:78

991 1606 8 13 »
1008 1595 23 35 |
1048 1599 98 20 —]148]
1171 1599 40 20 242]
1246 1600 12 20 51
1293 1600 13 20 21
1346 1600 24 20 131]
1408 1600 120 20 —LJ11:47
1536 1595 18 35 |
1562 1600 30 20 13:
1604 1600 39 20 96d

991 1636 8 13 »
1049 1641 27 2 —
1081 1625 18 34 I
1120 1641 27 3 —J|
1185 1629 26 19 681
1246 1630 12 19 91
1293 1630 13 19 21
1346 1629 24 20 171
1409 1629 119 20 91111:20
1533 1625 22 34 |
1562 1630 66 20 11:85

991 1754 8 13 »
1008 1743 28 35 I
1049 1759 28 3 —I
1121 1747 25 20 66)
1198 1747 13 20 41
1246 1748 13 20 51
1294 1748 12 20 21
1345 1748 23 20 211
1409 1748 84 20 —J16:
1506 1748 37 20 13d]
1562 1748 31 20 16:
1605 1748 38 20 58d

1108 1777 38 20 147
1147 1773 19 35 |
1173 1777 38 20 119

1171 1806 40 21 239

992 1844 8 12 »
1009 1832 19 35 |
1038 1837 38 20 140
1082 1832 22 35 |
1107 1836 38 21 281
1171 1836 40 21 1436]
1247 1837 12 20 51
1294 1837 13 20 21
1345 1837 26 20 241
1396 1837 97 20 270122:
1505 1838 39 19 48d|
1561 1838 32 19 22:
1605 1838 39 19 67d

1107 1867 40 20 332
1145 1862 22 34 |
1171 1866 41 20 492

1107 1896 40 21 333
1148 1892 19 35 |
1171 1896 40 20 495

1107 1926 40 20 334

1107 1956 40 20 335
