1855 2361
169 151 42 34 136
905 161 136 15 SAKREGISTER

187 438 178 28 Avskrivningar
382 439 37 21 och
435 438 127 28 eftergifter.

189 475 10 15 4
216 469 72 21 KM:ts
312 469 85 27 förslag,
422 472 31 18 att
475 470 38 20 RD
537 470 66 20 måtte
626 469 104 27 medgiva,
756 472 31 18 att
810 470 55 20 förre
884 470 141 20 länsmännen

232 500 24 19 A.
274 499 24 21 O.
315 500 85 26 Ryman
416 500 40 20 och
472 500 24 20 A.
514 500 71 20 Welin
600 501 42 23 må,
659 502 52 18 utan
726 500 123 27 skyldighet
859 501 32 19 att
901 500 34 20 till
944 500 81 20 kronan

232 529 84 27 erlägga
331 529 137 25 skadestånd,
484 529 41 21 den
543 529 27 21 14
584 536 56 14 mars
653 530 57 20 1924
720 530 110 20 frånträda
840 529 42 21 den
892 530 56 20 förre
958 536 67 14 arren-

232 559 36 21 det
283 566 27 14 av
325 560 198 26 kronoegendomen
541 559 27 28 !/,
585 560 81 20 mantal
681 555 52 25 Årla
743 567 25 13 nr
780 560 10 20 1
803 560 7 20 i
821 560 117 20 Sköllersta
948 560 77 20 socken

231 590 41 20 och
288 589 41 21 den
345 596 73 14 senare
434 589 98 21 arrendet
546 596 27 14 av
588 590 199 29 kronoegendomen
804 588 27 29 1/,
848 590 81 20 mantal
946 589 81 21 Kumla

232 626 26 14 nr
268 620 14 19 4
293 620 7 20 i
311 619 95 21 nämnda
417 620 83 24 socken,
512 620 55 20 båda
577 620 156 26 egendomarna
747 621 7 19 i
771 616 78 24 Örebro
865 620 42 24 län,
924 619 101 21 förfaller.

190 679 9 14 5
217 674 38 20 RD
274 673 114 27 medgiver,
408 675 32 19 att
458 674 36 20 vid
513 674 141 20 riksbankens
673 674 202 26 avdelningskontor
894 674 7 20 i
920 674 107 25 Göteborg

233 704 36 20 må
284 705 71 19 såsom
371 704 76 20 osäkra
462 704 119 26 fordringar
596 710 26 14 ur
637 704 172 26 räkenskaperna
824 704 109 21 avskrivas
944 710 38 14 sex
993 710 32 14 av-

232 734 158 26 betalningslån
406 735 12 19 å
429 734 91 26 tillhopa
537 733 63 21 1666
618 734 30 20 kr.
666 734 28 20 84
710 736 41 18 öre.

190 798 10 15 6
217 794 38 19 RD
271 793 116 27 medgiver,
407 795 32 19 att
456 794 132 26 kaptenerna
608 794 22 20 C.
651 794 25 19 A.
696 793 119 26 Rehnberg,
835 793 21 20 S.
872 794 110 26 Hallberg,
998 794 26 20 Y.

232 823 85 27 Björck,
336 824 26 19 H.
379 824 25 19 A.
421 824 24 20 R.
463 823 98 21 Schmidt
575 824 40 20 och
631 824 23 20 T.
672 824 22 19 B.
707 824 65 20 Evers
783 824 36 19 må
830 823 78 21 befrias
918 824 48 20 från
976 823 48 21 dem

232 853 88 27 jämlikt
335 853 181 26 krigshovrättens
532 853 70 26 utslag
621 853 41 20 den
683 853 26 20 10
729 860 54 19 resp.
800 853 41 20 den
862 853 26 20 15
908 853 43 21 okt.
969 853 56 20 1919

232 883 112 26 åliggande
360 883 123 27 skyldighet
498 885 32 18 att
545 883 33 21 till
590 883 127 21 statsverket
727 883 79 26 utgiva,
818 883 112 26 Rehnberg
941 883 41 20 527
995 883 31 20 kr.

233 913 27 20 98
272 915 41 23 öre,
325 913 104 26 Hallberg
440 913 42 20 886
494 913 31 21 kr.
536 913 26 20 12
574 915 41 22 öre,
626 913 79 26 Björck
718 913 9 20 1
738 913 42 20 038
792 913 30 20 kr.
836 912 26 21 31
875 915 41 22 öre,
928 913 99 20 Schmidt

233 943 41 20 531
292 943 31 20 kr.
342 943 27 20 92
386 945 35 18 öre
437 943 39 20 och
492 943 66 20 Evers
575 943 43 20 214
634 943 30 20 kr.
683 943 27 20 50
722 945 41 23 öre,
775 945 57 18 samt
842 945 32 18 att
884 943 142 20 omförmälda

232 973 78 27 belopp
326 973 36 20 må
377 980 26 13 ur
418 973 171 26 räkenskaperna
605 973 115 20 avskrivas.

191 1037 7 16 1
218 1033 38 20 RD
272 1033 115 26 medgiver,
404 1035 31 18 att
451 1033 36 20 det
502 1039 26 14 av
544 1033 211 26 rederiaktiebolaget
770 1033 95 20 Gottfrid
881 1032 41 21 den
940 1033 27 20 18
978 1039 47 19 aug.

233 1062 57 20 1922
308 1062 131 21 beträffande
455 1062 57 21 vissa
527 1062 93 20 kronans
635 1062 120 26 fordringar
773 1062 135 21 framställda
926 1062 101 26 förslaget

232 1092 34 20 till
282 1092 127 26 uppgörelse
424 1092 50 20 med
490 1092 46 20 däri
549 1099 26 13 av
588 1092 84 26 bolaget
682 1092 41 20 den
736 1092 12 20 2
759 1092 39 20 och
810 1092 42 20 den
863 1092 13 20 4
887 1092 44 20 dec.
944 1099 83 13 samma

233 1123 23 19 år
271 1122 101 26 vidtagna
387 1122 138 27 jämkningar
540 1123 36 19 må
591 1122 33 20 för
639 1122 92 20 kronans
747 1122 35 20 del
797 1122 130 26 godkännas.

190 1186 9 15 2
217 1181 38 20 RD
278 1181 109 27 medgiver
410 1183 32 19 att
464 1181 214 27 expeditionsvakten
701 1182 24 20 E.
743 1182 25 20 G.
792 1181 123 21 Andersson
938 1182 36 20 må
993 1182 33 20 be-

232 1211 52 20 frias
305 1212 49 20 från
375 1213 31 19 att
429 1212 34 20 till
482 1211 122 27 postverket
622 1211 107 27 återgälda
748 1211 36 21 det
800 1211 77 26 belopp
893 1218 27 13 av
936 1211 42 20 860
994 1211 31 20 kr.

233 1241 27 20 25
278 1243 41 22 öre,
336 1247 47 15 som
399 1242 122 26 postverket
536 1242 78 25 utgivit
629 1242 70 20 såsom
710 1241 126 26 gottgörelse
846 1241 33 20 för
890 1241 72 26 skada,
974 1248 52 20 upp-

232 1271 103 21 kommen
350 1271 37 21 vid
403 1271 195 26 sammanstötning
608 1271 41 20 den
661 1272 12 19 3
685 1272 44 26 maj
743 1271 56 20 1920
810 1271 7 20 i
829 1271 107 26 Göteborg
946 1271 80 20 mellan

233 1307 26 14 en
282 1301 123 26 postverket
427 1301 102 26 tillhörig,
553 1308 26 13 av
603 1301 122 20 Andersson
744 1301 47 20 förd
810 1301 119 20 automobil
945 1301 39 20 och
1000 1307 26 14 en

232 1337 72 14 annan
327 1331 129 24 automobil;
480 1333 32 18 att
535 1331 65 20 förste
620 1331 129 26 postiljonen
774 1331 21 20 C.
812 1331 25 19 A.
861 1330 110 21 Anderson
991 1331 36 20 må

233 1361 78 20 befrias
326 1361 48 20 från
390 1361 80 20 honom
486 1361 111 26 åliggande
613 1360 123 27 skyldighet
752 1362 31 19 att
798 1360 34 20 till
843 1360 120 27 postverket
975 1361 50 20 åter-

232 1390 63 26 gälda
318 1391 12 20 å
352 1391 111 20 Anderson
487 1390 118 27 belöpande
632 1390 63 21 andel
718 1397 26 14 av
767 1390 26 20 de
817 1390 147 21 skadestånds-
987 1391 39 20 och

233 1420 206 27 ersättningsbelopp
456 1427 34 13 om
507 1421 92 26 tillhopa
614 1420 14 20 4
638 1420 41 20 753
696 1420 31 20 kr.
745 1420 28 20 52
789 1422 41 22 öre,
848 1427 46 14 som
905 1420 122 26 postverket

232 1450 8 20 i
263 1450 116 26 anledning
401 1457 26 14 av
450 1450 72 21 KM:ts
545 1450 50 21 dom
618 1450 41 20 den
684 1450 25 20 11
735 1457 47 19 aug.
803 1449 55 21 1921
885 1450 87 25 utgivit;
996 1451 31 19 att

232 1480 174 26 hjälpmontören
421 1480 28 21 K.
465 1480 25 20 E.
507 1480 77 26 Sigurd
600 1480 36 20 må
652 1480 78 20 befrias
745 1480 48 20 från
809 1481 32 19 att
855 1480 34 20 till
905 1480 122 26 postverket

232 1510 108 26 återgälda
356 1510 35 21 det
407 1517 26 14 av
449 1510 122 26 postverket
582 1510 122 20 utbetalade
715 1509 220 27 skadeståndsbelopp
946 1516 26 14 av
984 1509 42 21 350

232 1540 39 24 kr,
288 1546 46 14 som
351 1540 76 26 Sigurd
443 1540 88 27 jämlikt
547 1540 54 20 Svea
616 1540 96 20 hovrätts
727 1540 71 26 utslag
813 1540 41 20 den
870 1540 25 20 31
909 1546 47 19 aug.
969 1539 56 21 1922

232 1570 67 26 ålagts
315 1572 32 18 att
362 1571 81 25 utgiva;
460 1572 57 18 samt
533 1572 31 19 att
579 1570 26 20 de
622 1570 83 26 belopp,
722 1570 46 20 från
788 1569 69 21 vilkas
872 1569 105 27 gäldande
993 1570 33 20 be-

232 1600 73 20 mälda
327 1600 24 20 E.
369 1600 23 21 G.
417 1600 129 25 Andersson,
571 1600 21 20 C.
610 1600 25 20 A.
656 1600 111 20 Anderson
785 1600 40 20 och
842 1599 77 26 Sigurd
937 1599 90 21 sålunda

234 1630 85 25 befrias,
336 1631 36 19 må
386 1637 26 13 ur
427 1630 133 26 postverkets
577 1629 143 27 räkenskaper
735 1630 116 20 avskrivas.

189 1688 10 16 3
216 1683 38 20 RD
270 1683 109 27 medgiver
394 1685 32 19 att
443 1683 65 21 förste
524 1685 140 25 styrmannen
680 1684 13 19 å
708 1683 112 27 ångfärjan
839 1683 104 20 >Malmö»
963 1683 22 20 T.
1000 1683 25 20 E.

232 1713 104 26 Berggren
352 1714 36 19 må
403 1713 78 20 befrias
497 1713 47 20 från
560 1713 80 20 honom
656 1713 88 26 jämlikt
759 1713 123 20 hovrättens
896 1715 49 18 över
956 1713 70 20 Skåne

231 1743 40 20 och
290 1743 102 26 Blekinge
411 1743 71 26 utslag
501 1743 41 20 den
559 1743 12 20 9
588 1745 52 24 sept.
660 1743 55 20 1921
732 1742 111 27 åliggande
857 1742 123 27 skyldighet
995 1745 32 18 att

231 1773 73 26 utgiva
323 1773 117 26 ersättning
458 1773 34 20 till
511 1775 80 18 statens
606 1773 113 26 järnvägar
738 1772 50 21 med
807 1773 27 19 45
845 1772 41 20 705
904 1772 31 20 kr.
952 1772 13 20 4
981 1774 44 22 öre;

232 1805 56 18 samt
306 1805 32 18 att
355 1802 161 27 ifrågavarande
533 1803 77 26 belopp
627 1803 36 20 må
678 1809 26 14 ur
719 1804 80 19 statens
814 1803 123 26 järnvägars
953 1802 72 20 räken-

232 1832 76 27 skaper
317 1832 123 21 avskrivas.

189 1890 9 15 4
216 1886 39 20 RD
271 1886 115 26 medgiver,
403 1888 31 18 att
449 1886 76 20 osäkra
540 1885 120 27 fordringar
675 1886 37 20 vid
722 1885 141 21 riksbankens
875 1885 152 21 huvudkontor

231 1916 36 20 må
286 1922 25 14 ur
330 1916 172 26 räkenskaperna
520 1915 109 21 avskrivas
648 1916 34 20 till
701 1918 31 18 ett
748 1915 143 26 sammanlagt
906 1915 78 27 belopp
1001 1922 25 13 av

233 1945 41 20 117
285 1945 42 21 305
344 1946 31 19 kr.
393 1945 27 21 87
437 1947 41 19 öre.

189 2005 9 14 5
216 1999 38 20 RD
270 1999 115 26 medgiver,
402 2001 31 18 att
448 1999 75 20 fröken
539 1999 45 20 Eva
600 1999 88 26 Elfving
704 2000 36 19 må
756 1999 77 20 befrias
844 1999 48 20 från
904 1998 123 27 skyldighet

232 2031 31 18 att
278 2029 34 20 till
328 2029 123 27 postverket
466 2029 95 20 inbetala
577 2031 30 18 ett
623 2029 77 26 belopp
715 2036 26 14 av
753 2028 42 21 600
807 2029 39 26 kr.,
858 2028 116 26 utgörande
985 2028 41 20 den

232 2061 59 18 ännu
306 2059 47 20 icke
369 2059 90 26 gäldade
474 2059 64 21 delen
555 2065 26 15 av
597 2065 26 14 en
639 2059 54 20 brist
707 2066 35 13 om
760 2058 64 21 1000
841 2058 39 27 kr.,
897 2065 46 14 som
959 2058 68 20 under

1129 224 27 31 a
1499 230 52 18 Riks-

1062 254 17 26 2
1115 253 36 29 lg
1215 278 4 3 ä
1319 244 107 41 Utskotts-
1488 253 73 33 dagens
1618 260 118 18 Kamrarnas

1062 285 17 11 x
1092 274 21 31 |
1116 280 41 14 ==
1173 278 95 17 [Motioner
1307 274 124 31 utlåtanden
1513 290 28 17 be
1603 290 96 18 förhandli

1062 301 12 9 a
1116 299 41 20 AS
1306 308 36 17 ler
1354 308 99 17 memorial
1503 295 9 12 SS
1612 295 61 12 SES

1055 311 24 35 Sr
1116 311 41 33 22
1291 309 14 36 Så
1484 316 74 29 velser

1057 346 17 24 3
1116 343 39 29 25
1288 368 17 11 -

1062 374 18 12 >
1116 371 35 12 lag
1330 374 16 15 >
1443 376 18 18 2
1462 370 19 29 I
1497 385 11 8 Z
1522 370 19 29 |
1545 376 17 17 2)
1592 374 68 17 Första
1665 370 23 29 |
1693 374 66 17 Andra

1063 390 11 9 :
1124 384 27 40 8
1176 386 88 17 EA
1288 381 17 43 E
1330 391 17 31 å
1388 381 9 45 Zz
1443 396 18 25 >
1498 385 16 27 é
1545 396 17 24 &
1565 392 7 33 |]
1589 398 70 17 kamm.
1666 392 18 33 |
1685 398 76 17 'kamm.

1042 470 55 20 19221
1114 470 42 20 184
1280 470 25 20 10
1384 470 27 20 36
1484 466 42 34 240
1592 470 34 20 31:
1630 466 31 34 1d
1664 466 18 34 |
1687 466 34 34 35:
1732 466 41 34 19dj

1385 500 38 31 571
1592 500 54 20 40:3
1686 500 54 20 |47:1

1422 543 2 9 |

1422 637 2 25 |

1064 682 9 10 >
1293 674 13 20 8
1385 674 25 20 61
1423 664 1 33 |
1593 673 54 20 39:2
1655 660 29 46 |
1694 673 69 21 46:68

1064 802 8 10 »
1089 789 22 34 I
1121 794 27 20 26
1294 794 12 20 6
1337 793 75 21 -ERN02
1485 794 41 20 283
1592 793 54 20 40:3
1655 788 28 35 |
1693 793 70 20 47:16

1423 858 2 15 I

1423 876 2 13 |

1220 908 2 2 I
1423 893 2 13 I

1220 913 2 33 |
1423 923 2 24 |

1221 947 1 16 I

1220 990 2 23 I

1041 1023 73 44 1923]
1128 1033 12 20 8
1220 1026 2 22 |
1294 1030 118 23 6ELKI2
1501 1033 26 20 18]
1594 1032 54 20 2084]

1423 1155 2 22 I

1064 1189 8 11 >»
1084 1177 27 35 |
1120 1182 27 20 42
1294 1181 11 20 6|
1336 1181 11 20 11
1385 1180 27 20 221
1460 1186 6 15 il
1499 1181 28 20 48)
1552 1186 9 15 51
1594 1180 69 20 14:24
1666 1176 14 35 |
1696 1180 68 21 14:86

1117 1217 32 22 pr

1479 1642 2 11 |

1065 1690 8 10 >
1091 1678 20 32 |
1120 1682 27 20 42
1294 1682 12 20 6|
1337 1681 10 20 1|
1385 1682 27 19 221
1459 1687 10 15 Bl
1499 1681 28 20 48)
1552 1687 9 15 6)
1594 1681 68 20 14:24]
1696 1681 67 21 14:86

1118 1717 33 22 p.2

1166 1792 109 73 då

1065 1892 7 11 >
1166 1877 2 34 |
1274 1856 28 54 ls
1386 1884 26 19 13
1594 1883 68 21 17:32
1663 1874 22 42 |
1695 1883 69 20 18:10

1166 1912 2 19 I
1274 1912 1 22 I

1274 1939 2 43 |

1065 2006 8 10 >
1082 1982 30 48 1
1128 1997 27 21 99
1274 1984 32 33 6)
1337 1997 23 20 11
1386 1998 27 19 50)
1488 1997 39 20 110)
1560 1980 20 50 |
1593 1997 69 20 27:35]
1695 1996 69 21 26:28
