1804 2338
135 74 37 33 158
820 78 222 20 SAKREGISTER

153 264 274 25 Bostadsproduktionen

198 294 40 20 het
251 294 40 20 150
301 294 42 20 000
353 294 42 21 000
407 294 42 24 kr.,
461 294 116 25 medgiver
589 295 33 20 att
633 294 151 26 preliminära
794 294 77 21 beslut
882 300 38 14 om
931 294 46 24 lån,
988 300 50 14 som

198 323 60 21 skall
270 324 56 25 utgå
337 323 53 21 från
402 324 105 25 anslaget
518 324 35 20 till
564 324 133 25 tilläggslån
709 324 34 20 till
755 324 47 20 viss
813 324 226 25 bostadsbyggnads-

197 353 157 24 verksamhet,
366 353 38 20 må
415 353 36 20 för
462 353 137 26 budgetåret
611 354 90 20 1954/55
713 353 117 21 meddelas
840 354 61 20 intill
912 354 33 20 ett
955 353 84 26 belopp

199 389 28 14 av
238 383 41 20 167
289 383 41 21 000
340 383 42 21 000
393 383 42 24 kr.,
445 383 94 21 anvisar
548 383 35 20 till
595 383 38 20 lån
643 384 35 20 till
688 383 147 25 uppförande
845 383 44 21 och
899 383 141 25 förbättring

198 419 28 14 av
238 413 254 20 lantarbetarbostäder
504 413 40 20 100
556 413 42 24 kr.,
609 413 34 20 till
656 413 37 20 lån
704 413 35 21 till
751 413 151 21 anordnande
913 419 28 15 av
952 413 87 20 kollek-

198 443 48 20 tiva
258 443 120 20 tvätterier
392 443 62 20 1500
464 443 41 20 000
518 443 42 24 kr.,
573 443 34 20 till
621 443 139 20 lånefonden
774 443 36 20 för
822 443 217 26 bostadsbyggande

199 472 41 21 100
250 472 41 21 000
301 472 42 21 000
355 473 42 23 kr.,
409 473 34 20 till
456 473 132 25 tilläggslån
600 473 34 20 till
646 473 46 20 viss
704 473 335 25 bostadsbyggnadsverksam-

198 502 40 20 het
248 502 27 21 68
285 502 42 21 000
336 502 43 21 000
389 502 35 21 kr.
435 504 60 19 samt
505 503 35 20 till
551 502 38 21 lån
600 503 34 20 till
645 503 151 20 anordnande
807 509 28 14 av
844 503 127 20 kollektiva
980 503 59 20 tvät-

198 532 70 20 terier
282 532 42 20 375
333 532 42 20 000
389 532 45 24 kr.;
450 532 43 20 och
507 532 94 20 anvisar
615 532 38 20 RD
667 533 36 19 till
716 532 221 26 bostadsstyrelsen:
952 533 35 20 till
1001 538 38 15 av-

197 561 108 26 löningar
324 561 63 21 3602
397 562 42 20 500
459 562 34 20 kr.
512 563 61 19 samt
592 562 34 20 till
645 562 167 20 omkostnader
831 562 41 20 555
882 562 42 21 000
943 562 42 24 kr.,
1003 562 35 21 till

198 591 306 21 länsbostadsnämnderna:
515 592 35 20 till
560 592 137 25 avlöningar
706 592 12 20 2
728 592 42 20 690
780 592 42 21 000
832 592 34 20 kr.
876 593 61 20 samt
946 592 35 21 till
991 598 48 14 om-

198 621 127 20 kostnader
334 621 41 21 662
385 621 42 21 000
436 621 35 21 kr.

170 686 7 14 1
198 680 39 21 RD
253 681 124 25 medgiver,
392 682 34 19 att
440 682 74 19 under
528 681 136 25 budgetåret
680 681 103 21 1954:55
798 681 151 26 preliminära
962 681 77 21 beslut

197 716 38 14 om
247 710 46 24 lån,
305 717 50 14 som
366 711 60 20 skall
437 711 55 25 utgå
503 711 53 21 från
567 711 141 21 lånefonden
719 711 37 20 för
765 711 224 26 bostadsbyggande,
1000 711 38 21 må

197 741 119 20 meddelas
332 741 61 20 intill
410 742 32 19 ett
459 741 83 25 belopp
559 747 28 14 av
604 741 41 20 750
655 741 42 20 000
707 741 41 20 000
765 741 35 21 kr.
816 742 62 20 samt
893 741 94 21 anvisar
1003 741 34 21 till

198 770 142 21 lånefonden
351 770 36 20 för
398 770 217 26 bostadsbyggande
626 770 13 21 å
650 771 140 25 tilläggsstat
801 771 21 20 II
832 771 27 20 95
869 771 42 20 000
921 771 41 20 000
974 771 34 20 kr.

169 805 9 15 2
197 800 39 20 RD
254 800 124 25 medgiver,
395 801 34 19 att
445 800 74 20 under
534 800 137 25 budgetåret
689 800 90 21 1954/55
796 800 150 25 preliminära
962 800 76 21 beslut

197 836 39 14 om
250 829 46 25 lån,
310 836 50 14 som
374 830 59 20 skall
446 829 56 26 utgå
515 829 53 21 från
581 830 105 25 anslaget
698 830 35 20 till
747 830 132 26 tilläggslån
892 830 35 21 till
940 830 47 21 viss
1000 830 38 21 bo-

197 859 343 26 stadsbyggnadsverksamhet,
564 860 38 20 må
625 860 118 20 meddelas
765 860 61 20 intill
849 861 33 20 ett
904 860 85 26 belopp
1010 866 28 15 av

197 889 41 21 227
249 889 41 21 000
301 890 41 20 000
354 889 35 21 kr.

168 925 10 14 3
197 919 39 20 RD
247 919 94 20 anvisar
350 919 35 20 till
395 919 291 25 kapitalmedelsförluster
695 920 43 20 och
748 919 197 26 ränteeftergifter
954 920 13 20 å
976 920 62 20 vissa

196 949 257 25 bostadsbyggnadslån
463 949 27 21 25
500 949 41 20 000
551 949 42 20 000
603 949 42 24 kr.,
654 949 35 21 till
699 949 199 21 bostadsrabatter
907 949 28 21 85
944 949 42 21 000
996 949 42 21 000

197 979 42 23 kr.,
251 979 35 20 till
298 978 82 26 bidrag
391 979 34 20 till
438 979 46 20 viss
496 979 400 25 bostadsförbättringsverksamhet
908 979 27 21 30
944 979 42 21 000
996 979 42 21 000

198 1008 44 23 kr.;
260 1008 44 20 och
320 1008 117 25 medgiver
454 1008 38 21 RD
509 1010 34 19 att
559 1009 74 20 under
648 1009 137 25 budgetåret
803 1009 90 21 1955/56
908 1009 77 21 beslut
1000 1015 38 15 om

196 1037 82 25 bidrag
294 1038 34 19 till
344 1037 134 21 inrättande
493 1044 28 14 av
536 1038 193 25 pensionärshem
744 1038 38 20 må
797 1038 118 21 meddelas
929 1038 61 21 intill
1006 1039 32 20 ett

197 1068 84 25 belopp
292 1075 29 13 av
333 1068 26 20 10
369 1068 42 21 000
420 1068 42 21 000
474 1069 45 23 kr.;
531 1068 43 20 och
586 1068 93 21 anvisar
690 1068 40 21 RD
741 1069 35 20 till
787 1068 82 26 bidrag
879 1068 35 21 till
925 1069 114 20 inrättan-

197 1098 28 20 de
236 1104 28 14 av
274 1098 193 25 pensionärshem
478 1098 41 20 100
530 1098 42 23 kr.,
582 1098 43 20 och
635 1098 35 20 till
680 1098 82 25 bidrag
772 1098 35 20 till
817 1098 47 20 viss
874 1098 165 25 upplysnings-

197 1128 150 20 verksamhet
361 1128 44 20 rör.
419 1128 231 25 byggnadstekniska
664 1127 78 26 frågor
757 1128 41 20 100
811 1128 43 24 kr.,
867 1128 124 25 medgiver,
1004 1128 35 20 att

197 1157 75 20 under
285 1157 137 25 budgetåret
436 1157 91 20 1955/56
540 1157 151 25 preliminära
702 1157 78 21 beslut
792 1162 51 21 ang.
856 1157 47 24 lån,
915 1163 51 15 som
978 1157 60 21 skall

197 1186 55 26 utgå
269 1186 53 20 från
339 1186 141 21 lånefonden
497 1186 36 20 för
549 1186 224 26 bostadsbyggande,
790 1187 38 20 må
843 1187 118 21 meddelas
977 1187 61 20 intill

197 1217 33 19 ett
240 1216 84 25 belopp
336 1222 28 14 av
375 1216 42 20 650
426 1216 42 20 000
478 1216 41 20 000
532 1216 41 24 kr.,
585 1216 93 21 anvisar
688 1217 35 20 till
735 1216 141 21 lånefonden
887 1216 36 21 för
933 1216 106 21 bostads-

197 1245 120 25 byggande
329 1245 42 21 490
380 1245 42 21 000
432 1246 42 20 000
485 1246 42 23 kr.,
538 1246 43 20 och
592 1246 35 20 till
639 1246 140 20 lånefonden
791 1246 36 20 för
838 1246 201 21 maskinanskaff-

197 1275 56 25 ning
264 1275 64 20 inom
339 1275 253 25 byggnadsindustrien
605 1276 9 19 1
626 1275 41 20 000
678 1275 41 21 000
731 1276 42 23 kr.,
784 1276 124 25 medgiver,
920 1277 35 20 att
964 1276 75 20 under

197 1304 137 25 budgetåret
351 1305 91 20 1955/56
458 1305 150 24 preliminära
624 1305 76 21 beslut
715 1310 51 21 ang.
782 1305 46 24 lån,
843 1311 51 15 som
909 1305 59 21 skall
984 1305 55 26 utgå

197 1334 53 20 från
268 1335 105 25 anslaget
389 1334 35 21 till
440 1334 133 26 tilläggslån
589 1335 34 20 till
640 1335 47 20 viss
703 1335 336 26 bostadsbyggnadsverksam-

198 1364 46 23 het,
257 1364 38 20 må
307 1364 117 20 meddelas
437 1364 60 20 intill
509 1366 33 19 ett
553 1364 84 26 belopp
648 1371 29 14 av
689 1364 41 21 140
739 1365 42 20 000
790 1365 42 20 000
844 1365 43 24 kr.,
898 1365 94 21 anvisar
1003 1365 35 20 till

197 1394 133 25 tilläggslån
344 1394 35 20 till
394 1394 47 20 viss
455 1394 368 25 bostadsbyggnadsverksamhet
836 1394 42 21 210
888 1394 42 21 000
940 1394 41 21 000
996 1395 42 23 kr.,

197 1423 124 25 medgiver,
338 1424 35 20 att
389 1423 132 21 räntefoten
538 1423 37 21 för
592 1424 286 24 lantarbetarbostadslån,
895 1424 63 21 vilka
974 1424 65 21 kom-

197 1459 49 14 mer
263 1454 34 19 att
312 1453 98 25 beviljas
426 1453 74 20 under
515 1453 137 25 budgetåret
669 1453 98 24 1955/56,
782 1453 141 22 bestämmes
937 1454 36 21 till
989 1454 47 24 3,25

198 1484 103 23 procent,
315 1483 93 20 anvisar
421 1483 35 20 till
470 1483 38 20 lån
521 1483 35 20 till
569 1483 148 25 uppförande
729 1484 44 20 och
786 1483 141 26 förbättring
939 1490 28 14 av
980 1484 58 20 lant-

197 1512 203 21 arbetarbostäder
418 1512 41 21 100
477 1513 42 23 kr.,
536 1513 35 20 till
590 1512 38 21 lån
646 1513 34 20 till
698 1513 152 21 anordnande
867 1519 28 15 av
912 1513 126 21 kollektiva

198 1542 120 20 tvätterier
333 1542 41 20 100
388 1542 42 24 kr.,
444 1542 35 20 till
493 1542 151 25 avskrivning
657 1548 29 15 av
699 1549 46 19 nya
758 1543 260 25 kapitalinvesteringar
1031 1543 7 20 i

198 1571 141 21 lånefonden
352 1571 37 20 för
400 1571 217 26 bostadsbyggande
630 1572 40 20 122
680 1572 42 20 500
732 1572 41 21 000
786 1573 42 23 kr.,
840 1573 35 20 till
888 1573 151 25 avskrivning

198 1607 28 14 av
238 1601 134 25 oreglerade
385 1601 291 25 kapitalmedelsförluster
688 1602 42 20 228
740 1602 42 20 500
791 1602 42 21 000
847 1602 45 24 kr.;
905 1602 44 21 och
962 1602 77 21 avslår

198 1630 39 20 RD
250 1631 7 19 i
270 1631 115 20 motioner
398 1630 126 21 framställt
536 1631 106 25 yrkande
653 1632 45 20 rör.
710 1632 98 25 översyn
821 1638 28 14 av
860 1632 179 25 bostadsstyrel-

197 1666 53 14 sens
270 1660 159 25 organisation
449 1661 60 20 samt
528 1661 94 20 anvisar
640 1661 35 20 till
694 1661 209 26 bostadsstyrelen:
923 1662 35 20 till
977 1662 62 20 avlö-

197 1690 84 25 nnigar
295 1690 13 20 3
317 1690 41 20 671
369 1690 41 20 400
426 1690 34 20 kr.
475 1690 43 20 och
532 1690 35 20 till
582 1691 167 20 omkostnader
763 1691 42 20 555
814 1691 42 21 000
871 1691 42 24 kr.,
927 1691 36 21 till
977 1692 61 20 läns-

197 1719 253 21 bostadsnämnderna:
464 1720 35 20 till
512 1720 136 25 avlöningar
660 1720 12 20 2
681 1720 42 21 905
733 1720 42 21 000
787 1721 35 20 kr.
834 1721 43 20 och
889 1721 35 20 till
936 1721 102 21 omkost-

197 1749 72 20 nader
279 1749 41 20 677
331 1749 42 20 000
383 1749 34 20 kr.

170 1808 6 13 1
197 1802 39 20 RD
253 1802 124 26 medgiver,
394 1804 35 19 att
444 1803 74 20 under
534 1803 137 25 budgetåret
688 1803 91 22 1955/56
795 1804 152 25 preliminära
962 1804 77 21 beslut

196 1838 39 14 om
246 1832 46 24 lån,
304 1838 50 14 som
365 1832 59 21 skall
435 1833 56 25 utgå
502 1833 53 20 från
566 1833 141 20 lånefonden
718 1833 37 20 för
765 1833 224 26 bostadsbyggande,
1000 1833 38 21 må

197 1862 118 20 meddelas
332 1862 60 20 intill
410 1863 33 19 ett
458 1862 84 26 belopp
559 1868 28 15 av
604 1863 40 20 770
655 1863 41 20 000
706 1863 42 21 000
765 1863 34 21 kr.
816 1865 61 19 samt
893 1864 94 20 anvisar
1003 1863 35 21 till

198 1891 141 21 lånefonden
352 1892 37 20 för
402 1892 217 26 bostadsbyggande
632 1892 13 21 å
658 1893 140 25 tilläggsstat
811 1893 20 21 II
844 1893 43 21 250
896 1893 42 21 000
948 1893 42 21 000
1003 1893 35 21 kr.

169 1927 9 15 2
197 1922 39 20 RD
253 1922 125 25 medgiver,
394 1923 34 19 att
444 1922 75 20 under
534 1922 137 25 budgetåret
688 1922 91 22 1955/56
795 1923 152 25 preliminära
962 1923 77 21 beslut

197 1957 38 14 om
249 1951 46 24 lån,
309 1957 50 14 som
373 1951 59 21 skall
446 1952 55 25 utgå
514 1952 54 19 från
581 1952 105 25 anslaget
698 1952 35 20 till
746 1952 134 26 tilläggslån
891 1953 36 20 till
940 1953 47 20 viss
999 1953 39 20 bo-

197 1981 343 25 stadsbyggnadsverksamhet,
564 1981 38 20 må
626 1982 117 20 meddelas
765 1982 61 20 intill
849 1983 33 20 ett
904 1982 84 26 belopp
1011 1989 28 14 av

200 2011 40 20 165
250 2011 42 20 000
301 2010 42 21 000
355 2011 35 20 kr.
402 2012 61 19 samt
474 2011 94 20 anvisar
578 2011 35 20 till
625 2011 132 25 tilläggslån
768 2012 35 20 till
815 2012 47 20 viss
873 2012 166 26 bostadsbygg-

197 2040 210 21 nadsverksamhet
417 2040 12 20 å
439 2041 140 25 tilläggsstat
589 2041 19 20 II
618 2041 27 20 53
656 2041 41 20 000
707 2041 41 20 000
759 2042 34 20 kr.

1185 166 98 31 Motioner
1337 166 82 31 Utskott
1468 166 57 37 Skriv.
1584 170 92 17 Protokoll

1061 191 25 20 År
1085 187 16 32 |
1108 195 53 20 Prop.

1191 224 30 17 FK
1223 219 24 32 |
1256 224 32 17 AK
1309 223 86 18 [SmllAvd!
1419 224 26 17 Nr
1565 224 30 17 FK
1664 224 32 16 AK

1063 682 30 22 551
1109 684 117 21 2:101221
1250 684 44 20 1286]
1334 684 13 20 6)
1370 696 26 3 —|
1427 684 27 21 161
1491 684 28 21 65]
1549 684 77 21 4:115d]
1650 684 12 20 5:
1698 684 29 20 4d

1133 719 7 15 1
1444 719 10 15 3

1062 801 30 22 551
1108 803 52 21 2:10
1184 803 42 21 ]221
1249 803 44 20 1286]
1333 803 14 21 6)
1369 815 26 3 —I
1425 803 28 21 16]
1490 803 28 21 561
1548 803 77 21 4:116d]
1648 803 13 20 5:
1697 803 29 20 8d

1131 837 10 16 2
1443 837 11 17 5

1061 921 30 22 551
1109 923 35 20 1:7
1185 922 43 21 11191)
1265 922 28 21 781
1333 922 14 21 6)
1369 922 200 22 —|1501328121:
1596 922 74 21 -4dl21:
1686 922 41 20 72d

1100 957 70 16 57—651
1185 953 43 20 219
1233 948 14 36 |
1251 952 42 21 119
1634 952 35 21 22:
1687 952 40 20 17d

1110 982 51 21 1:19
1184 982 44 21 1220
1251 982 42 20 1125

1110 1012 51 21 1:20
1169 1008 14 34 |
1184 1012 43 21 222
1250 1012 44 20 1275

1110 1041 51 21 1:26
1165 1037 18 35 |
1184 1042 45 20 226
1232 1037 14 35 |
1250 1041 42 21 281

1113 1076 47 15 1—2
1168 1067 14 35 |
1184 1072 42 20 231
1233 1067 14 35 |
1250 1071 44 20 284

1112 1105 48 16 4—6
1184 1101 44 20 [329
1227 1097 22 34 |
1250 1101 44 20 285

1115 1131 42 20 194
1184 1131 44 20 1330
1229 1126 18 35 |
1250 1130 43 21 287

1184 1161 43 20 527
1250 1160 44 21 1393

1185 1190 43 20 528
1250 1190 44 20 1394

1184 1220 45 20 534
1230 1215 18 35 |
1250 1219 43 21 415

1184 1250 44 20 535
1231 1245 17 34 |
1249 1249 46 20 416

1250 1279 44 20 418

1250 1308 44 21 656

1250 1338 44 21 663

1249 1368 45 20 664

1249 1398 44 20 665

1062 1805 30 22 56l
1108 1807 50 20 2:11]
1199 1807 93 20 611137)
1333 1807 14 20 6)
1369 1819 26 2 —I
1426 1807 27 20 161
1490 1807 27 20 551
1548 1806 21 21 6:
1597 1806 28 20 6dl
1649 1806 21 21 6:
1686 1806 41 20 20d

1132 1842 7 15 1
1444 1841 10 15 3

1061 1920 41 36 561)
1108 1920 82 36 2:11]
1203 1938 26 2 —I
1268 1938 26 2 —I
1333 1920 33 36 6)
1369 1920 39 36 —|
1426 1920 48 36 161
1490 1926 27 20 551
1548 1926 20 20 6:
1596 1930 10 15 8
1615 1920 23 36 |
1649 1926 21 20 6:
1685 1930 22 16 23

1130 1961 11 15 2
1444 1960 10 15 5
