1835 2359
757 162 223 17 SAKREGISTER

1648 161 26 20 39

84 454 159 26 Arbetarskydd.

125 484 89 20 vention
228 484 34 26 (nr
275 484 35 26 52)
323 489 49 21 ang.
386 485 103 18 semester
501 483 47 20 icke
560 483 34 20 för
606 483 136 20 närvarande
755 483 39 20 bör
806 483 119 21 ratificeras

125 516 58 18 samt
193 515 34 19 att
238 514 66 26 några
315 513 105 20 särskilda
432 513 101 26 åtgärder
543 513 49 20 med
602 513 43 20 anl.
657 519 28 13 av
695 513 229 20 rekommendationen

126 544 34 26 (nr
171 543 36 26 47)
219 549 48 20 ang.
280 545 103 18 semester
395 543 47 20 icke
454 543 33 20 för
499 543 135 20 närvarande
646 543 74 20 kunna
732 542 164 26 ifrågakomma.

85 605 11 18 3
112 603 42 20 RD
165 602 97 21 anhåller
273 608 35 14 om
320 602 116 26 utredning
447 604 40 18 rör.
499 602 83 26 frågan,
594 602 69 20 under
673 602 59 20 vilka
743 602 183 27 förutsättningar

125 634 34 19 ett
172 632 181 21 vitesförfarande
367 632 36 20 må
417 632 74 20 kunna
506 632 80 20 införas
600 632 6 19 i
621 632 61 26 lagen
697 637 34 14 om
746 632 159 26 arbetarskydd
919 632 6 21 i

126 663 57 25 syfte
195 664 34 18 att
240 662 52 20 ernå
303 668 26 14 en
341 668 59 14 mera
411 662 93 20 effektiv
515 661 138 27 tillämpning
664 667 28 14 av
704 661 48 20 dess
764 661 162 22 bestämmelser

126 692 32 20 till
173 692 178 20 förekommande
366 698 28 13 av
410 691 112 26 olycksfall
538 691 40 20 och
594 691 80 20 ohälsa.

87 754 10 17 -

112 752 43 20 RD
168 752 72 20 avslår
252 751 84 20 motion
349 757 35 14 om
398 751 110 20 utsträckt
521 750 137 27 tillämpning
671 757 27 14 av
711 751 61 26 lagen
786 750 41 21 den
840 751 26 20 29
878 751 48 27 juni

128 781 52 20 1912
194 787 35 14 om
243 781 159 26 arbetarskydd
416 786 29 14 m.
455 786 28 14 m.

86 842 11 18 =

111 841 41 20 Till
166 840 76 26 bidrag
256 840 33 20 till
302 840 126 26 föreningen
442 840 34 20 för
489 840 159 25 arbetarskydd
663 840 86 20 anvisas
763 841 33 19 ett
809 839 75 27 anslag
897 847 28 14 av

126 870 12 20 3
147 870 41 20 000
202 870 32 20 kr.

86 931 11 19 e-

112 930 54 26 Ang.
178 929 83 21 ändrad
271 929 81 26 lydelse
362 935 28 14 av
400 929 20 25 $$
432 929 31 23 10,
474 929 34 24 32,
518 929 26 20 33
555 929 39 20 och
605 929 26 20 35
641 929 62 26 lagen
714 934 35 15 om
758 928 166 27 arbetarskydd;

126 966 22 13 se
161 959 209 26 Skogshärbärgeslag
382 959 79 25 (1937).

88 1051 8 18 1
111 1049 41 20 Till
166 1049 77 26 bidrag
256 1048 33 21 till
303 1048 125 26 föreningen
443 1048 33 20 för
489 1048 159 26 arbetarskydd
663 1048 86 20 anvisas
763 1049 33 19 ett
809 1048 75 27 anslag
897 1055 29 14 av

126 1078 13 20 3
147 1078 41 21 000
202 1079 32 19 kr.

87 1140 10 18 vo

112 1138 43 20 RD
166 1139 91 25 antager
267 1138 34 20 för
311 1138 32 20 sin
355 1138 34 20 del
400 1138 34 25 lag
445 1143 48 21 ang.
505 1137 84 21 ändrad
600 1137 80 26 lydelse
691 1143 29 14 av
732 1137 8 20 1
753 1138 10 24 $
774 1137 60 26 lagen
847 1138 41 20 den
901 1139 24 20 14

125 1168 47 27 juni
190 1168 53 20 1929
259 1167 35 27 (nr
310 1167 48 26 131)
375 1174 34 13 om
425 1167 122 27 försäkring
562 1167 34 21 för
610 1167 58 20 vissa
684 1167 199 26 yrkessjukdomar.

86 1230 11 17 3
112 1228 43 20 RD
171 1227 84 20 bifaller
269 1233 61 21 prop.
346 1227 49 20 med
411 1227 80 26 förslag
505 1227 33 20 till
553 1227 35 26 lag
602 1232 49 21 ang.
667 1226 91 27 ändring
773 1227 6 20 i
794 1227 58 20 vissa
867 1227 59 21 delar

126 1263 28 14 av
166 1257 62 26 lagen
242 1257 41 20 den
296 1257 26 20 29
334 1257 46 26 juni
395 1257 53 20 1912
461 1257 34 25 (nr
507 1256 50 27 206)
571 1263 35 14 om
618 1256 167 26 arbetarskydd,
797 1256 34 21 till
843 1257 35 26 lag
890 1264 35 14 om

126 1287 83 20 ändrad
223 1287 81 26 lydelse
317 1293 28 13 av
358 1287 55 20 6—8
426 1287 21 25 $$
460 1286 244 27 skogshärbärgeslagen
719 1286 40 20 den
773 1286 24 20 21
813 1287 43 26 maj
873 1287 52 21 1937

126 1317 34 25 (nr
170 1316 49 26 268)
230 1318 58 18 samt
297 1316 34 20 till
341 1316 34 26 lag
385 1321 49 21 ang.
446 1316 83 20 ändrad
540 1316 80 26 lydelse
631 1322 28 14 av
669 1316 13 20 9
691 1316 11 25 $
712 1316 12 20 7
734 1322 66 14 mom.
811 1316 62 26 lagen
884 1317 41 20 den

127 1346 25 20 16
166 1346 44 26 maj
228 1346 53 20 1930
296 1346 34 26 (nr
347 1346 47 25 138)
410 1352 35 14 om
460 1346 146 20 arbetstidens
621 1346 150 26 begränsning.

86 1408 11 18 4
112 1406 42 20 RD
170 1405 117 24 meddelar,
304 1407 35 18 att
355 1405 42 20 RD
414 1405 34 20 för
463 1405 32 20 sin
512 1405 34 20 del
562 1405 96 20 ansluter
673 1405 32 26 sig
720 1405 33 20 till
769 1405 157 27 föredragande

126 1435 251 27 departementschefens
392 1435 6 20 i
413 1435 37 20 det
464 1435 38 20 vid
517 1441 61 20 prop.
593 1435 78 26 fogade
685 1435 240 26 statsrådsprotokollet

126 1465 99 20 uttalade
243 1465 148 26 uppfattning,
411 1466 34 19 att
462 1464 250 27 lagstiftningsåtgärder
729 1464 50 21 eller
796 1465 68 20 andra
881 1467 45 19 sär-

125 1495 71 20 skilda
211 1495 135 26 åtgöranden
360 1495 48 20 från
424 1495 26 19 de
465 1495 93 20 svenska
573 1495 182 20 statsmakternas
769 1494 47 21 sida
831 1495 47 20 icke
892 1495 34 21 för

127 1525 136 20 närvarande
275 1530 66 21 synas
354 1524 115 26 påkallade
481 1524 7 20 i
501 1524 43 21 anl.
558 1530 28 15 av
598 1524 231 21 rekommendationen
843 1524 34 26 (nr
889 1525 36 27 48)

126 1560 49 21 ang.
189 1554 102 26 åtgärder
303 1554 33 20 till
349 1554 123 26 främjande
485 1560 28 14 av
526 1554 140 26 sjömännens
678 1554 86 20 välfärd
777 1554 5 20 i
797 1554 127 25 hamnarna,

126 1586 35 19 att
178 1584 103 26 förslaget
298 1584 33 20 till
349 1584 134 20 konvention
502 1584 34 26 (nr
553 1584 36 26 53)
607 1589 48 21 ang.
673 1584 207 26 minimifordringar
897 1585 28 26 på

126 1614 194 26 yrkeskompetens
337 1614 39 20 hos
392 1614 58 20 befäl
467 1614 12 20 å
496 1614 164 26 handelsfartyg
676 1613 48 21 icke
739 1614 34 20 för
789 1614 137 20 närvarande

126 1650 64 20 synes
204 1644 74 20 kunna
292 1643 120 21 ratificeras
426 1650 28 13 av
468 1643 51 21 vårt
532 1643 58 24 land,
605 1645 35 19 att
653 1643 49 20 med
717 1643 208 27 ställningstagande

125 1674 34 20 till
175 1673 75 27 frågan
268 1679 34 14 om
319 1673 98 26 Sveriges
432 1673 133 27 ratificering
580 1679 29 14 av
624 1673 103 26 förslaget
742 1673 33 20 till
791 1673 133 21 konvention

126 1703 35 26 (nr
173 1703 35 26 55)
221 1708 49 21 ang.
283 1703 101 20 redarens
396 1703 145 26 förpliktelser
553 1703 6 20 i
572 1703 37 20 fall
621 1703 85 26 sjöman
720 1703 93 20 drabbas
826 1709 28 15 av
866 1703 60 27 sjuk-

126 1733 58 24 dom,
198 1733 113 26 olycksfall
324 1733 50 20 eller
386 1733 71 20 döden
470 1733 44 20 tills
526 1733 74 20 vidare
613 1733 40 20 bör
664 1733 64 20 anstå
740 1734 58 19 samt
810 1734 35 19 att
856 1734 69 20 ratifi-

126 1763 72 26 cering
209 1768 28 15 av
248 1762 104 27 förslaget
363 1763 33 20 till
408 1762 134 21 konvention
554 1762 35 27 (nr
600 1762 35 27 56)
647 1768 49 21 ang.
708 1762 173 27 sjukförsäkring
892 1763 33 21 för

126 1792 85 27 sjömän
230 1792 34 20 för
283 1792 97 26 Sveriges
400 1792 170 20 vidkommande
589 1792 47 21 icke
649 1792 39 27 för
707 1792 136 20 närvarande
861 1799 64 20 synes

126 1822 74 20 kunna
216 1822 164 26 ifrågakomma.

88 1913 8 18 1
111 1911 42 20 Till
167 1911 76 26 bidrag
256 1910 34 21 till
303 1911 125 26 föreningen
442 1911 34 20 för
489 1911 159 26 arbetarskydd
662 1911 87 20 anvisas
762 1912 33 19 ett
808 1911 75 27 anslag
896 1918 29 14 av

126 1940 12 20 6
147 1940 41 21 000
201 1941 33 20 kr.

86 2002 11 18 2
112 2000 43 20 RD
171 2000 117 26 medgiver,
304 2002 35 18 att
355 2000 63 20 KM:t
433 2000 55 20 skall
504 2002 40 25 äga
560 2000 92 24 besluta,
668 1987 35 34 att
717 2012 28 3 —
760 2007 29 14 av
804 2000 38 21 det
856 2001 69 20 under

127 2030 46 20 11:e
183 2030 41 20 HT
233 2030 108 26 uppförda
352 2030 189 27 förslagsanslaget
550 2030 34 21 för
593 2030 140 21 bestridande
742 2036 29 15 av
780 2031 144 20 statsverkets

126 2059 120 27 åliggande,
264 2066 29 14 av
311 2060 67 20 andra
396 2060 69 20 medel
484 2060 18 26 ej
522 2060 108 27 utgående
647 2060 147 27 ersättningar
811 2060 6 20 i
835 2060 43 21 anl.
896 2067 28 14 av

1209 235 108 30 Utskotts-
1375 235 69 30 Riks-

1004 261 56 32 Kungl.
1114 288 4 3 :
1196 263 130 32 utlåtanden,
1382 270 69 19 dagens
1568 257 60 34 Ser

1008 295 53 18 Maj:ts]
1073 287 92 17 Motioner]
1191 299 97 16 memorial
1300 299 44 16 eller
1398 299 41 16 lat
1501 287 140 21 förhandlingar

953 319 26 20 År
994 315 10 40 I
1008 328 50 15 propir
1202 329 132 16 betänkanden
1386 329 60 16 velser
1527 317 88 20 (prokinr)

1015 355 36 14 eller
1161 366 38 14 +
1477 349 21 27 Et
1502 365 62 2 ädre
1576 365 88 1 ter

1015 385 38 13 kriv:
1183 383 57 5 2/3
1486 383 59 16 Första
1590 383 58 16 Andra

1007 389 55 10 PET
1075 395 87 16 ERKTAR
1183 390 16 43 3
1225 389 15 42 Z
1266 395 89 16 Nummer|
1372 394 90 17 Nummer
1485 388 56 35 An
1586 388 70 35 EE

1214 448 1 33 |
1570 449 2 24 |

940 484 56 20 1937
1570 480 2 45 |

1571 537 1 26 |

943 604 54 20 1937]
1021 615 27 2 —
1052 599 19 35 |
1077 603 38 21 1261
1129 604 40 20 2261
1191 603 13 20 9
1205 599 19 35 |
1233 603 67 20 2115
1381 604 25 19 97
1477 604 30 20 16:
1519 606 24 18 95
1554 603 54 21 dj17:
1620 605 10 17 6

943 752 53 21 1937]
1020 764 28 2 —
1055 748 23 34 |
1082 764 27 2 —1|
1136 752 27 20 441
1191 752 12 20 91
1232 752 68 20 21-16
1409 765 27 2 —
1476 753 31 20 116:
1519 755 24 18 96
1577 752 53 20 117:6
1641 752 13 20 d

943 841 53 21 1937]
1015 841 39 20 1:5]
1082 853 28 2 —
1114 837 14 35 1!
1136 854 27 2 —1
1191 841 61 20 61]—]
1288 842 12 19 5
1314 845 30 17 s.7
1354 837 19 35 1
1395 842 57 20 5s.5
1477 842 66 20 118:46
1578 841 30 20 117:
1621 843 37 18 108

1003 872 22 19 pt
1040 871 21 16 17

943 1050 53 20 1938)
1015 1049 39 20 1:5]
1082 1061 28 2 —!|
1136 1062 27 2 —I
1191 1049 62 20 6)—]
1288 1050 12 19 5
1314 1052 46 18 s.12l
1395 1050 133 21 5s.8122:2
1575 1050 54 19 |21:7

1003 1080 21 20 pt
1039 1080 22 15 39

943 1139 53 20 1938)
1020 1150 28 2 —
1051 1135 27 34 |
1096 1139 13 19 61
1143 1139 26 20 791
1191 1139 12 20 91
1232 1139 13 20 21
1273 1139 28 20 42
1367 1140 41 20 212
1474 1140 33 20 29:
1518 1142 11 17 3
1540 1140 13 20 d
1575 1139 33 20 129:
1619 1141 24 17 63
1654 1139 13 20 d

1130 1169 39 20 142

943 1228 53 20 1938]
1012 1228 41 20 265
1054 1224 23 35 |
1082 1240 27 2 —
1107 1224 18 35 |
1128 1228 41 20 464]
1191 1228 12 21 9
1205 1224 14 35 |
1232 1228 13 20 21
1274 1229 23 20 51
1367 1229 41 20 280
1474 1229 33 20 34:
1519 1232 24 16 29
1575 1228 32 20 134:
1620 1231 23 17 17
1654 1228 13 20 d

944 1406 53 21 1938)
1013 1406 40 21 239]
1082 1418 28 3 —
1110 1402 19 35 |
1136 1419 28 2 —]
1191 1407 12 20 91
1232 1407 68 20 2159
1367 1408 40 20 448
1473 1407 33 20 42:
1514 1403 9 36 2
1569 1407 38 28 142:
1619 1409 24 17 79
1654 1407 12 19 d

943 1912 52 20 1939]
1013 1912 40 20 1:51]
1081 1924 28 2 —I1
1134 1924 29 2 —I1
1189 1912 62 20 61—]
1286 1912 12 21 5
1312 1915 44 17 s.17l
1392 1912 13 21 5
1418 1912 108 21 s.a1l21:7
1540 1908 18 34 =
1572 1913 69 20 J21:12

1002 1942 22 20 pt
1038 1942 22 16 39

940 2001 55 21 1939]
1013 2001 36 20 121
1056 1997 18 35 |
1080 2013 29 3 —I
1134 2013 28 3 —I
1189 2001 62 21 81—]
1272 2001 26 21 36
1312 2005 29 17 s.1
1365 2002 41 21 1204
1472 2002 33 20 25:
1516 2002 89 21 82.125:
1616 2004 24 18 31

1008 2032 22 20 pt
1044 2032 8 15 1
