1809 2334
73 2155 22 17 28

756 74 222 19 SAKREGISTER
1626 75 37 19 241

992 185 15 20 A
1127 161 87 29 Motioner
1272 161 78 30 Utskott
1399 161 56 37 Skriv.
1503 161 103 30 Protokoll

1009 194 8 11 r
1017 185 18 28 |
1040 189 52 20 Prop.
1417 206 22 12 Dr

1122 219 30 16 FK
1154 213 25 31 |
1187 218 32 17 AK
1241 217 85 18 [SmllAvd|
1351 219 25 16 Nr
1496 219 30 17 FK
1594 219 32 17 AK

86 258 75 20 Enkla
169 258 81 25 frågor

129 288 33 20 Nr
175 288 25 20 15
216 289 65 23 (herr
292 288 132 25 Hagberg):
437 289 45 20 Om
494 289 110 25 återgång
615 289 34 20 till
662 289 225 25 lågräntepolitiken.
995 289 29 21 58);
1064 303 27 2 =
1135 303 91 3 pl
1254 303 73 3 ole
1581 292 21 20 4:
1617 296 22 16 26

997 319 18 21 B

130 348 32 20 Nr
176 348 26 20 16
218 348 65 23 (herr
294 349 102 20 Jansson
408 349 8 20 i
428 349 92 23 Kalix):
533 349 45 20 Om
589 349 110 20 befarade
711 349 174 25 uppsägningar
897 355 28 14 av
936 349 89 21 ar-|158l
1065 363 26 2 —I|
1135 363 26 2 —I
1200 363 26 2 —I
1254 362 26 3 —l
1301 363 26 2 —
1360 363 26 2 —I
1425 363 26 3 —I
1500 363 26 3 —
1581 351 21 21 4:
1617 356 22 15 37

129 378 79 20 betare
218 378 38 20 vid
267 378 156 20 Båtskärsnäs
433 378 104 26 sågverk.
997 378 19 22 B

129 408 33 19 Nr
177 408 25 20 17
220 408 66 23 (herr
298 408 120 25 Alemyr):
433 408 44 21 Om
490 409 372 25 ortsgrupperingsutredningens
876 409 25 20 år
916 409 54 20 19571
995 408 30 22 58l
1065 422 26 2 —I
1136 422 25 3 —I
1201 422 26 3 —Il
1254 422 26 3 —I
1301 423 26 2 —
1360 423 26 2 —I
1426 423 25 2 —I
1500 423 26 2 —
1581 412 21 20 4:
1618 416 21 15 61

131 437 131 21 framförda
272 438 244 21 rekommendationer
525 439 43 20 och
578 439 87 25 förslag
675 445 29 14 m.
715 445 29 14 m.
997 438 19 22 B

129 467 33 20 Nr
178 468 26 19 18
223 468 65 23 (herr
302 468 133 23 Elmwall):
451 469 44 20 Om
509 469 179 25 tillämpningen
703 474 27 15 av
744 469 227 20 bestämmelserna
957 463 19 36 i
975 463 19 36 |
995 468 30 21 581
1065 482 26 3 —I
1136 482 25 2 —)
1200 482 27 2 —Il
1255 482 25 3 =
1302 482 26 3 —
1360 482 26 3 —I
1426 483 100 2 —Io—
1582 471 20 21 5:
1618 476 10 15 6

131 497 167 25 förordningen
309 504 37 13 om
357 498 86 20 allmän
454 498 149 25 energiskatt.
997 498 19 21 B

130 527 32 20 Nr
179 527 25 20 19
223 527 65 23 (herr
302 528 191 23 Svenungsson):
510 528 44 20 Om
569 529 151 20 anordnande
734 535 28 14 av
776 529 143 24 rulltrappor
933 529 37 20 vid]
995 528 30 21 58]
1065 542 26 2 —I|
1136 542 25 2 —I
1201 541 26 3 —l
1254 542 26 2 —
1302 541 26 3 —
1361 542 25 2 —I
1426 542 26 2 —I
1500 542 26 2 —
1582 531 21 20 6:
1618 535 22 15 25

131 557 208 20 centralstationen
349 557 6 20 i
366 557 134 20 Stockholm
510 558 43 19 och
564 558 110 20 liknande
684 558 119 20 stationer.
997 557 19 21 B

130 586 32 19 Nr
175 586 28 20 20
220 586 95 23 (fröken
328 587 119 23 Sandell):
461 588 58 24 Ang.
533 587 227 26 förutsättningarna
774 589 34 19 att
821 588 150 20 återanställa
974 582 14 36 |
995 587 30 21 58]
1065 601 26 2 —
1102 582 8 36 |]
1136 601 25 2 —|
1201 600 26 3 —I
1254 601 26 2 —I
1302 600 25 3 —
1360 601 26 2 —I
1426 601 26 3 —I
1500 601 26 2 —
1582 590 21 20 9:
1620 595 20 15 17

130 616 47 19 viss
191 616 143 20 arbetskraft
346 622 83 19 genom
442 617 44 20 den
499 617 125 25 planerade
637 618 334 25 produktionsomläggningen
968 612 14 35 |
997 616 19 22 B

130 645 38 20 vid
179 646 285 20 Ammunitionsfabriken
474 647 130 20 Zakrisdal.

131 681 32 19 Nr
175 681 25 20 21
219 681 65 23 (herr
298 681 138 25 Gustafsson
449 682 7 20 i
469 682 96 23 Borås):
579 683 57 24 Ang.
649 683 107 25 åtgärder
769 683 36 20 för
818 683 113 21 täckande
944 689 27 14 av|
995 681 30 22 58)
1066 696 26 2 —I]
1136 695 25 2 —|
1201 695 26 3 —I
1255 696 25 2 —-I
1302 696 25 2 —
1361 696 25 2 —I
1426 696 26 2 —I
1500 696 26 2 —
1582 685 21 20 9:
1618 689 22 16 20

130 710 151 25 platsbristen
290 711 38 20 vid
338 712 305 24 ungdomsvårdsskolorna.
997 711 19 22 B

130 740 32 20 Nr
178 740 27 20 22
225 740 66 24 (herr
307 741 138 24 Gustafsson
462 741 6 20 i
484 741 97 24 Borås):
598 742 57 25 Ang.
672 742 106 25 åtgärder
794 744 48 19 mot
857 743 43 20 ,den
916 749 18 14 s.
949 741 76 22 k.|58l
1066 755 25 2 —I
1136 754 26 3 —I
1201 754 79 3 —-I—-
1302 755 25 2 —
1361 755 91 3 —Ibh—h
1500 755 27 2 —
1582 745 21 20 9:
1618 749 22 15 25

131 770 170 20 mörkerdöden
310 770 30 25 på
349 771 109 24 vägarna.
997 770 19 22 B

130 799 32 20 Nr
175 799 27 20 23
219 800 65 22 (herr
296 800 127 24 Fröding):
437 801 57 25 Ang.
508 801 161 25 skyldigheten
682 803 34 19 att
728 802 34 20 till
775 800 250 27 justitiedeparte-158]|
1066 814 25 2 —|
1136 814 25 2 —I
1201 814 26 2 —I
1255 814 25 2 —|
1302 814 25 3 —
1361 815 26 1 —I
1427 814 25 3 —I
1500 815 26 2 —
1538 795 34 37 |
1582 804 21 20 9:
1618 808 22 16 27

131 830 87 20 mentet
227 830 100 20 insända
337 830 53 20 dom
400 831 6 19 i
416 831 242 24 expropriationsmål.
997 830 19 21 B

130 859 32 19 Nr
173 859 29 20 24
216 859 66 23 (herr
292 860 143 24 Svenning):
448 860 44 20 Om
504 860 107 25 åtgärder
623 861 36 20 för
669 863 34 19 att
714 861 82 26 bringa
807 862 27 20 de
845 862 126 20 nominella
977 855 19 37 |
995 859 30 22 581
1066 874 25 2 —|
1136 873 25 3 —I
1201 873 26 3 —I
1255 874 25 2 —-I
1302 874 26 2 —
1361 874 26 2 —I
1427 874 25 2 —|
1500 874 26 2 —
1582 864 21 20 9:
1618 868 22 15 35

130 889 106 24 priserna
252 889 29 25 på
297 889 139 26 brännoljor
451 890 7 20 i
473 890 76 21 bättre
564 891 231 21 överensstämmelse
811 892 52 20 med
879 893 28 20 de
922 892 50 21 fak-]
997 889 20 22 B

130 919 69 20 tiska.

130 953 32 19 Nr
173 953 27 20 25
216 953 66 23 (herr
292 954 286 24 Larsson
392 949 29 38 i
420 954 146 24 Hedenäset)
565 949 15 38 :
591 954 57 25 Ang.
660 954 175 26 framläggande
846 961 28 14 av
885 955 87 25 förslag
976 949 15 38 |
995 958 30 21 58)
1065 972 27 3 —I
1136 972 25 3 —I
1201 972 79 3 —b—I
1302 972 26 3 —
1361 973 25 2 —I
1426 972 26 3 —I
1500 973 26 2 —
1569 962 34 21 10:
1618 967 10 15 3

130 988 38 14 om
179 982 126 21 förbättrat
315 983 51 20 stöd
377 983 22 20 åt
410 983 142 21 småbruket.
997 988 19 21 B

130 1012 32 20 Nr
177 1012 28 20 26
223 1012 65 23 (herr
302 1013 117 20 Svensson
434 1013 7 20 i
456 1013 162 25 Ljungskile):
634 1014 57 25 Ang.
706 1014 107 25 åtgärder
828 1015 51 20 med
894 1015 77 20 anled-|
995 1017 30 22 58]
1065 1031 27 3 —I|
1136 1031 26 4 —I
1201 1032 79 2 —I—
1302 1032 26 3 —
1361 1032 26 3 —IH
1426 1032 26 3 —I
1500 1032 27 3 —
1569 1022 34 20 10:
1618 1026 10 15 3

131 1042 56 25 ning
196 1048 28 14 av
235 1042 55 20 1955
300 1042 38 20 års
347 1043 126 25 utredning
481 1049 38 14 om
530 1043 184 21 småbruksstöd.
998 1047 18 21 B

130 1072 32 19 Nr
179 1071 27 21 27
229 1072 49 23 (fru
298 1072 140 24 Torbrink):
456 1073 58 25 Ang.
532 1073 206 21 bestämmelserna
755 1074 37 20 för
809 1074 27 21 de
853 1075 118 20 allmänna
996 1077 29 22 |.58).
1066 1091 26 2 —)
1136 1091 26 3 —I
1201 1091 26 2 —I
1255 1091 73 3 ——
1361 1091 166 3 —hho—
1569 1081 34 20 "10:
1620 1085 21 16 15

131 1097 196 36 studiebidragen.
998 1107 19 21 B

130 1132 33 20 Nr
176 1132 27 20 28
221 1133 65 22 (herr
298 1133 151 23 Braconier):
463 1133 58 25 Ang.
535 1133 107 25 åtgärder
655 1133 36 20 för
704 1133 157 25 avhjälpande
874 1140 28 14 av
913 1134 59 20 bris-|
995 1136 30 22 58)
1065 1150 27 3 —I
1136 1150 26 3 —I
1201 1150 26 3 —I
1255 1151 73 2 ——I
1361 1151 26 2 —h
1427 1151 25 2 —Ib
1500 1151 26 2 —
1569 1140 34 21 +110:
1620 1144 21 16 16

131 1162 38 20 ten
180 1162 29 24 på
219 1162 176 20 kurslitteratur
403 1162 38 20 vid
451 1163 152 20 akademiska
612 1163 96 20 studier.
997 1166 19 21 B

130 1191 33 20 Nr
173 1192 27 19 29
215 1192 65 23 (herr
289 1192 220 25 Braconier)
426 1187 15 37 :
449 1192 60 25 Ang.
519 1192 108 25 åtgärder
637 1192 36 21 för
683 1194 34 20 att
726 1194 56 24 göra
792 1194 179 20 samhällsläran
972 1187 24 37 |
995 1195 30 22 58l
1066 1210 26 2 -—)
1136 1209 25 3 —|
1201 1210 127 3 —h—l—!
1361 1210 26 3 —I
1426 1210 26 3 —I
1500 1210 26 4 —
1569 1200 34 20 110:
1620 1204 21 15 18

130 1221 35 20 till
175 1222 32 19 ett
217 1221 165 25 självständigt
391 1222 68 20 ämne
468 1222 38 20 vid
515 1222 56 20 våra
579 1223 140 24 gymnasier.
997 1225 19 21 B

130 1251 32 19 Nr
179 1251 28 20 30
228 1251 65 23 (herr
310 1251 132 24 Elmwall):
461 1251 44 20 Om
523 1257 28 14 av
568 1252 62 20 vissa
647 1252 165 21 affärsbanker
829 1253 143 20 förmedlade]
995 1255 30 21 58)
1065 1269 27 2 —|
1136 1269 26 2 —I
1201 1269 127 3 lollo
1361 1270 26 2 —h
1458 1247 14 36 bh
1500 1270 26 2 —
1569 1259 34 20 11:
1619 1263 10 16 7

130 1280 243 21 konsumtionskredit
382 1282 58 19 utan
449 1280 93 26 borgen.
997 1284 19 22 B

129 1310 33 20 Nr
181 1310 25 20 31
232 1310 64 23 (herr
316 1310 146 24 Lothigius):
482 1311 45 20 Om
546 1311 313 25 jordbruksproduktionens
878 1313 94 20 omfatt-l
995 1314 30 22 58)
1066 1328 26 2 —I
1136 1328 26 3 —I
1201 1328 26 3 —I
1255 1329 25 2 ot
1302 1329 26 2 —b
1361 1329 26 3 I
1426 1329 26 2 —I
1500 1329 26 3 —
1569 1318 34 20 12:
1612 1306 10 36 3

117 1335 76 35 ning.
997 1344 19 21 B

130 1371 32 19 Nr
180 1371 27 20 32
229 1371 65 23 (herr
312 1371 169 24 Laåssinantti):
500 1371 45 20 Om
562 1371 179 26 tillämpningen
759 1378 27 14 av
803 1372 28 20 de
848 1372 124 25 principer,
972 1367 14 35 |
996 1374 29 21 58).
1065 1388 26 2 —h
1136 1388 26 2 —h
1201 1388 27 2 —I
1255 1388 73 3 —b—
1361 1388 91 3 bios
1541 1389 1 2 1
1569 1378 34 20 112:
1619 1381 10 16 5

131 1406 50 14 som
195 1400 57 20 bära
266 1406 48 19 upp
328 1401 44 20 den
386 1406 174 20 gemensamma
573 1401 112 21 nordiska
699 1402 231 21 arbetsmarknaden.
998 1404 19 21 B

131 1430 32 20 Nr
176 1430 27 20 33
220 1430 65 23 (herr
299 1430 139 25 Gustafsson
451 1431 7 20 i
472 1431 96 23 Borås):
583 1431 44 20 Om
640 1432 281 25 säkerhetsanordningar
934 1432 91 23 vid|.58)
1066 1447 26 2 —I
1136 1447 26 3 —I
1201 1448 80 2 —I—
1303 1448 25 2 —
1361 1448 26 3 —I
1426 1448 26 2 —LIh
1500 1448 27 3 —
1569 1437 34 20 112:
1620 1442 20 15 13

130 1460 47 19 viss
188 1460 112 25 korsning
310 1460 85 20 mellan
404 1461 92 19 enskild
505 1461 43 24 väg
557 1461 43 20 och
609 1461 105 25 järnväg.
998 1463 19 22 B

130 1489 33 20 Nr
174 1489 28 20 34
216 1489 50 24 (fru
279 1490 143 23 Thorsson):
434 1490 44 20 Om
490 1496 27 14 en
529 1491 113 20 eventuell
654 1491 80 20 aktion
746 1492 51 19 med
808 1492 46 20 anl.
865 1498 28 14 av
904 1492 68 20 kärn-|
996 1492 29 22 58]
1066 1506 26 3 —I|
1137 1507 25 2 —|
1201 1507 80 3 —-I—
1303 1507 25 3 —
1361 1507 26 3 —IH
1427 1507 25 3 —I
1501 1508 26 2 —
1569 1496 34 21 12:
1619 1501 22 15 26

130 1520 250 24 vapenexperimenten
388 1520 38 20 vid
435 1519 90 26 Novaja
535 1520 94 25 Semlja.
997 1522 20 22 B

131 1549 32 19 Nr
175 1549 27 20 35
219 1549 50 23 (fru
280 1549 153 25 Jäderberg):
446 1550 58 24 Ang.
517 1550 152 20 information
682 1556 37 14 om
732 1551 27 20 de
771 1551 200 25 kärnvapenprov,
977 1545 15 35 |
996 1552 29 21 58]
1066 1565 26 3 —I
1137 1566 25 2 —I
1202 1566 25 3 —I
1255 1566 26 3 —l
1303 1567 25 2 —|
1362 1567 25 2 —I
1427 1567 25 2 —I
1501 1567 26 3 —
1569 1556 34 20 12:
1619 1560 22 15 26

131 1584 50 14 som
190 1579 94 25 nyligen
294 1579 38 25 ägt
341 1585 53 14 rum
402 1579 8 20 i
418 1579 75 20 Norra
502 1579 99 21 Ishavet.
998 1581 19 21 B

131 1608 32 19 Nr
176 1608 28 20 36
220 1608 50 23 (fru
285 1609 143 23 Thorsson):
443 1609 44 20 Om
499 1609 124 25 ifrågasatt
636 1610 137 25 utvidgning
786 1617 28 13 av
827 1610 145 25 forsknings-|
996 1611 29 21 58]
1067 1624 25 3 —I
1137 1625 25 2 —!|
1202 1625 26 3 —Il
1256 1626 25 2 —l
1302 1626 26 2 —I
1362 1626 25 2 —I
1427 1626 26 2 —Ih
1501 1626 26 3 —
1570 1615 33 20 12:
1619 1619 22 15 28

131 1637 179 20 verksamheten
320 1638 30 24 på
360 1638 177 21 atomområdet.
998 1641 19 21 B

130 1668 33 20 Nr
178 1668 27 20 37
225 1668 65 23 (herr
305 1668 108 20 Eliasson
428 1669 8 19 i
451 1669 128 23 Moholm):
595 1669 45 20 Om
655 1669 27 20 de
697 1669 125 25 principer,
837 1669 58 21 efter
910 1670 62 20 vilka]
996 1670 30 22 581.
1066 1684 26 2 —I|
1136 1684 26 3 —I
1202 1685 25 2 —IH
1256 1685 25 2 I
1303 1685 25 2 —!
1361 1685 26 2 —I
1458 1664 7 35 LI
1501 1685 26 3 —
1569 1674 34 20 112:
1619 1678 22 15 98

131 1698 89 20 statens
235 1698 217 25 jordbruksnämnd
467 1698 122 21 verkställt
604 1698 136 26 riksdagens
754 1699 77 21 beslut
846 1700 43 20 rör.
905 1699 67 21 diffe-|
998 1700 18 21 B

130 1727 127 25 rentiering
266 1733 29 14 av
304 1727 155 26 utjämnings-
468 1728 44 20 och
521 1728 181 25 mjölkavgifter.

130 1763 33 20 Nr
174 1763 28 20 38
217 1763 65 23 (herr
294 1763 142 20 Gustavsson
448 1764 7 19 i
466 1764 119 23 Alvesta):
597 1764 58 25 Ang.
666 1764 207 21 bestämmelserna
884 1771 37 14 om
933 1766 39 19 nä-|
996 1768 29 22 58]
1066 1782 26 2 —I
1137 1782 25 3 —I
1202 1783 79 2 —blot
1303 1783 25 2 ot
1384 1783 4 3 I
1427 1783 26 3 —I
1501 1784 26 2 —
1569 1772 34 20 14:
1608 1759 15 37 3

132 1793 147 25 ringsbidrag
288 1793 44 20 och
342 1793 173 25 familjebidrag
525 1793 23 21 åt
558 1794 27 20 de
594 1794 164 25 värnpliktiga.
998 1798 18 21 B

130 1823 32 19 Nr
178 1823 27 19 39
224 1822 50 24 (fru
289 1823 163 24 Sandström):
468 1823 45 20 Om
529 1824 133 24 reglerande
677 1830 28 14 av
720 1825 252 25 sommarstugeägares
976 1818 20 38 |
996 1828 29 21 58
1066 1841 26 3 —h
1136 1842 26 2 —I|
1202 1842 126 3 —hol—l
1389 1843 1 2 I
1427 1843 26 2 —I
1501 1843 26 3 —L
1569 1832 35 20 14:
1619 1836 22 15 25

130 1848 227 36 lägenhetsarrende.
998 1857 19 22 B

131 1883 32 20 Nr
176 1883 26 20 40
219 1883 65 23 (herr
298 1883 192 25 Wahrendorff):
504 1884 8 19 I
525 1884 45 19 anl.
583 1890 27 13 av
623 1884 221 25 kommenderingen
856 1890 28 15 av
896 1885 76 20 lands-|
996 1887 30 22 58]
1066 1901 26 2 —I|
1136 1901 27 3 —I
1202 1902 26 2 —H
1256 1902 25 2 ol
1303 1902 25 2 ot
1387 1879 14 36 LI
1427 1902 26 3 —I
1501 1903 26 2 —
1569 1891 35 20 14:
1619 1895 22 16 26

131 1913 137 24 ortspoliser
277 1913 35 20 till
322 1913 157 25 tjänstgöring
488 1913 7 20 i
505 1913 141 20 Stockholm.
998 1917 19 21 B

131 1942 33 20 Nr
177 1942 25 20 41
220 1942 66 24 (herr
297 1942 159 25 Björkänge):
469 1943 45 20 Om
527 1942 107 26 åtgärder
647 1945 48 19 mot
707 1943 141 26 försäljning
860 1950 29 14 av
900 1944 72 21 stilet-|
996 1947 30 21 58)
1066 1961 26 2 —)
1137 1961 26 2 —I
1202 1961 26 3 —I
1256 1961 25 3 —-I
1303 1962 26 2 —I
1362 1962 26 2 ob
1449 1962 4 2 I
1501 1962 26 3 —
1570 1951 33 20 14:
1619 1955 22 15 28

132 1969 41 33 ter.
998 1977 19 21 B

131 2002 33 19 Nr
177 2002 27 20 42
222 2002 65 23 (herr
300 2002 125 23 Lindahl):
440 2002 44 20 Om
498 2008 28 14 en
539 2003 144 24 redogörelse
697 2003 36 20 för
746 2003 109 25 vidtagna
868 2004 44 20 och
925 2004 47 24 pla-|
996 2006 30 22 58)
1066 2020 26 3 —
1103 1998 8 36 I)
1136 2020 27 3 —I
1202 2021 126 2 hot
1382 1998 41 36 bo
1427 2021 26 3 —I
1502 2022 26 2 —
1570 2010 34 20 14:
1620 2015 21 15 57

131 2032 86 20 nerade
227 2031 107 25 åtgärder
344 2033 48 19 mot
401 2032 191 20 arbetslösheten.
998 2035 19 22 B

131 2061 32 20 Nr
174 2061 28 20 43
216 2061 96 23 (fröken
324 2061 96 25 Vinge):
432 2061 45 20 Om
488 2061 175 26 framläggande
674 2068 27 14 av
712 2062 126 26 lagförslag
848 2069 38 14 om
896 2064 75 19 rätten
975 2057 19 35 |
996 2065 30 22 58)
1066 2079 26 3 =)
1137 2080 25 2 —I
1202 2080 79 3 hot
1325 2057 14 35 tt
1362 2081 26 2 oh
1502 2081 26 2 —
1570 2069 34 20 14:
1620 2074 22 15 73

131 2091 35 20 till
177 2091 143 20 släktnamn.
998 2095 20 21 B
