1845 2361
806 160 135 15 SAKREGISTER

1650 155 27 21 19

87 437 150 22 Alkoholister.

132 468 142 20 nämndernas
290 468 138 20 verksamhet
438 474 28 14 m.
477 475 29 13 m.
518 468 70 20 såsom
602 469 60 19 extra
673 468 213 26 reservationsanslag
897 469 30 19 ett

132 498 78 26 belopp
219 504 26 14 av
254 497 27 20 35
292 497 42 21 000
344 497 37 25 kr.,
390 497 46 21 dels
446 498 34 20 till
489 497 74 26 bidrag
571 497 34 20 till
616 497 94 21 erkända
718 498 39 19 och
766 498 98 20 enskilda
871 497 55 21 alko-

131 527 179 21 holistanstalters
326 527 167 21 driftkostnader
508 529 31 19 ett
550 529 60 18 extra
620 527 164 26 förslagsanslag
795 534 26 14 av
833 526 42 21 150
884 527 43 21 000

131 557 39 25 kr.,
180 557 45 20 dels
234 557 33 20 till
275 559 80 18 statens
364 557 115 20 kostnader
486 558 33 19 för
527 557 75 25 farliga
610 557 139 20 alkoholister
757 564 62 13 m.m.
829 559 31 18 ett
868 559 60 18 extra

131 587 165 26 förslagsanslag
306 593 26 14 av
344 587 12 19 5
366 586 42 21 000
420 587 37 24 kr.,
469 587 46 20 dels
525 586 34 21 till
570 593 57 14 resor
637 586 37 21 vid
685 587 205 26 tvångsinternering
901 594 26 13 av

131 616 140 21 alkoholister
282 618 30 19 ett
323 618 61 19 extra
394 616 165 27 förslagsanslag
570 623 26 14 av
606 616 26 20 10
642 616 42 21 000
693 617 40 25 kr.,
742 616 45 21 dels
796 617 33 20 till
837 617 90 20 interne-

131 646 173 26 ringskostnader
320 647 7 19 i
343 647 56 19 vissa
416 646 39 20 fall
472 648 30 19 ett
518 649 60 17 extra
593 646 164 26 förslagsanslag
772 653 26 14 av
814 646 65 21 4000
895 647 31 20 kr.

131 676 40 20 och
182 676 46 20 dels
239 676 33 20 till
283 676 136 20 bestridande
428 683 26 13 av
462 676 143 21 kostnaderna
613 676 33 20 för
653 676 136 27 ombyggnad
798 683 26 13 av
832 676 94 26 ladugår-

132 706 42 20 den
189 706 37 20 vid
242 706 94 20 erkända
346 706 223 20 alkoholistanstalten
580 706 103 20 Hemmet
693 703 121 29 Älvgården
825 708 31 18 ett
867 708 60 18 extra

131 736 74 25 anslag
227 742 26 14 av
275 736 76 20 11351
372 736 39 26 kr.,
428 736 100 26 samtliga
544 736 74 26 anslag
633 737 32 19 att
680 737 51 25 utgå
747 743 26 13 av
789 736 138 20 statsverkets

131 765 52 20 fond
199 772 26 13 av
241 765 195 27 rusdrycksmedel;
453 766 39 19 och
509 765 109 26 medgiver
633 766 44 24 RD,
694 767 31 19 att
741 772 26 14 av
780 766 147 26 nyssnämnda

130 795 74 26 anslag
222 795 33 20 till
275 795 75 26 bidrag
369 795 33 20 till
418 795 94 20 erkända
528 795 39 20 och
583 795 99 21 enskilda
697 795 230 21 alkoholistanstalters

130 824 168 21 driftkostnader
311 825 36 20 må
357 825 75 20 kunna
442 825 34 20 till
487 825 94 20 erkända
591 825 223 20 alkoholistanstalten
824 825 104 21 Hemmet

130 854 142 26 Gunnarskog
283 855 33 20 för
326 854 126 26 budgetåret
463 852 126 30 1929/1930
600 855 52 26 utgå
663 855 73 25 bidrag
746 855 34 20 till
791 854 135 21 driftkostna-

129 883 67 21 derna
211 884 50 20 med
279 885 20 26 ej
316 884 84 20 mindre
416 886 31 18 ett
462 884 78 26 belopp
556 891 26 13 av
599 884 11 20 1
628 884 30 20 kr.
672 884 34 20 för
716 884 41 27 dag
767 884 40 20 och
818 884 108 26 vårdplats

129 915 28 19 än
173 915 54 19 även
243 916 31 18 ett
290 914 78 26 belopp
384 914 32 20 för
432 914 99 25 vårddag,
547 920 46 14 som
609 914 50 20 med
677 914 10 20 1
704 914 32 20 kr.
747 914 133 26 understiger
891 914 36 20 det

130 943 34 21 till
187 944 72 25 övriga
283 943 94 21 erkända
399 943 218 21 alkoholistanstalter
638 944 105 25 utgående
766 944 159 26 statsbidraget;

130 973 73 26 avslag
218 974 12 19 å
246 974 82 20 motion
351 973 82 20 FK:22
457 980 35 13 om
512 973 73 26 anslag
600 973 34 21 till
650 973 75 26 bidrag
739 974 34 20 till
789 974 137 20 anordnande

130 1009 26 14 av
172 1003 94 20 erkända
282 1003 224 21 alkoholistanstalter.

88 1079 7 16 1
115 1074 42 20 Till
173 1076 80 19 statens
268 1074 156 21 vårdanstalter
434 1074 33 20 för
478 1074 138 21 alkoholister
626 1074 37 21 vid
674 1075 94 26 Svartsjö
779 1075 39 20 och
829 1075 7 20 i
848 1075 77 20 Lands-

130 1104 67 20 krona
220 1105 84 19 anvisas
327 1105 33 19 för
384 1104 124 26 budgetåret
532 1104 124 24 1930/1931
675 1106 31 19 ett
729 1106 60 19 extra
807 1105 74 26 anslag
900 1112 26 13 av

130 1134 27 20 27
168 1134 42 20 000
227 1134 31 20 kr.
276 1136 31 19 att
323 1135 51 25 utgå
389 1141 26 13 av
431 1134 137 21 statsverkets
584 1134 53 20 fond
652 1141 26 13 av
694 1134 191 27 rusdrycksmedel.

87 1210 10 16 2
115 1205 37 20 RD
171 1205 124 26 godkänner
311 1207 42 19 stat
368 1205 34 20 för
417 1207 80 19 statens
513 1205 133 21 vårdanstalt
661 1206 12 19 å
689 1206 115 26 Venngarn
820 1206 33 20 för
868 1206 56 20 alko-

130 1235 95 26 holister,
241 1237 32 18 att
288 1235 109 26 tillämpas
415 1235 23 20 fr.
455 1242 19 13 o.
491 1242 29 13 m.
537 1235 125 26 budgetåret
679 1234 135 28 1930/1931;
826 1236 39 20 och
876 1235 48 21 ned-

130 1267 65 18 sättes
211 1265 37 20 det
258 1265 44 20 ord.
313 1265 185 26 förslagsanslaget
509 1265 33 20 till
554 1267 80 18 statens
645 1265 132 20 vårdanstalt
788 1266 12 19 å
811 1266 114 25 Venngarn

130 1295 33 20 för
179 1295 143 24 alkoholister,
340 1296 31 19 att
386 1295 51 25 utgå
447 1301 25 14 av
484 1295 137 20 statsverkets
632 1294 52 21 fond
695 1302 27 13 av
732 1295 192 26 rusdrycksmedel,

131 1324 50 20 med
197 1325 12 19 2
219 1324 42 20 000
278 1324 31 21 kr.
326 1324 34 20 till
377 1324 40 20 121
428 1324 42 20 000
486 1324 31 20 kr.

87 1394 10 16 3
115 1390 41 19 För
171 1389 138 21 anordnande
325 1396 26 14 av
367 1396 25 13 en
409 1389 111 27 paviljong
534 1389 38 21 vid
587 1391 80 19 statens
683 1389 132 21 vårdanstalt
830 1390 12 19 å
856 1390 69 19 Venn-

130 1426 51 19 garn
205 1419 33 20 för
261 1419 139 20 alkoholister
415 1420 7 19 i
438 1419 145 26 huvudsaklig
606 1419 211 21 överensstämmelse
834 1419 50 20 med
899 1426 26 14 av

130 1449 120 20 arkitekten
273 1444 25 25 Å.
318 1449 102 26 Tengelin
439 1449 127 26 uppgjorda,
583 1449 41 20 den
641 1449 27 20 20
685 1451 52 24 sept.
756 1449 56 20 1929
828 1449 97 26 dagteck-

129 1478 55 21 nade
202 1479 105 26 ritningar
326 1479 50 20 med
392 1479 46 20 däri
454 1485 26 14 av
495 1479 159 20 statsutskottet
669 1479 99 20 förordad
784 1479 91 26 ändring
890 1485 35 14 an-

129 1509 56 19 visas
208 1509 34 20 för
265 1508 125 26 budgetåret
408 1507 124 28 1930/1931
550 1510 31 19 ett
597 1511 60 18 extra
669 1509 215 25 reservationsanslag
899 1515 26 14 av

130 1538 41 20 165
180 1538 43 20 000
240 1538 30 21 kr.
288 1541 32 18 att
335 1539 51 25 utgå
402 1545 25 14 av
444 1538 137 21 statsverkets
597 1538 53 21 fond
665 1545 26 14 av
707 1538 191 27 rusdrycksmedel.

87 1608 9 16 4
115 1604 41 20 För
179 1604 126 26 budgetåret
329 1602 124 26 1930/1931
480 1604 84 20 anvisar
587 1604 37 20 RD
646 1604 46 20 dels
714 1604 34 20 till
763 1604 121 27 främjande
899 1611 27 13 av

130 1633 269 27 nykterhetsnämndernas
417 1633 137 20 verksamhet
568 1640 29 13 m.
614 1640 29 14 m.
660 1635 31 19 ett
706 1635 60 19 extra
781 1634 144 20 reservations-

130 1663 75 26 anslag
220 1670 26 13 av
263 1663 27 20 60
300 1663 42 20 000
359 1663 39 25 kr.,
414 1663 46 20 dels
476 1663 33 20 till
525 1663 74 26 bidrag
615 1663 33 21 till
664 1663 94 21 erkända
773 1664 39 19 och
829 1664 98 20 enskilda

130 1693 230 20 alkoholistanstalters
387 1693 167 20 driftkostnader
577 1695 31 18 ett
631 1695 60 18 extra
714 1693 163 26 förslagsanslag
900 1700 26 14 av

132 1722 41 21 150
182 1722 43 21 000
245 1723 38 24 kr.,
303 1722 46 21 dels
368 1723 34 20 till
421 1724 80 19 statens
520 1722 114 21 kostnader
649 1723 34 20 för
698 1723 75 25 farliga
789 1723 138 20 alkoholister

131 1759 28 13 m.
177 1759 29 13 m.
223 1754 31 19 ett
269 1754 61 19 extra
344 1752 166 26 förslagsanslag
525 1759 26 13 av
568 1752 12 20 5
590 1752 42 20 000
648 1753 39 24 kr.,
704 1752 45 21 dels
762 1753 34 20 till
807 1753 75 26 bidrag
892 1753 34 20 till

131 1782 138 20 anordnande
285 1789 26 13 av
327 1782 93 20 erkända
436 1782 219 20 alkoholistanstalter
668 1784 31 18 ett
709 1784 60 18 extra
779 1783 147 20 reservations-

131 1812 74 25 anslag
227 1818 27 14 av
278 1811 79 20 15000
381 1812 39 25 kr.,
444 1811 45 20 dels
505 1811 34 20 till
554 1818 57 14 resor
627 1812 36 20 vid
679 1812 206 26 tvångsinternering
901 1819 25 13 av

131 1841 139 20 alkoholister
286 1843 30 18 ett
332 1843 60 18 extra
407 1841 165 26 förslagsanslag
587 1848 26 13 av
631 1841 26 20 10
667 1841 42 20 000
725 1842 39 23 kr.,
781 1841 45 21 dels
842 1842 40 20 ock
893 1842 33 20 till

130 1870 259 27 interneringskostnader
409 1871 8 20 i
436 1871 56 20 vissa
515 1871 39 19 fall
577 1873 31 18 ett
631 1873 60 18 extra
714 1871 164 26 förslagsanslag
900 1878 27 14 av

131 1900 13 20 4
154 1900 43 21 000
213 1900 39 25 kr.,
269 1900 100 26 samtliga
384 1900 74 26 anslag
473 1902 32 18 att
520 1901 51 25 utgå
586 1907 26 13 av
628 1901 137 20 statsverkets
780 1901 53 20 fond
845 1908 26 14 av
883 1908 43 14 rus-

132 1930 158 26 drycksmedel;
318 1930 40 20 och
381 1930 109 26 medgiver
513 1930 44 25 RD,
582 1932 31 19 att
636 1937 26 14 av
685 1930 146 27 nyssnämnda
855 1931 73 26 anslag

132 1960 33 20 till
190 1960 75 26 bidrag
288 1960 33 20 till
345 1960 94 20 erkända
455 1960 39 20 och
510 1960 98 20 enskilda
624 1960 228 21 alkoholistanstalters
868 1960 59 21 drift-

131 1990 115 20 kostnader
268 1990 37 20 må
328 1990 74 20 kunna
425 1990 34 20 till
477 1989 94 21 erkända
587 1990 222 20 alkoholistanstalten
825 1990 103 21 Hemmet

132 2020 142 25 Gunnarskog
289 2020 33 20 för
332 2020 53 20 vård
396 2026 26 14 av
432 2019 111 26 kvinnliga
554 2020 138 20 alkoholister
703 2022 62 22 samt,
777 2020 70 20 därest
858 2020 70 20 denna

132 2049 79 21 anstalt
233 2049 120 26 nedlägges,
378 2050 54 20 efter
455 2049 91 21 särskild
568 2050 105 26 prövning
689 2057 25 13 av
730 2050 62 20 KM:t
807 2050 34 20 till
857 2057 70 13 annan

957 253 22 145 1B83LPsAIYA

1015 301 18 103 198[9ALLYS
1016 241 17 47 t9[9

1034 370 17 54 "doad
1035 299 22 64 syflen
1035 224 22 70 ung

1073 278 95 18 Motioner

1230 248 96 18 Utskotts-

1219 278 113 18 utlåtanden

1196 308 47 17 eller
1255 308 98 18 memorial

1398 231 53 17 Riks-

1389 261 71 22 dagens

1403 291 46 17 skri-

1395 321 62 17 velser

1517 260 119 17 Kamrarnas

1502 290 146 22 förhandlingar

1076 385 34 17 FK

1128 386 36 16 AR

1188 367 18 57 [meg

1230 373 17 48 "PAV

1284 386 17 16 2

1284 404 11 9 =

1344 376 17 45 BPIS

1398 386 17 27 IN

1445 376 18 45 BpIs

1493 374 65 17 Första
1565 369 20 32 |
1592 373 66 18 Andra

1488 398 71 17 kamm.
1559 394 27 30 |
1589 398 71 17 kamm.

942 468 55 21 1929

941 1073 58 23 1930

1014 1074 40 21 13.5

1011 1109 46 23 p.32

1013 1206 42 20 1:5

1010 1240 47 23 p-33

1014 1390 40 21 1:5

1010 1425 47 23 p.34

1086 1605 27 20 25

1072 1635 41 21 109

1126 1605 41 20 183

1344 1081 25 15 43

1345 1211 24 16 43

1344 1395 25 17 45

1344 1610 25 16 46

1388 1077 12 20 5
1409 1077 53 20 All6

1388 1208 13 20 5
1411 1208 51 21 Ali6

1388 1392 12 20 5
1409 1392 53 20 Al16

1387 1605 12 21 5
1409 1605 53 21 Ali7

1493 1076 33 21 23:
1537 1082 25 15 32
1563 1072 22 34 |
1594 1076 69 21 24:88

1493 1207 69 21 23:82
1565 1203 22 34 |
1595 1208 33 20 24:
1640 1212 24 16 88

1492 1391 34 21 23:
1537 1396 25 16 82
1564 1387 22 34 |
1594 1392 34 20 24:
1639 1396 24 16 83

1485 1604 34 21 23:
1530 1605 41 21 838d|
1594 1605 70 21 24:88
