1845 2359
164 152 42 21 178
900 158 136 15 SAKREGISTER

183 436 168 28 Avsöndringar
367 444 26 14 m.
410 444 27 14 m.

197 468 63 20 Inom
280 466 162 28 Östergötlands
457 467 46 20 län:

171 502 23 16 11
213 498 38 20 RD
267 497 115 26 medgiver,
400 499 36 21 att,
454 497 65 21 sedan
535 497 198 26 kronoegendomen
751 496 10 20 1
774 497 81 20 mantal
867 497 96 26 Skogsby
974 496 45 21 nr
998 492 23 35 1

228 528 67 26 jämte
315 527 97 27 Skogsby
427 534 25 13 nr
468 527 19 24 2,
505 534 25 13 en
546 527 79 27 utjord,
642 527 7 20 i
665 526 140 22 Väversunda
820 527 78 20 socken
914 526 62 21 blivit
992 533 31 19 ge-

228 564 51 14 nom
296 557 133 26 vederbörlig
444 557 251 26 lantmäteriförrättning
711 556 63 21 delad
789 557 8 19 i
809 557 26 20 12
847 557 64 20 lotter
922 557 8 19 i
941 556 82 21 huvud-

228 587 70 26 saklig
305 587 211 21 överensstämmelse
527 587 50 20 med
588 587 41 20 vad
638 586 184 27 domänstyrelsen
830 587 100 24 förordat,
940 593 84 14 samma

228 617 64 21 lotter
307 618 36 19 må
358 624 38 14 var
411 618 33 19 för
459 617 32 26 sig
506 617 98 27 försäljas
620 617 68 20 under
703 617 58 21 vissa
776 617 92 26 angivna
884 617 83 20 villkor.

172 682 24 15 12
213 677 39 20 RD
267 677 115 26 medgiver,
399 679 32 18 att
446 679 31 18 ett
491 677 7 20 i
514 676 233 27 statsrådsprotokollet
757 677 124 20 omförmält
891 676 86 21 område
989 677 35 20 må

229 707 103 27 avskiljas
347 707 48 20 från
410 707 199 26 kronoegendomen
625 706 121 21 Västerlösa
762 713 25 14 nr
799 706 11 21 1
822 707 7 20 i
840 707 90 26 Roglösa
946 707 78 20 socken

229 737 40 21 och
292 737 50 21 med
364 737 124 26 äganderätt
512 737 100 26 upplåtas
635 737 33 20 till
685 737 132 25 Borghamns
833 737 190 20 konsumtionsför-

229 768 64 25 ening
316 774 20 14 u.
354 774 20 19 p.
392 774 17 13 a.
426 769 46 19 mot
490 774 27 14 en
533 767 151 27 köpeskilling,
704 766 73 21 vilken
792 767 47 20 icke
855 768 36 19 må
900 767 124 26 understiga

231 797 65 21 2400
312 797 31 20 kr.

172 856 24 15 13
214 851 38 20 RD
268 850 114 27 medgiver,
400 852 31 19 att
446 852 31 19 ett
492 851 7 20 i
513 851 233 26 statsrådsprotokollet
755 850 125 21 omförmält
890 850 87 21 område
988 857 34 13 om

231 880 26 21 15
278 887 23 14 ar
319 881 36 20 må
369 881 47 20 från
433 881 199 26 kronoegendomen
648 879 27 28 2/,
693 881 82 20 mantal
791 881 96 25 Follinge
902 887 26 13 nr
944 881 13 19 2
973 880 50 20 med

229 911 119 26 Fallsbergs
364 911 64 20 frälse
443 910 73 27 utjord
532 911 7 20 i
555 910 129 26 Allhelgona
699 911 78 20 socken
793 910 98 27 försäljes
905 910 50 21 med
966 910 57 20 hem-

230 941 98 20 budsrätt
349 941 34 20 för
397 941 26 20 N.
440 941 19 20 J.
476 941 23 19 E.
516 940 104 21 Axelsson
640 941 39 20 och
696 940 49 21 med
761 940 106 21 förbehåll
883 947 35 14 om
934 942 42 18 rätt
991 940 33 20 för

230 970 149 21 Svartådalens
395 970 115 21 elektriska
525 970 63 21 kraft-
605 970 39 21 och
660 970 247 26 distributionsförening
921 972 32 19 att
968 970 56 21 hava

229 1001 7 20 i
251 1000 88 21 ärendet
354 1000 142 21 omförmälda
512 1000 115 21 elektriska
642 1000 111 26 ledningar
768 1000 137 26 framdragna
918 1002 50 19 över
981 1007 43 13 om-

229 1030 66 21 rådet.

172 1088 24 16 14
214 1084 38 20 RD
274 1083 115 26 medgiver,
413 1085 31 18 att
467 1085 31 18 tre
517 1084 7 19 i
543 1083 232 27 statsrådsprotokollet
793 1083 144 21 omförmälda
955 1083 68 26 lägen-

229 1114 59 20 heter
304 1114 36 20 må
355 1120 37 14 var
405 1114 33 19 för
449 1114 31 25 sig
490 1113 50 21 med
551 1113 93 26 angivna
654 1113 101 21 områden
766 1114 48 19 från
824 1113 199 26 kronoegendomen

230 1144 11 19 1
258 1143 83 21 mantal
363 1139 96 25 Ånestad
478 1150 25 13 nr
520 1144 11 19 1
549 1143 51 20 eller
615 1139 149 25 Ånestadlund
779 1144 8 19 i
802 1143 73 20 Kärna
890 1143 78 21 socken
984 1143 38 20 för-

229 1174 71 26 säljes,
317 1173 50 20 med
382 1175 43 18 rätt
440 1174 33 19 för
489 1173 126 26 lägenheten
630 1173 102 20 Fridhem
748 1173 33 20 till
797 1173 27 20 fri
840 1174 119 25 utfartsväg
974 1175 50 18 över

229 1203 210 26 kronoegendomens
456 1203 66 20 mark.

173 1262 23 16 15
214 1257 38 20 RD
268 1256 115 26 medgiver,
400 1258 31 19 att
446 1256 36 21 det
498 1257 12 19 å
520 1263 26 14 en
557 1263 27 14 av
597 1256 240 21 distriktslantmätaren
847 1257 24 19 E.
884 1257 25 20 G.
921 1257 103 20 Petrelius

229 1288 23 19 år
276 1286 57 21 1926
356 1286 116 27 upprättad
494 1286 61 20 karta
570 1287 92 25 angivna
677 1286 97 21 området
789 1293 27 14 av
831 1286 103 26 Ombergs
950 1287 73 20 krono-

230 1317 59 26 park,
301 1316 68 20 kallat
379 1316 125 26 lägenheten
517 1316 83 24 Strand,
612 1317 37 19 må
659 1316 98 27 försäljas
769 1316 33 20 till
813 1316 110 20 Stiftelsen
935 1316 88 21 Strands

229 1346 94 21 vilohem
346 1346 33 20 för
401 1346 196 26 kroppsarbetande
621 1346 91 20 kvinnor
735 1348 46 18 mot
799 1353 26 13 en
838 1346 144 26 köpeskilling
997 1353 26 14 av

230 1376 64 21 2000
311 1376 30 20 kr.
358 1376 40 20 och
414 1376 69 20 under
498 1376 56 21 vissa
570 1376 83 20 villkor.

199 1436 63 20 Inom
278 1434 135 28 Jönköpings
428 1435 45 20 län:

173 1471 23 15 16
214 1465 38 21 RD
268 1465 114 26 medgiver,
399 1467 38 22 att,
454 1465 64 21 sedan
535 1465 199 26 kronoegendomen
752 1465 10 20 1
775 1465 81 20 mantal
867 1465 94 21 Hättebo
974 1472 25 13 nr
1011 1465 11 20 1

229 1496 7 19 i
252 1495 84 26 Nydala
358 1495 78 20 socken
460 1495 63 20 blivit
540 1495 98 20 fördelad
653 1495 7 20 i
676 1495 46 20 dels
738 1496 30 19 tre
784 1496 12 19 å
813 1495 133 26 Strindbergs
963 1495 60 21 karta

229 1525 50 20 med
297 1525 41 20 litt.
359 1525 38 25 Aa,
414 1525 33 20 Ab
464 1525 39 20 och
520 1526 30 19 Ac
565 1524 146 21 betecknande
726 1525 64 20 lotter
805 1537 28 2 —
849 1525 67 20 lotten
931 1525 42 20 litt.
990 1526 33 19 Ab

229 1555 117 20 eventuellt
366 1555 50 20 med
440 1555 41 20 den
503 1555 114 26 jämkning
632 1555 8 19 i
655 1554 91 25 arealen,
762 1561 46 14 som
825 1555 49 20 med
890 1555 84 26 hänsyn
990 1555 33 20 till

228 1585 42 20 vad
293 1585 103 20 utskottet
415 1585 71 20 anfört
504 1585 36 20 må
555 1585 96 20 befinnas
666 1584 90 27 lämplig
772 1596 28 3 —
816 1585 40 20 och
872 1585 46 20 dels
934 1592 26 13 en
976 1585 46 24 lott,

228 1621 46 14 som
298 1616 84 25 utgöres
401 1621 26 14 av
445 1614 143 27 egendomens
603 1614 139 24 återstående,
759 1615 33 20 för
806 1615 131 26 förvaltning
953 1615 69 20 såsom

228 1645 121 26 kronopark
364 1644 93 21 avsedda
473 1644 40 25 del,
529 1644 74 21 därvid
615 1644 131 26 egendomen
757 1644 129 21 tillhörande
897 1645 125 20 fiskevatten

228 1675 8 20 i
251 1675 85 26 sjöarna
358 1674 86 21 Rusken
464 1675 39 20 och
522 1674 91 27 Lillsjön
629 1676 101 18 ävensom
746 1674 33 20 till
795 1676 86 25 grustag
896 1676 69 19 avsett
980 1681 42 13 om-

228 1704 50 21 råde
302 1704 60 21 skola
380 1705 70 20 såsom
466 1704 33 20 för
515 1704 91 21 lotterna
622 1704 115 20 samfällda
752 1704 155 26 tillhörigheter
922 1706 100 22 avsättas,

229 1734 26 21 de
270 1737 32 18 tre
317 1734 150 21 förstnämnda
483 1734 91 20 lotterna
589 1734 41 20 litt.
648 1734 37 24 Aa,
702 1734 34 20 Ab
752 1734 39 20 och
808 1735 30 20 Ac
854 1735 36 19 må
901 1741 37 13 var
948 1735 33 20 för
992 1735 31 25 sig

228 1764 105 27 försäljas.

172 1822 24 16 17
213 1818 38 20 RD
266 1818 115 25 medgiver,
398 1819 32 18 att
445 1819 31 19 tre
492 1818 7 19 i
516 1817 232 27 statsrådsprotokollet
758 1817 143 21 omförmälda
912 1818 33 20 till
956 1818 67 20 Norra

228 1847 75 21 Vedbo
326 1847 212 26 häradsallmänning
552 1847 8 20 i
576 1847 57 26 Säby
657 1847 77 20 socken
757 1847 94 20 hörande
870 1847 101 20 områden
987 1854 36 14 om

228 1877 119 26 respektive
372 1877 87 24 0.2359,
476 1877 78 21 0.1873
572 1877 40 20 och
629 1876 78 21 0.1684
725 1877 76 20 hektar
816 1878 36 19 må
868 1877 33 20 till
917 1877 7 20 i
940 1884 83 13 samma

228 1907 105 26 protokoll
357 1907 92 26 angivna
473 1913 100 20 personer
596 1908 45 19 mot
660 1913 27 13 en
703 1907 144 26 köpeskilling
862 1913 26 14 av
904 1907 119 27 respektive

230 1936 71 25 1415,
327 1936 64 21 1123
415 1937 39 20 och
480 1936 64 21 1000
568 1936 30 20 kr.
623 1936 98 27 försäljas
737 1936 68 21 under
820 1936 79 21 villkor
914 1938 31 19 att
960 1937 62 26 köpe-

228 1967 140 25 skillingarna
391 1966 108 21 användas
522 1966 33 20 till
574 1966 66 26 inköp
656 1966 33 20 för
705 1966 171 26 allmänningens
891 1967 91 25 räkning
997 1973 26 14 av

228 1996 147 27 skogbärande
398 1996 62 20 mark
479 1998 57 19 samt
551 1997 32 19 att
598 1996 41 20 den
654 1996 68 25 mark,
739 2002 45 14 som
801 1996 91 21 sålunda
907 1996 115 25 förvärvas,

229 2026 90 21 erhåller
342 2026 144 26 allmännings
510 2027 63 19 natur
591 2026 40 20 och
647 2026 155 20 sammanföres
817 2026 68 20 under
900 2033 122 19 gemensam

228 2056 141 26 hushållning
383 2056 50 20 med
449 2056 166 26 allmänningen.

1113 221 41 33 on
1496 227 53 17 Riks-

1059 250 17 26 3
1113 253 35 26 SÅ
1213 275 3 3 E
1317 241 106 41 Utskotts-
1486 257 72 22 dagens
1615 257 119 18 Kamrarnas

1064 271 7 31 Fr
1089 271 21 31 |
1113 275 152 17 "Motioner
1305 271 123 31 utlåtanden
1510 287 28 17 kad
1601 287 96 17 förhandli

1059 296 94 24 Pills
1293 305 46 17 eller
1351 304 99 18 memorial
1500 293 46 11 RS
1646 292 100 17 ASO

1059 311 17 27 SS
1113 317 41 24 IR
1492 317 63 17 velser

1059 337 9 21 XR
1112 340 40 11 4

1059 357 17 25 >
1113 352 35 28 leg
1285 365 59 21 gle
1440 372 18 12 2
1542 354 23 30 &
1557 350 13 51 |
1589 371 54 17 Första
1662 350 20 51 |
1691 371 42 18 And

1137 382 11 8 =
1286 378 11 11 &
1441 385 16 6 AR
1542 386 17 5 2
1616 377 40 11 rsta
1708 377 49 12 ndra

1060 381 64 21 FÖRR
1132 392 16 30 S
1173 383 34 16 FÖ
1285 390 17 32 E
1327 388 17 31 å
1381 382 16 27 2
1440 393 18 24 ?
1494 382 17 27 ä
1542 393 17 24 &
1558 389 16 32 |
1585 395 71 18 kamm.
1658 389 24 32 |
1687 396 72 17 kamm.

1038 497 56 20 1926]
1118 497 27 20 25
1277 498 25 20 10
1312 495 1 9 |
1397 497 126 21 T:13=61-:65|
1535 498 73 20 10150:
1620 503 24 15 125)
1693 498 53 20 Trea

1114 532 32 23 p.1

1312 605 2 29 |

1062 685 8 10 >»
1085 673 23 36 |
1118 678 27 20 25
1277 677 26 21 10
1397 677 247 21 T1=7)505)10146312:-)
1693 678 53 20 2:28

1114 713 35 23 p.2

1062 859 8 10 >»
1111 851 42 21 1135
1277 851 26 21 10
1382 852 27 20 251
1457 851 66 20 -6)131]
1550 857 9 15 så
1590 851 69 21 21:88)
1692 851 69 21 21:22

1115 886 34 23 p-4

1062 1091 8 11 >>]
1112 1084 41 20 185
1278 1084 26 20 10
1383 1084 27 20 251
1458 1083 67 22 6131]
1551 1090 9 15 sl
1591 1084 70 21 21:38]
1693 1084 69 20 21:22

1114 1119 35 23 p.5

1061 1265 8 10 >»
1111 1257 41 21 1135
1277 1258 27 20 10
1383 1257 27 20 251
1457 1256 67 21 6131]
1551 1263 9 15 8]
1591 1258 69 20 21:83]
1693 1257 69 21 21:22

1114 1293 35 22 p.6

1061 1474 8 10 >»
1083 1463 27 35 |
1117 1467 27 20 25
1277 1466 26 20 10
1398 1466 68 20 717)
1497 1466 60 21 6511]
1591 1466 52 20 6:12:
1659 1462 23 36 |
1692 1466 53 20 7:22

1114 1501 34 22 p.3

1061 1826 8 10 »
1117 1818 27 20 95
1278 1817 25 20 10
1382 1817 27 21 39
1485 1817 38 21 177
1589 1818 69 20 27:49
1661 1813 14 34 |
1692 1817 69 21 27:35
