1801 2337
840 82 222 20 SAKREGISTER

171 265 286 26 Avlöningsreglementen

213 295 148 25 kyrkoherde
375 296 8 20 i
398 296 85 20 svensk
498 296 138 26 församling
650 297 7 20 i
672 297 107 21 utlandet
793 298 26 20 K.
834 298 45 20 M:t
894 298 34 21 att
941 298 94 25 vidtaga
1049 298 6 20 i

213 325 257 25 statsrådsprotokollet
481 326 111 21 förordad
603 327 99 25 ändring
712 327 8 20 i
731 328 270 25 prästlönereglementet
1011 328 44 20 den

213 355 28 20 29
254 355 53 25 juni
321 355 55 21 1951
394 355 39 24 (nr
446 356 65 24 577),
524 357 62 19 samt
598 357 33 20 att
643 357 8 20 i
664 357 43 20 vad
721 363 66 14 avser
799 357 99 26 höjning
911 363 28 15 av
950 357 106 21 bostads-

213 385 117 25 avdragen
344 385 37 20 för
395 386 139 25 prästerliga
548 386 198 25 tjänstebostäder
760 387 93 25 vidtaga
866 387 8 20 i
888 387 168 25 statsrådspro-

213 414 98 21 tokollet
320 415 111 21 förordad
441 416 100 25 ändring
550 416 7 20 i
567 416 270 25 prästlönereglementet
847 417 43 20 den
900 417 28 21 29
937 417 52 25 juni
1000 417 54 21 1951

217 444 39 24 (nr
269 444 67 24 577);
350 445 43 20 och
405 445 152 26 bemyndigar
570 446 39 20 RD
622 446 26 20 K.
661 446 44 21 M:t
718 447 34 20 att
764 447 105 20 meddela
880 446 176 22 bestämmelser

213 479 52 21 ang.
275 474 275 27 beredskapsersättning
560 476 35 20 till
606 476 206 25 kryptoutbildade
822 476 185 21 kanslibiträden
1017 477 38 20 vid

213 504 146 26 Sydkustens
370 505 44 20 och
425 505 156 21 Västkustens
593 506 173 21 marindistrikt
777 507 61 20 samt
849 507 34 20 att
893 506 96 21 utfärda
1000 506 56 21 änd-

213 534 55 21 rade
277 534 177 21 bestämmelser
464 540 52 20 ang.
526 535 242 25 avlöningsförmåner
778 536 37 20 för
824 535 232 27 befattningshavare

212 564 8 20 i
241 565 89 20 statens
350 564 76 25 tjänst
446 565 38 20 vid
505 565 138 25 deltagande
662 566 8 19 i
691 565 82 21 kurser
792 566 8 20 i
821 566 234 25 företagsdemokrati

213 600 31 14 m.
256 600 42 18 m.;
311 594 44 20 och
367 594 136 26 godkänner
515 595 40 20 RD
568 601 28 14 av
608 595 26 20 K.
647 595 45 21 M:t
704 595 106 21 meddela
821 595 77 21 beslut
909 601 52 20 ang.
973 597 82 19 ersätt-

212 624 57 25 ning
283 624 37 20 för
334 624 302 26 beredskapstjänstgöring
650 625 34 20 till
699 625 49 21 dels
763 625 192 25 kryptoutbildad
969 625 87 21 kansli-

211 653 92 21 biträde
320 654 39 20 vid
378 654 142 21 Ostkustens
539 655 174 20 marindistrikt
730 655 44 20 och
792 655 49 21 dels
860 655 195 21 förrådsmästare

212 683 38 21 vid
267 684 62 20 vissa
345 684 119 20 marinens
480 684 232 24 drivmedelsförråd;
729 685 43 20 och
787 685 63 25 giver
866 685 39 20 RD
920 685 8 20 i
944 685 111 20 skrivelse

212 714 35 20 till
264 714 27 20 K.
308 714 45 20 M:t
368 714 116 20 tillkänna
500 714 44 20 vad
561 714 175 21 statsutskottet
752 714 79 21 anfört
845 715 8 20 i
869 715 45 20 anl.
930 721 29 14 av
974 715 81 20 motio-

212 749 74 14 nerna
300 749 38 15 om
353 743 74 21 sådan
441 744 89 20 ändrad
546 744 86 25 lydelse
646 750 29 14 av
688 744 28 21 28
732 744 9 23 $
758 745 88 20 statens
860 744 120 21 allmänna
994 745 61 20 avlö-

212 773 211 26 ningsreglemente
438 774 34 20 att
488 774 52 20 med
557 773 177 26 tjänstledighet
749 774 29 25 på
793 775 76 24 grund
885 780 28 14 av
928 775 7 20 i
950 774 105 25 tjänsten

213 803 101 25 ådragen
328 803 118 20 smittsam
460 803 119 25 sjukdom,
592 803 78 21 vilken
684 804 72 25 enligt
769 804 107 25 gällande
889 804 110 25 epidemi-
1011 803 44 21 och

212 833 164 25 epizootilagar
394 833 59 20 skall
472 833 105 21 anmälas
595 833 35 20 till
647 833 173 21 vederbörande
837 834 143 25 myndighet,
996 833 60 26 jäm-

213 863 79 20 ställes
303 863 178 25 tjänstledighet
491 863 30 25 på
531 863 76 25 grund
619 869 28 14 av
657 869 79 15 annan
747 864 117 20 smittsam
875 864 118 24 sjukdom,
1005 869 50 14 som

213 892 102 26 ådragits
327 893 8 20 i
347 893 179 25 sysselsättning
537 893 38 20 vid
588 893 173 24 laboratorium,
774 893 42 20 där
827 893 78 21 arbete
916 894 52 20 med
980 893 75 20 smitt-

213 923 79 20 ämnet
302 923 116 23 bedrives;
431 923 43 20 och
485 923 152 25 bemyndigar
649 923 39 20 RD
700 923 26 20 K.
738 923 45 21 M:t
794 924 34 20 att
839 923 105 21 meddela
955 923 100 21 bestäm-

213 953 83 20 melser
307 953 37 20 för
354 953 145 25 tjänstemän
509 953 38 20 vid
558 953 167 21 domänverket
734 953 8 20 i
752 953 66 25 fråga
828 959 38 14 om
876 954 118 23 semester,
1005 958 50 15 som

212 983 94 24 belöper
318 983 30 25 på
360 982 26 21 år
399 982 66 24 1954;
479 983 43 20 och
534 982 102 21 besluter
648 983 47 24 RD,
707 983 35 20 att
753 983 44 20 den
810 983 119 20 lärarinna
941 982 37 21 vid
991 982 64 21 fack-

213 1013 82 19 skolan
308 1012 36 20 för
355 1012 78 25 huslig
444 1012 108 20 ekonomi
564 1013 7 19 i
582 1012 110 25 Uppsala,
703 1018 51 15 som
765 1013 26 20 är
802 1012 205 21 föreståndarinna
1018 1012 37 20 för

213 1042 317 25 sömnadsundervisningen,
542 1041 59 21 skall
613 1042 43 24 äga
667 1041 94 25 åtnjuta
772 1041 96 21 särskilt
879 1041 85 21 arvode
973 1042 83 20 utöver

213 1072 38 19 lön
261 1072 52 20 med
323 1071 42 21 550
375 1071 34 21 kr.
419 1071 37 20 för
466 1071 32 21 år.

212 1131 40 20 RD
265 1131 152 25 bemyndigar
430 1131 26 20 K.
469 1131 45 20 M:t
526 1132 34 19 att
571 1131 93 25 vidtaga
677 1131 126 25 ändringar
815 1131 7 20 i
834 1132 89 20 statens
936 1131 119 20 allmänna

212 1161 263 24 avlöningsreglemente
492 1161 44 19 den
554 1160 27 21 30
598 1161 52 24 juni
669 1160 55 21 1948
745 1160 39 24 (nr
801 1160 53 24 436)
874 1161 7 20 i
898 1160 158 25 huvudsaklig

212 1190 232 20 överensstämmelse
456 1191 52 19 med
521 1191 37 20 det
571 1190 77 20 såsom
660 1190 76 25 bilaga
748 1190 38 20 vid
798 1189 257 26 statsrådsprotokollet

212 1221 54 19 över
278 1220 157 20 civilärenden
448 1220 36 20 för
497 1220 44 20 den
554 1220 27 20 14
592 1220 48 20 okt.
654 1220 56 20 1955
722 1219 83 26 fogade
817 1219 238 26 författningsförsla-

211 1250 44 24 get,
271 1249 152 25 bemyndigar
439 1249 26 21 K.
480 1249 45 21 M:t
541 1250 34 19 att
589 1250 93 24 vidtaga
698 1249 127 25 ändringar
838 1250 8 20 i
861 1248 194 26 avlöningsregle-

212 1280 88 19 mentet
311 1279 37 20 för
359 1279 135 20 folkskolan
505 1279 45 20 den
561 1279 27 21 30
599 1279 53 25 juni
665 1279 55 20 1948
735 1279 40 23 (nr
786 1279 64 24 437),
862 1278 193 26 avlöningsregle-

212 1310 87 20 mentet
315 1309 36 20 för
367 1309 181 25 kyrkomusiker
563 1309 44 20 den
622 1309 13 20 9
650 1308 53 25 juni
719 1308 55 21 1950
793 1308 39 24 (nr
847 1308 65 24 385),
927 1308 128 25 prästlöne-

212 1339 151 25 reglementet
375 1339 45 20 den
433 1338 27 21 29
473 1338 52 25 juni
539 1338 54 20 1951
611 1338 40 23 (nr
663 1338 53 24 577)
733 1339 61 20 samt
806 1338 249 25 avlöningsreglemen-

211 1369 33 20 tet
262 1368 37 20 för
317 1368 219 20 statsunderstödda
555 1368 176 25 folkhögskolor
749 1368 43 20 och
810 1367 245 21 lantbruksundervis-

212 1398 184 25 ningsanstalter
410 1398 44 20 den
467 1398 27 20 27
509 1398 93 25 augusti
617 1398 53 20 1951
689 1398 40 23 (nr
742 1397 53 25 615)
812 1398 111 20 ävensom
936 1397 28 21 de
976 1397 79 25 övriga

212 1428 176 25 författningar,
400 1433 51 15 som
462 1427 130 20 innehåller
604 1427 175 21 bestämmelser
790 1433 39 14 om
841 1426 214 26 sjukvårdsförmå-

211 1464 49 17 ner,
274 1459 62 19 samt
348 1458 8 20 i
370 1458 107 24 gällande
491 1457 340 25 statsbidragsbestämmelser;
846 1457 44 20 och
903 1456 152 26 bemyndigar

212 1488 39 20 RD
268 1488 27 20 K.
311 1488 46 20 M:t
372 1488 34 19 att
421 1487 106 20 meddela
542 1487 176 20 bestämmelser
732 1492 39 15 om
785 1486 149 21 bestridande
949 1492 29 14 av
992 1486 63 20 kost-

212 1518 73 19 nader
299 1517 36 20 för
349 1517 160 25 sjukhusvård
523 1517 43 19 och
579 1517 147 19 vaccination
739 1517 7 20 i
759 1516 63 21 vissa
835 1516 41 20 fall
889 1516 44 20 och
946 1521 38 15 om
998 1516 57 20 anli-

211 1547 71 20 tande
297 1553 28 14 av
339 1546 218 26 anvisningsläkare
571 1547 43 19 och
629 1546 254 20 konsultationsläkare
897 1547 62 19 samt
972 1546 34 20 att
1019 1546 36 19 ut-

212 1577 68 20 färda
294 1577 28 20 de
336 1576 311 25 övergångsbestämmelser,
661 1582 50 14 som
725 1576 46 19 kan
784 1575 32 20 bli
830 1575 151 25 erforderliga
994 1575 8 20 i
1015 1580 40 15 an-

211 1606 95 25 ledning
316 1612 28 14 av
353 1606 154 20 förenämnda
517 1605 94 25 förslag.

210 1660 10 20 I
231 1660 46 20 anl.
289 1666 28 14 av
328 1660 64 20 RD:s
403 1660 125 20 revisorers
539 1660 128 23 uttalande,
678 1661 34 19 att
721 1666 29 14 en
760 1660 99 25 översyn
869 1666 29 14 av
907 1659 147 21 bestämmel-

211 1695 69 15 serna
291 1695 39 14 om
342 1689 107 25 förening
461 1695 28 14 av
499 1689 75 25 tjänst
586 1690 52 19 med
649 1689 222 26 tjänstebefattning
882 1690 55 20 eller
948 1689 106 25 uppdrag

210 1719 42 20 bör
263 1719 48 24 ske,
322 1719 126 25 lämpligen
458 1719 7 20 i
476 1719 113 20 samband
600 1719 52 20 med
663 1719 44 20 den
717 1725 29 14 av
757 1719 55 21 1955
823 1719 38 20 års
872 1719 38 20 RD
922 1719 132 25 föreslagna

211 1750 129 24 översynen
353 1755 29 14 av
395 1749 27 20 de
435 1749 93 25 statliga
541 1749 295 25 avlöningsreglementena
848 1749 63 25 giver
924 1748 39 21 RD
975 1748 8 21 i
995 1748 59 20 skri-

210 1779 62 20 velse
281 1779 36 20 till
327 1779 26 20 K.
363 1779 45 20 M:t
417 1778 116 21 tillkänna
542 1779 43 20 vad
595 1779 115 20 utskottet
719 1778 86 21 anfört.

211 1808 39 21 RD
263 1808 153 26 bemyndigar
428 1808 26 21 K.
467 1809 45 20 M:t
525 1810 33 19 att
570 1809 93 25 vidtaga
676 1809 126 25 ändringar
813 1810 8 20 i
833 1810 89 20 statens
935 1809 119 21 allmänna

210 1838 264 25 avlöningsreglemente
491 1839 44 20 den
552 1838 27 20 30
597 1838 52 25 juni
668 1838 55 21 1948
744 1839 39 23 (nr
800 1838 53 25 436)
873 1839 8 20 i
897 1839 157 25 huvudsaklig

210 1868 233 20 överensstämmelse
455 1869 51 19 med
519 1869 38 19 det
570 1868 77 20 såsom
659 1868 76 26 bilaga
747 1869 37 20 vid
797 1869 257 25 statsrådsprotokollet

210 1899 55 19 över
277 1898 157 20 civilärenden
448 1898 36 20 för
496 1898 45 20 den
553 1898 13 21 6
579 1898 59 25 april
652 1898 56 21 1956
721 1898 83 25 fogade
816 1898 238 26 författningsförsla-

210 1929 44 24 get,
267 1928 93 25 vidtaga
373 1928 126 25 ändringar
510 1928 7 20 i
530 1928 273 25 avlöningsreglementet
815 1928 37 20 för
863 1928 135 21 folkskolan
1010 1928 43 20 den

210 1957 28 21 30
254 1957 53 26 juni
325 1957 56 21 1948
401 1958 39 23 (nr
457 1958 64 23 437),
537 1958 274 25 avlöningsreglementet
827 1958 37 20 för
879 1958 175 25 övningslärare

211 1988 45 20 den
268 1987 13 20 9
293 1987 52 25 juni
359 1987 55 21 1950
430 1987 39 24 (nr
480 1987 65 24 386),
557 1988 271 25 prästlönereglementet
838 1988 45 20 den
894 1988 27 20 29
933 1988 52 24 juni
998 1987 54 20 1951

215 2017 39 23 (nr
271 2017 65 24 577),
353 2017 265 25 polislönereglementet
634 2017 44 20 den
696 2017 27 20 14
739 2017 47 25 maj
806 2017 57 21 1954
882 2018 39 23 (nr
937 2017 54 24 226)
1011 2017 43 20 och

211 2047 156 25 kungörelsen
383 2047 44 20 den
443 2047 13 20 9
472 2046 121 21 december
609 2047 56 20 1955
684 2047 40 22 (nr
739 2046 53 25 633)
811 2047 52 20 med
878 2047 177 20 bestämmelser

211 2083 38 13 om
266 2076 247 25 sjukvårdsförmåner
530 2076 37 20 för
583 2077 62 19 vissa
661 2076 117 25 polismän
794 2077 8 20 i
817 2076 158 26 huvudsaklig
991 2077 63 19 över-

211 2106 177 21 ensstämmelse
401 2106 51 20 med
465 2106 44 20 vad
521 2106 7 20 i
541 2106 257 25 statsrådsprotokollet
810 2106 74 20 under
896 2107 21 19 II
929 2106 125 23 förordats,

1196 170 100 31 Motioner
1353 170 82 31 Utskott
1519 186 4 4 -
1596 174 92 18 Protokoll

1077 195 24 20 År
1097 191 20 32 |
1123 198 53 21 Prop.
1483 186 57 41 rd
1638 180 36 12 Ke

1205 228 31 17 FK
1237 223 24 32 |
1270 228 32 17 AK
1322 228 88 17 |SmillAvd|
1433 228 26 17 Nr
1580 223 26 32 FEK
1680 229 32 16 AK

1080 300 29 22 55]

1078 1131 30 22 55l
1129 1133 44 21 2081]
1219 1145 26 3 —I
1284 1145 26 3 —J]
1349 1133 14 20 6)
1385 1133 200 21 —|18713883130:
1600 1138 10 15 6
1649 1134 36 20 130:
1702 1138 19 16 11

1078 1161 23 22 H

1078 1661 30 23 56]
1148 1676 26 3 —I
1218 1675 26 3 —I
1283 1676 27 3 —J)
1349 1664 13 20 6)
1385 1676 26 2 —I
1440 1664 144 20 941234117:
1599 1668 23 16 26
1650 1664 36 20 |17:
1701 1668 23 16 32

1448 1698 21 15 69

1077 1810 30 22 561
1130 1813 42 20 158
1283 1824 26 3 —I
1349 1812 13 21 61
1384 1824 27 3 —|
1426 1812 158 21 1191272119:
1599 1816 22 16 29
1650 1812 35 21 119:
1701 1817 22 15 44
