1848 2361
168 156 42 21 176

902 164 137 15 SAKREGISTER

187 440 168 28 Avsöndringar
370 448 26 15 m.
413 449 26 13 m.

190 698 8 16 1
216 693 38 20 RD
278 693 123 27 godkänner
424 693 157 27 köpekontrakt
605 694 79 20 mellan
708 694 61 20 KM:t
787 694 40 20 och
846 694 88 24 kronan,
951 695 12 20 å
979 702 45 17 ena,

188 915 10 14 2
216 909 38 20 RD
270 909 114 26 medgiver,
408 911 32 18 att
462 909 88 21 vardera
576 916 26 14 av
630 910 150 26 lägenheterna
803 910 60 20 Prins
883 910 58 21 Carls
957 910 69 27 palats

200 1130 63 20 Inom
280 1128 185 22 Södermanlands
481 1130 44 20 län:

187 1165 10 15 3
215 1159 38 21 RD
272 1159 115 26 medgiver,
412 1159 45 21 dels
473 1161 32 19 att
520 1161 31 19 ett
566 1160 76 50 SE
657 1166 26 14 av
700 1160 60 20 mark
776 1161 36 19 må
828 1162 39 25 äga
882 1167 48 14 rum
946 1161 80 20 mellan

187 1678 10 15 4
216 1673 38 20 RD
270 1673 113 26 medgiver,
395 1673 45 20 dels
451 1675 31 18 att
493 1673 198 26 kronoegendomen
706 1672 27 29 !/,
745 1674 81 20 mantal
837 1674 127 21 Anderbäck
976 1682 25 13 nr
1013 1675 11 20 1

1056 257 22 145 1R83epsAIA

1114 304 18 105 198[9ALLYS
1114 245 17 47 IO][9

1133 376 17 53 "doid
1134 303 22 65 s7:len
1133 227 22 71 Bun

1172 281 94 18 Motioner

1331 252 93 17 Utskotts-

1318 281 112 18 utlåtanden

1294 311 47 17 eller
1353 311 99 18 memorial

1496 233 55 18 Riks-

1487 263 73 23 dagens

1501 294 46 17 skri-

1494 324 63 17 velser

1618 264 117 17 Kamrarnas

1602 294 146 22 förhandlingar

1177 389 32 17 FK

1228 390 35 16 AK

1287 372 17 57 [Meg

1329 378 17 48 "PAy

1383 389 16 17 4

1383 407 11 9 =

1442 379 17 45 epig
1424 360 42 2 |

1496 389 17 27 IN

1544 380 17 44 vpIS

1590 378 67 17 Första
1665 374 20 31 |
1693 378 64 17 Andra

1587 402 71 17 kamm.
1660 398 24 31 |
1689 402 70 17 kamm.

232 472 59 20 vilka
307 472 66 25 enligt
388 479 26 13 en
430 479 26 13 av
472 472 203 26 mätningsmannen
693 473 25 19 N.
736 473 100 25 Nyström
856 474 22 19 år
898 472 57 21 1924
973 480 51 19 upp-

232 501 70 21 rättad
315 502 78 20 karta
376 497 22 34 i
406 502 55 20 areal
477 502 115 25 innehålla,
610 504 80 19 tomten
709 503 11 20 6
731 502 62 21 098.9
812 502 158 21 kvadratmeter
986 503 39 20 och

232 532 141 26 gatumarken
390 531 10 21 1
405 531 70 21 053.6
493 532 164 24 kvadratmeter,
676 533 36 19 må
730 532 99 27 försäljas
847 533 34 20 till
900 533 124 20 handelsbo-

231 562 57 25 laget
304 561 49 21 med
369 562 62 20 firma
447 562 66 20 Eklöf
526 561 16 21 &
554 562 119 26 Degerman
684 563 7 19 i
703 562 72 21 Boden
792 563 32 19 för
840 569 26 14 en
882 563 144 26 köpeskilling

232 599 26 13 av
275 591 12 20 3
297 591 42 21 312
355 592 31 20 kr.
403 592 27 20 85
448 593 40 19 öre.

231 664 63 20 Inom
311 662 131 22 Stockholms
457 663 62 21 stad:

232 724 39 20 och
287 723 100 27 engelska
403 723 265 27 episkopalförsamlingen
683 724 8 20 i
707 724 131 25 Stockholm,
855 725 12 19 å
881 725 65 20 andra
957 725 68 25 sidan,

232 760 46 20 ang.
295 754 127 26 försäljning
438 760 26 14 av
480 755 82 19 tomten
578 761 25 13 nr
621 754 9 20 1
648 754 54 20 efter
720 754 55 20 1810
792 755 33 19 års
836 755 190 26 nummerordning

231 784 8 20 i
254 784 107 20 kvarteret
376 784 145 26 Kyrktomten
537 784 13 20 å
561 780 128 24 Östermalm
702 785 7 19 i
720 784 135 24 Stockholm;
867 785 39 20 och
918 785 109 26 medgiver

231 814 45 23 RD,
296 815 32 19 att
343 813 171 27 köpeskillingen
530 814 36 20 må
582 814 71 26 läggas
669 814 33 20 till
718 814 41 20 den
776 821 26 13 av
818 815 153 20 statskontoret
986 815 39 20 för-

230 843 85 21 valtade
331 850 16 14 s.
363 844 20 20 k.
401 843 204 27 Djurgårdsfonden.

230 939 40 20 och
287 939 87 20 Oakhill
389 940 13 19 å
417 939 62 21 södra
494 939 134 27 Djurgården
640 940 41 24 må,
693 939 71 21 därest
775 940 148 27 byggnaderna
935 941 12 20 å
957 940 70 26 lägen-

231 969 64 20 heten
311 969 108 21 förvärvas
435 976 26 14 av
476 969 136 20 främmande
628 970 67 24 makt,
712 970 100 26 upplåtas
828 970 34 20 till
878 970 56 27 plats
949 970 33 21 för
993 971 32 19 be-

231 999 165 26 skickningshus
405 999 33 20 för
448 999 90 20 berörda
548 999 60 20 makt
619 999 50 21 med
679 1000 162 26 nyttjanderätt,
853 1001 23 20 så
886 1000 61 26 länge
958 1000 68 26 lägen-

230 1029 65 20 heten
318 1029 108 21 användes
449 1029 33 20 för
498 1029 92 26 angivna
605 1029 107 25 ändamål,
730 1032 56 18 samt
801 1030 68 21 under
884 1030 26 20 de
926 1030 78 21 villkor
1019 1030 7 20 i

230 1058 69 26 övrigt
315 1065 45 13 som
377 1058 61 21 KM:t
454 1058 135 21 bestämmer.

229 1189 90 25 kronan,
341 1190 13 19 å
376 1196 40 13 ena
440 1189 68 25 sidan,
533 1189 39 20 och
616 1190 48 20 Åkers
687 1190 129 26 styckebruk
834 1191 70 20 såsom
923 1192 61 25 ägare
1000 1198 26 14 av

231 1219 139 26 skatteängen
387 1219 113 21 Stämman
515 1226 25 13 nr
556 1220 20 24 2,
593 1220 12 20 å
621 1219 67 21 andra
703 1220 69 25 sidan,
788 1221 28 26 på
826 1221 23 19 så
859 1222 42 19 sätt
912 1222 37 23 att,
961 1221 64 20 sedan

230 1249 37 20 det
282 1249 87 20 område
385 1256 26 13 av
427 1249 199 26 kronoegendomen
642 1249 90 27 Norrby,
749 1256 46 14 som
811 1251 12 19 å
839 1252 60 19 extra
914 1250 111 21 lantmäta-

229 1285 38 14 ren
290 1279 104 20 Strömers
419 1278 56 21 1925
498 1279 128 27 upprättade
649 1279 61 21 karta
728 1280 124 20 betecknats
867 1280 48 20 med
933 1280 94 27 ägofigur

231 1315 25 14 nr
273 1309 11 19 7
302 1315 35 14 om
360 1308 48 21 2.64
434 1309 81 24 hektar,
533 1309 28 27 på
576 1309 92 20 kronans
685 1309 118 21 bekostnad
818 1310 160 26 vederbörligen
993 1317 33 14 av-

230 1338 63 21 skilts
309 1339 47 20 från
372 1338 138 27 egendomen,
526 1339 96 20 nämnda
637 1339 87 20 område
739 1346 27 14 av
781 1340 82 20 kronan
878 1340 104 21 överlåtes
992 1340 34 21 till

217 1359 81 38 Åkers
314 1368 137 27 styckebruk,
467 1369 40 20 och
524 1370 31 19 att
566 1364 68 25 Åkers
645 1369 130 27 styckebruk
785 1369 34 21 till
830 1369 82 21 kronan
923 1370 103 21 överlåter

230 1398 150 26 äganderätten
396 1398 34 21 till
446 1398 127 27 lägenheten
589 1399 111 20 Stämman
716 1406 26 13 nr
758 1399 12 20 2
786 1399 50 21 med
847 1399 41 21 den
900 1400 67 25 mark,
979 1407 45 14 som

230 1429 13 19 å
261 1428 89 20 berörda
365 1428 61 20 karta
447 1428 106 21 utmärkts
569 1428 50 20 med
635 1429 118 26 ägofigurer
768 1436 25 13 nr
809 1430 12 19 5
838 1430 40 19 och
894 1430 12 19 6
923 1437 35 13 om
976 1431 47 20 2.31

230 1458 85 24 hektar;
340 1458 46 21 dels
409 1458 40 20 ock
465 1460 31 18 att
511 1460 70 24 torpet
597 1458 87 21 Stavdal
700 1459 36 20 må
752 1459 50 20 med
817 1459 37 20 det
869 1460 93 24 område,
979 1467 46 13 som

231 1487 120 21 detsamma
373 1488 91 20 erhåller
489 1488 66 20 sedan
574 1488 143 20 omförmälda
740 1489 86 20 område
850 1489 96 25 avskilts,
970 1492 56 18 samt

231 1517 50 20 med
301 1518 74 25 tillägg
390 1525 26 13 av
427 1518 126 26 lägenheten
570 1518 112 20 Stämman
698 1525 26 13 nr
740 1519 20 25 2,
776 1519 52 20 eller
843 1531 29 2 —
888 1519 71 21 därest
974 1520 51 20 före-

232 1547 95 20 nämnda
342 1548 90 26 utbyten
448 1547 47 21 icke
511 1548 88 20 komma
614 1548 34 20 till
664 1548 63 20 stånd
743 1560 29 3 —
788 1549 50 20 med
853 1549 123 21 nuvarande
990 1551 36 19 två

232 1579 65 24 ängar
319 1578 47 19 från
387 1577 199 27 kronoegendomen
607 1577 41 27 11/,
665 1578 82 21 mantal
763 1579 84 26 Norrby
862 1586 25 13 nr
905 1579 9 20 1
933 1580 39 20 och
990 1580 12 19 2
1002 1573 14 36 i

232 1602 68 25 Åkers
316 1608 39 20 och
372 1608 74 19 Länna
461 1608 90 20 socknar
566 1604 105 35 försäljas.

231 1703 8 20 i
257 1703 62 20 Tuna
333 1703 78 20 socken
427 1704 42 22 må,
486 1703 49 20 med
552 1703 110 26 undantag
680 1710 27 14 av
722 1704 143 26 egendomens
880 1705 90 20 utskifte
986 1705 39 20 och

233 1733 133 26 skogsskifte,
383 1733 99 27 försäljas
498 1733 100 26 antingen
614 1733 32 20 till
664 1733 85 21 avlidne
766 1734 21 20 C.
801 1736 24 18 A.
837 1734 113 21 Erikssons
961 1735 64 20 stärb-

230 1762 138 27 husdelägare
384 1763 34 20 för
433 1770 26 13 en
476 1763 144 26 köpeskilling
635 1770 26 13 av
678 1763 27 20 33
715 1763 42 21 300
774 1764 31 20 kr.
822 1766 31 18 att
869 1764 94 26 erläggas
976 1765 50 20 med

230 1799 26 14 en
280 1792 98 27 sjättedel
401 1793 36 20 vid
457 1793 103 20 tillträdet
579 1793 41 20 den
639 1792 27 21 14
682 1800 56 14 mars
755 1793 57 21 1928
828 1794 40 20 och
884 1801 26 14 en
926 1795 99 26 sjättedel

230 1822 41 21 den
296 1822 27 20 14
346 1829 56 14 mars
425 1823 59 26 varje
506 1829 27 14 av
556 1823 144 26 nästföljande
716 1824 44 19 fem
776 1824 23 20 år
815 1826 56 18 samt
886 1824 68 21 under
969 1825 57 20 vissa

229 1852 84 25 villkor,
337 1852 58 25 eller,
420 1852 71 21 därest
506 1852 134 21 förbemälda
656 1853 197 26 stärbhusdelägare
869 1854 46 20 icke
932 1854 94 26 begagna

230 1882 32 26 sig
285 1889 26 13 av
334 1882 142 21 omförmälda
500 1882 141 26 medgivande
665 1884 32 19 att
714 1883 99 21 förvärva
828 1884 132 25 egendomen
976 1884 49 20 med

229 1912 95 20 nämnda
347 1912 109 26 undantag
478 1912 34 20 till
536 1913 56 19 åsatt
610 1912 118 25 saluvärde,
746 1914 13 19 å
773 1913 98 26 offentlig
887 1914 89 20 auktion
992 1914 33 20 till

229 1941 42 21 den
287 1941 172 27 högstbjudande
475 1942 68 20 under
558 1942 26 20 de
600 1942 7 19 i
624 1942 72 20 brevet
706 1942 42 21 den
759 1943 27 19 29
799 1944 43 25 maj
856 1943 57 20 1874
924 1944 101 25 stadgade

228 1971 80 21 villkor
322 1971 51 21 med
388 1971 148 21 tillträdesrätt
551 1972 33 20 för
598 1972 79 26 köpare
688 1972 42 21 den
742 1972 27 20 14
780 1980 57 13 mars
849 1973 66 24 1928;
928 1973 45 21 dels
986 1974 39 20 ock

229 2003 31 18 att
275 2001 100 20 utskiftet
391 2002 36 19 må
442 2001 99 27 försäljas
557 2001 66 26 enligt
638 2002 98 25 gällande
746 2003 93 25 grunder
852 2003 31 20 för
893 2003 131 27 upplåtande

229 2037 26 15 av
274 2031 239 26 egnahemslägenheter
528 2031 47 20 från
592 2031 195 26 kronoegendomar
802 2033 50 20 med
867 2033 106 20 förbehåll
989 2040 35 13 om

228 2062 43 19 rätt
293 2061 33 20 för
341 2061 19 20 J.
378 2062 25 19 A.
420 2061 122 20 Andersson
566 2063 31 18 att
616 2062 125 25 avgiftsfritt
759 2062 68 20 under
843 2063 33 20 sin
892 2063 132 20 återstående

1041 474 54 20 1925

1041 694 56 23 1926

1113 695 42 20 173

1114 911 42 21 194

1113 1676 40 20 135

1117 1711 33 22 p.2

1280 696 25 20 10

1273 912 33 23 10

1281 1162 25 20 10

1279 1675 26 20 10

1385 1162 12 20 Do

1400 1162 12 20 [2

1486 695 39 20 136

1486 911 40 20 139

1460 1162 100 22 4131]
1539 1158 22 35 1

1459 1674 65 21 5131

1552 1681 9 15 ww

1672 444 2 24 |

1672 472 2 8 I

1591 696 69 20 21:88]
1693 697 69 20 21:22

1592 911 69 21 21:83],
1693 912 33 20 21:
1738 917 24 15 29

1593 1162 69 21 21:38
1663 1158 22 34 |
1694 1163 34 19 21:
1739 1168 24 15 23

1592 1674 171 22 21:881-81::29
