1848 2356
825 160 135 16 SAKREGISTER

1652 152 42 21 219

108 439 165 28 Avsöndringar
289 446 26 14 m.
332 446 26 14 m.

150 472 85 24 vägnar,
245 470 40 20 och
295 470 233 20 Stockholm—Rimbo
541 470 156 26 järnvägs-a.-b.
710 471 56 19 samt
777 476 26 14 av
814 469 41 21 den
868 469 26 20 13
906 470 39 19 och

151 500 40 20 den
209 500 26 20 27
253 502 52 24 sept.
326 500 62 24 1929,
405 500 49 20 med
470 500 74 26 tillägg
559 499 41 21 den
617 500 28 19 24
659 500 43 26 jan.
716 499 63 25 1930,
791 500 79 19 mellan
881 499 64 26 sagda

151 530 147 24 kommission,
315 530 12 20 å
344 530 98 24 kronans,
462 530 38 19 och
520 529 136 21 Stockholms
672 529 58 21 stads
744 529 200 26 fastighetsnämnd,

151 561 11 18 å
178 560 86 20 stadens
288 562 88 23 vägnar;
401 560 39 20 och
457 559 109 26 medgiver
581 560 44 23 RD,
643 561 31 18 att
690 566 26 13 av
732 559 26 20 de
774 566 76 18 genom
867 559 79 20 avtalet

151 589 49 20 med
217 589 83 26 bolaget
316 589 118 26 inflytande
450 589 86 20 medlen
552 589 36 19 må
605 589 103 20 bestridas
720 588 25 21 de
756 589 120 24 kostnader,
888 589 58 20 vilka

151 619 87 20 komma
254 621 31 18 att
301 620 78 25 uppstå
395 619 6 20 i
418 619 56 26 följd
490 626 25 13 av
532 618 90 21 avtalen.

120 691 61 19 Inom
200 690 130 22 Stockholms
345 691 45 19 län:

108 726 8 14 3
136 721 37 19 RD
196 720 114 26 medgiver,
335 722 31 18 att
388 721 47 19 från
459 720 41 20 den
516 720 163 26 telegrafverket
694 720 107 26 tillhöriga
817 720 128 26 fastigheten

149 751 73 25 Nynäs
238 750 167 20 villastadstomt
421 757 25 13 nr
457 750 27 20 60
496 750 6 20 i
515 750 106 20 kvarteret
633 750 133 20 Grankotten
777 751 7 19 i
795 750 151 26 Nynäshamns

149 780 80 26 köping
251 781 36 19 må
311 780 33 20 till
366 780 107 27 köpingen
490 782 52 18 utan
558 780 59 20 lösen
633 781 71 19 avstås
720 782 31 18 ett
766 780 67 25 enligt
848 780 98 26 gällande

149 810 110 26 stadsplan
276 810 33 20 för
325 810 126 26 utläggning
466 810 33 20 till
512 812 49 24 gata
571 810 132 26 erforderligt
714 810 86 20 område
811 817 26 13 av
848 810 99 26 omkring

149 840 14 19 4
173 839 42 21 000
232 840 128 20 kvadratfot.

106 910 9 15 4
134 905 71 20 KM:ts
216 905 79 26 förslag
306 912 35 13 om
352 905 128 27 försäljning
491 912 26 14 av
525 905 199 26 kronoegendomen
734 904 27 28 !/,
769 905 82 20 mantal
859 905 86 26 Nyvarp

149 942 25 13 nr
192 935 10 20 1
219 935 8 20 i
244 935 95 20 Värmdö
355 935 78 20 socken
449 935 101 20 förfaller.

119 1007 63 20 Inom
205 1005 97 28 Uppsala
319 1006 45 20 län:

107 1042 9 14 5
136 1037 38 19 RD
199 1036 114 26 medgiver,
338 1037 31 19 att
385 1038 30 18 ett
430 1036 13 20 å
458 1043 27 13 en
501 1042 26 14 av
543 1038 60 18 extra
618 1036 142 20 lantmätaren
776 1036 81 20 Adrian
873 1036 72 20 Brolin

150 1067 23 19 år
198 1066 56 20 1926
279 1065 116 27 upprättad
419 1066 61 20 karta
498 1067 97 19 närmare
611 1066 85 25 angivet
712 1065 86 21 område
814 1072 34 14 om
866 1065 78 21 0.5537

150 1096 77 20 hektar
243 1102 26 14 av
282 1096 125 20 hemmanet
419 1096 11 19 1
442 1095 82 21 mantal
534 1096 136 26 Hammarby
680 1096 43 19 nris
736 1096 56 19 1—2
803 1096 143 26 (Hammarby

151 1125 29 25 11,
199 1125 31 26 2!)
245 1126 8 19 i
269 1125 130 27 Bondkyrka
410 1125 78 20 socken
499 1125 49 20 med
560 1125 51 20 därå
621 1125 113 27 uppförda,
746 1125 81 20 kronan
838 1125 109 26 tillhöriga

151 1155 122 27 byggnader
289 1156 36 19 må
340 1155 105 27 försäljas.

107 1232 9 14 6
136 1227 37 20 RD
190 1226 114 26 medgiver,
321 1228 31 19 att
368 1227 65 20 sedan
447 1226 200 27 kronoegendomen
658 1226 28 28 !/,
697 1227 82 20 mantal
790 1227 95 26 Skogsbo
896 1234 25 13 nr
933 1227 11 20 1

150 1257 5 19 i
174 1257 74 26 Tierps
264 1257 78 20 socken
359 1257 63 20 blivit
437 1256 108 27 uppdelad
561 1257 7 19 i
584 1257 37 20 två
636 1256 68 25 lotter,
720 1257 126 20 hemskiftet
858 1257 50 20 med
919 1264 26 13 en

150 1287 57 20 areal
218 1292 29 15 'av
260 1287 93 20 95.6096
367 1287 75 20 hektar
452 1287 40 20 och
503 1286 143 26 skogsskiftet,
658 1286 126 21 hemskiftet
795 1287 35 19 må
840 1287 104 26 försäljas.

120 1358 63 20 Inom
200 1357 184 22 Södermanlands
401 1358 44 20 län:

108 1392 8 16 7
135 1388 38 20 RD
189 1388 109 26 medgiver
314 1390 31 18 att
361 1390 31 18 ett
403 1388 56 20 avtal
471 1389 36 19 må
517 1388 134 25 genomföras
662 1388 66 26 enligt
738 1388 95 27 följande
844 1388 100 26 grunder:

150 1418 170 20 Intressenterna
330 1418 7 20 i
346 1418 108 26 Oppunda
462 1418 212 25 häradsallmänning
682 1418 60 20 avstå
750 1418 50 20 med
808 1418 40 20 full
857 1418 88 26 ägande-

149 1449 43 19 rätt
207 1447 46 20 dels
269 1448 34 19 till
319 1448 81 20 kronan
412 1448 26 20 de
449 1448 34 20 till
494 1448 160 25 allmänningen
666 1447 94 21 hörande
771 1448 59 20 delar
840 1454 26 14 av
877 1448 68 25 lägen-

151 1477 63 20 heten
231 1478 94 25 Högnäs,
341 1478 59 20 vilka
411 1477 67 26 enligt
488 1484 26 13 en
525 1484 27 14 av
562 1478 65 19 förste
638 1477 142 21 lantmätaren
791 1478 24 19 A.
828 1478 32 19 W.
873 1477 72 21 Lodén

150 1508 23 19 år
194 1507 54 20 1897
266 1507 116 27 upprättad
399 1507 61 20 karta
475 1507 109 20 innehålla
602 1507 77 20 1.0600
697 1507 81 24 hektar,
795 1508 39 19 och
851 1507 45 21 dels
912 1507 34 20 till

149 1537 145 20 innehavaren
311 1544 25 13 av
353 1537 119 27 Claestorps
489 1537 155 20 fideikommiss
665 1537 56 20 vissa
736 1537 33 20 till
786 1537 158 26 allmänningen

150 1566 94 21 hörande
266 1567 111 26 ägoribbor
395 1567 56 20 intill
468 1567 124 20 hemmanet
608 1566 27 27 !/s
652 1567 82 20 mantal
751 1567 118 26 Strångäng
884 1574 25 13 nr
926 1567 18 25 1,

149 1597 13 19 å
185 1603 26 13 en
234 1603 26 14 av
283 1597 241 20 distriktslantmätaren
548 1598 25 19 A.
597 1597 100 20 Hedman
717 1597 22 19 år
758 1596 54 21 1921
830 1597 115 26 upprättad

150 1627 61 20 karta
234 1627 109 20 utmärkta
366 1627 49 20 med
432 1627 145 26 ägofigurerna
593 1634 25 13 nr
636 1626 84 21 15—21
738 1627 40 20 och
793 1627 152 20 innehållande

150 1656 91 26 tillhopa
260 1656 79 21 0.4630
360 1657 81 20 hektar.
475 1657 165 25 Allmänningen
660 1656 91 20 erhåller
766 1663 26 14 av
808 1657 81 20 kronan
906 1657 38 20 och

150 1686 94 20 nämnda
255 1686 156 21 fideikommiss
422 1688 133 24 gemensamt
565 1687 50 20 med
625 1686 41 21 full
677 1686 124 26 äganderätt
809 1687 135 25 kronolägen-

149 1716 64 20 heten
238 1717 183 25 Strångängshage
443 1723 25 13 nr
485 1717 11 19 1
513 1723 35 13 om
568 1717 76 20 1.2470
661 1716 76 20 hektar
753 1719 56 18 samt
824 1723 26 13 av
863 1717 81 20 kronan

155 1748 30 18 ett
208 1746 77 26 belopp
307 1753 26 13 av
354 1746 42 20 200
413 1746 83 20 kronor.
528 1747 31 19 De
575 1746 50 20 med
640 1746 78 26 fången
734 1746 100 20 förenade
850 1747 94 25 lagfarts-

149 1776 144 20 kostnaderna
316 1776 61 20 skola
401 1776 103 20 bestridas
528 1783 25 13 av
573 1776 90 24 kronan;
681 1778 56 18 samt
752 1779 31 17 att
799 1776 146 26 nyssnämnda

150 1806 78 26 belopp
252 1805 42 20 200
319 1806 30 20 kr.
371 1807 36 19 må
423 1806 103 20 bestridas
543 1813 25 13 av
584 1806 26 20 de
626 1806 33 20 till
675 1806 66 26 inköp
758 1813 25 13 av
799 1806 145 26 skogbärande

148 1835 52 21 eller
217 1835 33 20 till
267 1836 117 25 skogsbörd
400 1836 77 26 tjänlig
493 1836 60 20 mark
570 1836 92 20 avsedda
677 1836 76 20 medel.

105 1911 9 15 8
134 1907 37 19 RD
195 1907 114 25 medgiver,
335 1909 30 18 att
387 1907 66 20 sedan
476 1907 198 26 kronoegendomen
693 1907 41 26 5!/;
752 1907 80 20 mantal
850 1907 94 20 Rävsnäs

148 1936 121 26 kungsgård
293 1943 25 13 nr
344 1936 9 20 1
375 1937 67 25 jämte
459 1937 95 20 Rävsnäs
570 1943 25 13 nr
611 1937 19 24 2,
648 1943 26 13 en
690 1937 73 24 kvarn,
780 1937 62 20 blivit
857 1937 87 26 jämlikt

148 1966 61 25 lagen
226 1973 34 13 om
277 1967 200 25 sammanläggning
493 1973 26 13 av
534 1966 125 26 fastigheter
674 1967 13 19 å
697 1966 73 20 landet
782 1967 162 25 sammanlagda

148 1996 33 19 till
200 2002 26 13 en
246 1996 108 25 fastighet,
373 1996 126 26 lägenheten
516 1996 163 27 Mjölnartorpet
695 1997 35 19 må
746 1996 49 20 med
810 1997 7 19 i
834 1997 108 20 statsråds-

148 2026 128 25 protokollet
294 2026 90 25 angiven
401 2026 56 20 areal
473 2032 26 14 av
517 2026 62 20 5.998
598 2026 75 20 hektar
688 2027 39 19 och
744 2028 30 18 ett
790 2026 111 20 saluvärde
918 2033 25 13 av

150 2055 25 20 15
187 2055 42 20 300
245 2056 30 19 kr.
293 2056 104 26 försäljas.

976 253 22 145 1BSTEPsAIA

1091 277 95 17 Motioner

1249 247 94 17 Utskotts-

1237 277 112 17 utlåtanden

1214 307 46 17 eller
1273 307 98 17 memorial

1416 229 51 17 Riks:

1406 258 72 22 dagens

1421 288 45 18 skri-

1413 318 63 18 velser

1536 258 118 17 Kamrarnas

1522 288 144 22 förhandlingar

1034 300 17 105 198[9ALLYS
1033 241 17 47 IOll9

1053 372 17 52 doad
1053 299 22 64 sy:fem
1053 224 21 70 Tun

1363 375 17 44 BpIS

1416 384 17 27 IN

1464 374 17 45 eps
1470 355 4 2 |

1497 368 80 33 Första
1591 360 2 36 |
1611 371 64 18 Andra

1507 397 70 17 kamm.
1591 399 2 31 |
1608 396 70 17 kamm.

960 470 56 20 1930

1040 1037 26 19 53

1032 1227 40 21 251

1037 1263 33 22 p.2

1031 1899 54 35 251
1069 1895 18 43 |

1035 1942 33 21 p.4
1083 1937 2 34 |

1199 904 25 20 10
1304 905 26 21 79

1198 1036 26 20 10
1305 1037 25 19 15

1198 1227 26 21 10
1304 1227 26 20 79

1404 1037 41 19 155

1404 1228 37 20 341

1403 1389 40 20 341

1402 1907 39 20 341

1512 718 152 23 T3rNv0rRa

1497 905 33 20 36:
1540 904 91 22 120d/37:
1642 904 48 20 114d

1512 1036 68 21 12:45
1582 1031 23 35 |
1606 1035 83 21 13:110

1503 1228 33 20 36:
1549 1227 82 21 12137:
1642 1227 48 20 116d

1504 1389 32 20 36:
1549 1394 36 15 121|
1604 1388 33 20 37:
1650 1393 38 16 118

1502 1907 81 20 36:121]
1603 1907 33 20 37:
1648 1912 38 15 118
