<?xml version="1.0" encoding="UTF-8"?>
<alto xmlns="http://www.loc.gov/standards/alto/ns-v3#" xmlns:xlink="http://www.w3.org/1999/xlink" xmlns:xsi="http://www.w3.org/2001/XMLSchema-instance" xsi:schemaLocation="http://www.loc.gov/standards/alto/ns-v3# http://www.loc.gov/alto/v3/alto-3-0.xsd">
	<Description>
		<MeasurementUnit>pixel</MeasurementUnit>
		<sourceImageInformation>
			<fileName></fileName>
		</sourceImageInformation>
		<OCRProcessing ID="OCR_0">
			<ocrProcessingStep>
				<processingSoftware>
					<softwareName>tesseract 4.1.1</softwareName>
				</processingSoftware>
			</ocrProcessingStep>
		</OCRProcessing>
	</Description>
	<Layout>
		<Page WIDTH="1829" HEIGHT="2361" PHYSICAL_IMG_NR="0" ID="page_0">
			<PrintSpace HPOS="0" VPOS="0" WIDTH="1829" HEIGHT="2361">
				<ComposedBlock ID="cblock_0" HPOS="10" VPOS="1" WIDTH="10" HEIGHT="564">
					<TextBlock ID="block_0" HPOS="10" VPOS="1" WIDTH="10" HEIGHT="564">
						<TextLine ID="line_0" HPOS="10" VPOS="1" WIDTH="10" HEIGHT="564">
							<String ID="string_0" HPOS="10" VPOS="1" WIDTH="10" HEIGHT="564" WC="0.95" CONTENT=" "/>
						</TextLine>
					</TextBlock>
				</ComposedBlock>
				<ComposedBlock ID="cblock_1" HPOS="0" VPOS="1282" WIDTH="14" HEIGHT="1067">
					<TextBlock ID="block_1" HPOS="0" VPOS="1282" WIDTH="14" HEIGHT="1067">
						<TextLine ID="line_1" HPOS="0" VPOS="1282" WIDTH="14" HEIGHT="1067">
							<String ID="string_1" HPOS="0" VPOS="1282" WIDTH="14" HEIGHT="1067" WC="0.95" CONTENT=" "/>
						</TextLine>
					</TextBlock>
				</ComposedBlock>
				<ComposedBlock ID="cblock_2" HPOS="171" VPOS="149" WIDTH="917" HEIGHT="35">
					<TextBlock ID="block_2" HPOS="171" VPOS="149" WIDTH="917" HEIGHT="35">
						<TextLine ID="line_2" HPOS="171" VPOS="149" WIDTH="917" HEIGHT="35">
							<String ID="string_2" HPOS="171" VPOS="149" WIDTH="39" HEIGHT="35" WC="0.95" CONTENT="144"/><SP WIDTH="654" VPOS="149" HPOS="210"/>
							<String ID="string_3" HPOS="864" VPOS="157" WIDTH="224" HEIGHT="16" WC="0.90" CONTENT="SAKREGISTER"/>
						</TextLine>
					</TextBlock>
				</ComposedBlock>
				<ComposedBlock ID="cblock_3" HPOS="168" VPOS="196" WIDTH="1606" HEIGHT="29">
					<TextBlock ID="block_3" HPOS="168" VPOS="196" WIDTH="1606" HEIGHT="29">
						<TextLine ID="line_3" HPOS="168" VPOS="196" WIDTH="1606" HEIGHT="29">
							<String ID="string_4" HPOS="168" VPOS="196" WIDTH="1606" HEIGHT="29" WC="0.95" CONTENT=" "/>
						</TextLine>
					</TextBlock>
				</ComposedBlock>
				<ComposedBlock ID="cblock_4" HPOS="169" VPOS="202" WIDTH="1605" HEIGHT="21">
					<TextBlock ID="block_4" HPOS="169" VPOS="202" WIDTH="1605" HEIGHT="21">
						<TextLine ID="line_4" HPOS="169" VPOS="202" WIDTH="1605" HEIGHT="21">
							<String ID="string_5" HPOS="169" VPOS="202" WIDTH="1605" HEIGHT="21" WC="0.95" CONTENT=" "/>
						</TextLine>
					</TextBlock>
				</ComposedBlock>
				<ComposedBlock ID="cblock_5" HPOS="169" VPOS="207" WIDTH="1606" HEIGHT="16">
					<TextBlock ID="block_5" HPOS="169" VPOS="207" WIDTH="1606" HEIGHT="16">
						<TextLine ID="line_5" HPOS="169" VPOS="207" WIDTH="1606" HEIGHT="16">
							<String ID="string_6" HPOS="169" VPOS="207" WIDTH="1606" HEIGHT="16" WC="0.95" CONTENT=" "/>
						</TextLine>
					</TextBlock>
				</ComposedBlock>
				<ComposedBlock ID="cblock_6" HPOS="169" VPOS="208" WIDTH="1605" HEIGHT="20">
					<TextBlock ID="block_6" HPOS="169" VPOS="208" WIDTH="1605" HEIGHT="20">
						<TextLine ID="line_6" HPOS="169" VPOS="208" WIDTH="1605" HEIGHT="20">
							<String ID="string_7" HPOS="169" VPOS="208" WIDTH="1605" HEIGHT="20" WC="0.95" CONTENT=" "/>
						</TextLine>
					</TextBlock>
				</ComposedBlock>
				<ComposedBlock ID="cblock_7" HPOS="187" VPOS="446" WIDTH="839" HEIGHT="148">
					<TextBlock ID="block_7" HPOS="187" VPOS="446" WIDTH="839" HEIGHT="148">
						<TextLine ID="line_7" HPOS="187" VPOS="446" WIDTH="356" HEIGHT="28">
							<String ID="string_8" HPOS="187" VPOS="446" WIDTH="172" HEIGHT="27" WC="0.95" CONTENT="Avskrivningar"/><SP WIDTH="15" VPOS="446" HPOS="359"/>
							<String ID="string_9" HPOS="374" VPOS="447" WIDTH="37" HEIGHT="21" WC="0.95" CONTENT="och"/><SP WIDTH="16" VPOS="447" HPOS="411"/>
							<String ID="string_10" HPOS="427" VPOS="447" WIDTH="116" HEIGHT="27" WC="0.96" CONTENT="eftergifter."/>
						</TextLine>
						<TextLine ID="line_8" HPOS="229" VPOS="477" WIDTH="797" HEIGHT="28">
							<String ID="string_11" HPOS="229" VPOS="477" WIDTH="79" HEIGHT="20" WC="0.96" CONTENT="befrias"/><SP WIDTH="17" VPOS="477" HPOS="308"/>
							<String ID="string_12" HPOS="325" VPOS="477" WIDTH="48" HEIGHT="20" WC="0.96" CONTENT="från"/><SP WIDTH="18" VPOS="477" HPOS="373"/>
							<String ID="string_13" HPOS="391" VPOS="477" WIDTH="137" HEIGHT="20" WC="0.93" CONTENT="återstående"/><SP WIDTH="17" VPOS="477" HPOS="528"/>
							<String ID="string_14" HPOS="545" VPOS="478" WIDTH="248" HEIGHT="26" WC="0.91" CONTENT="betalningsskyldighet"/><SP WIDTH="18" VPOS="478" HPOS="793"/>
							<String ID="string_15" HPOS="811" VPOS="478" WIDTH="31" HEIGHT="20" WC="0.96" CONTENT="till"/><SP WIDTH="17" VPOS="478" HPOS="842"/>
							<String ID="string_16" HPOS="859" VPOS="479" WIDTH="83" HEIGHT="19" WC="0.96" CONTENT="kronan"/><SP WIDTH="18" VPOS="479" HPOS="942"/>
							<String ID="string_17" HPOS="960" VPOS="479" WIDTH="66" HEIGHT="26" WC="0.95" CONTENT="enligt"/>
						</TextLine>
						<TextLine ID="line_9" HPOS="230" VPOS="507" WIDTH="795" HEIGHT="27">
							<String ID="string_18" HPOS="230" VPOS="507" WIDTH="74" HEIGHT="20" WC="0.92" CONTENT="KM:ts"/><SP WIDTH="14" VPOS="507" HPOS="304"/>
							<String ID="string_19" HPOS="318" VPOS="507" WIDTH="72" HEIGHT="26" WC="0.95" CONTENT="utslag"/><SP WIDTH="11" VPOS="507" HPOS="390"/>
							<String ID="string_20" HPOS="401" VPOS="507" WIDTH="41" HEIGHT="20" WC="0.96" CONTENT="den"/><SP WIDTH="12" VPOS="507" HPOS="442"/>
							<String ID="string_21" HPOS="454" VPOS="507" WIDTH="27" HEIGHT="20" WC="0.96" CONTENT="24"/><SP WIDTH="11" VPOS="507" HPOS="481"/>
							<String ID="string_22" HPOS="492" VPOS="507" WIDTH="55" HEIGHT="27" WC="0.96" CONTENT="april"/><SP WIDTH="12" VPOS="507" HPOS="547"/>
							<String ID="string_23" HPOS="559" VPOS="507" WIDTH="59" HEIGHT="24" WC="0.89" CONTENT="1935,"/><SP WIDTH="13" VPOS="507" HPOS="618"/>
							<String ID="string_24" HPOS="631" VPOS="509" WIDTH="57" HEIGHT="19" WC="0.96" CONTENT="samt"/><SP WIDTH="11" VPOS="509" HPOS="688"/>
							<String ID="string_25" HPOS="699" VPOS="509" WIDTH="34" HEIGHT="19" WC="0.96" CONTENT="att"/><SP WIDTH="12" VPOS="509" HPOS="733"/>
							<String ID="string_26" HPOS="745" VPOS="508" WIDTH="37" HEIGHT="20" WC="0.96" CONTENT="det"/><SP WIDTH="11" VPOS="508" HPOS="782"/>
							<String ID="string_27" HPOS="793" VPOS="508" WIDTH="78" HEIGHT="26" WC="0.96" CONTENT="belopp"/><SP WIDTH="12" VPOS="508" HPOS="871"/>
							<String ID="string_28" HPOS="883" VPOS="514" WIDTH="28" HEIGHT="14" WC="0.96" CONTENT="av"/><SP WIDTH="13" VPOS="514" HPOS="911"/>
							<String ID="string_29" HPOS="924" VPOS="508" WIDTH="58" HEIGHT="21" WC="0.80" CONTENT="1355"/><SP WIDTH="11" VPOS="508" HPOS="982"/>
							<String ID="string_30" HPOS="993" VPOS="509" WIDTH="32" HEIGHT="19" WC="0.96" CONTENT="kr."/>
						</TextLine>
						<TextLine ID="line_10" HPOS="230" VPOS="537" WIDTH="795" HEIGHT="26">
							<String ID="string_31" HPOS="230" VPOS="537" WIDTH="26" HEIGHT="20" WC="0.95" CONTENT="29"/><SP WIDTH="11" VPOS="537" HPOS="256"/>
							<String ID="string_32" HPOS="267" VPOS="539" WIDTH="43" HEIGHT="22" WC="0.96" CONTENT="öre,"/><SP WIDTH="11" VPOS="539" HPOS="310"/>
							<String ID="string_33" HPOS="321" VPOS="537" WIDTH="48" HEIGHT="20" WC="0.96" CONTENT="från"/><SP WIDTH="11" VPOS="537" HPOS="369"/>
							<String ID="string_34" HPOS="380" VPOS="543" WIDTH="50" HEIGHT="14" WC="0.93" CONTENT="vars"/><SP WIDTH="10" VPOS="543" HPOS="430"/>
							<String ID="string_35" HPOS="440" VPOS="537" WIDTH="107" HEIGHT="26" WC="0.92" CONTENT="gäldande"/><SP WIDTH="11" VPOS="537" HPOS="547"/>
							<String ID="string_36" HPOS="558" VPOS="537" WIDTH="70" HEIGHT="20" WC="0.96" CONTENT="Bodin"/><SP WIDTH="12" VPOS="537" HPOS="628"/>
							<String ID="string_37" HPOS="640" VPOS="537" WIDTH="90" HEIGHT="21" WC="0.96" CONTENT="sålunda"/><SP WIDTH="11" VPOS="537" HPOS="730"/>
							<String ID="string_38" HPOS="741" VPOS="538" WIDTH="43" HEIGHT="20" WC="0.96" CONTENT="kan"/><SP WIDTH="11" VPOS="538" HPOS="784"/>
							<String ID="string_39" HPOS="795" VPOS="538" WIDTH="88" HEIGHT="20" WC="0.96" CONTENT="komma"/><SP WIDTH="11" VPOS="538" HPOS="883"/>
							<String ID="string_40" HPOS="894" VPOS="540" WIDTH="35" HEIGHT="18" WC="0.96" CONTENT="att"/><SP WIDTH="11" VPOS="540" HPOS="929"/>
							<String ID="string_41" HPOS="940" VPOS="538" WIDTH="85" HEIGHT="24" WC="0.96" CONTENT="befrias,"/>
						</TextLine>
						<TextLine ID="line_11" HPOS="230" VPOS="567" WIDTH="540" HEIGHT="27">
							<String ID="string_42" HPOS="230" VPOS="567" WIDTH="35" HEIGHT="20" WC="0.95" CONTENT="må"/><SP WIDTH="17" VPOS="567" HPOS="265"/>
							<String ID="string_43" HPOS="282" VPOS="573" WIDTH="25" HEIGHT="14" WC="0.93" CONTENT="ur"/><SP WIDTH="16" VPOS="573" HPOS="307"/>
							<String ID="string_44" HPOS="323" VPOS="567" WIDTH="149" HEIGHT="27" WC="0.91" CONTENT="vederbörliga"/><SP WIDTH="16" VPOS="567" HPOS="472"/>
							<String ID="string_45" HPOS="488" VPOS="568" WIDTH="146" HEIGHT="26" WC="0.91" CONTENT="räkenskapet"/><SP WIDTH="16" VPOS="568" HPOS="634"/>
							<String ID="string_46" HPOS="650" VPOS="568" WIDTH="120" HEIGHT="20" WC="0.96" CONTENT="avskrivas."/>
						</TextLine>
					</TextBlock>
				</ComposedBlock>
				<ComposedBlock ID="cblock_8" HPOS="190" VPOS="627" WIDTH="837" HEIGHT="147">
					<TextBlock ID="block_8" HPOS="190" VPOS="627" WIDTH="837" HEIGHT="147">
						<TextLine ID="line_12" HPOS="190" VPOS="627" WIDTH="837" HEIGHT="28">
							<String ID="string_47" HPOS="190" VPOS="631" WIDTH="11" HEIGHT="17" WC="0.92" CONTENT="6"/><SP WIDTH="15" VPOS="631" HPOS="201"/>
							<String ID="string_48" HPOS="216" VPOS="627" WIDTH="43" HEIGHT="20" WC="0.91" CONTENT="RD"/><SP WIDTH="16" VPOS="627" HPOS="259"/>
							<String ID="string_49" HPOS="275" VPOS="627" WIDTH="117" HEIGHT="26" WC="0.91" CONTENT="medgiver,"/><SP WIDTH="17" VPOS="627" HPOS="392"/>
							<String ID="string_50" HPOS="409" VPOS="629" WIDTH="35" HEIGHT="18" WC="0.96" CONTENT="att"/><SP WIDTH="15" VPOS="629" HPOS="444"/>
							<String ID="string_51" HPOS="459" VPOS="627" WIDTH="56" HEIGHT="20" WC="0.96" CONTENT="förre"/><SP WIDTH="16" VPOS="627" HPOS="515"/>
							<String ID="string_52" HPOS="531" VPOS="628" WIDTH="46" HEIGHT="19" WC="0.93" CONTENT="vice"/><SP WIDTH="16" VPOS="628" HPOS="577"/>
							<String ID="string_53" HPOS="593" VPOS="628" WIDTH="114" HEIGHT="26" WC="0.92" CONTENT="korpralen"/><SP WIDTH="17" VPOS="628" HPOS="707"/>
							<String ID="string_54" HPOS="724" VPOS="628" WIDTH="26" HEIGHT="20" WC="0.90" CONTENT="N."/><SP WIDTH="18" VPOS="628" HPOS="750"/>
							<String ID="string_55" HPOS="768" VPOS="628" WIDTH="24" HEIGHT="20" WC="0.92" CONTENT="E."/><SP WIDTH="18" VPOS="628" HPOS="792"/>
							<String ID="string_56" HPOS="810" VPOS="628" WIDTH="113" HEIGHT="27" WC="0.92" CONTENT="Knapasjö"/><SP WIDTH="17" VPOS="628" HPOS="923"/>
							<String ID="string_57" HPOS="940" VPOS="630" WIDTH="34" HEIGHT="18" WC="0.92" CONTENT="må"/><SP WIDTH="17" VPOS="630" HPOS="974"/>
							<String ID="string_58" HPOS="991" VPOS="629" WIDTH="36" HEIGHT="19" WC="0.84" CONTENT="be-"/>
						</TextLine>
						<TextLine ID="line_13" HPOS="229" VPOS="657" WIDTH="796" HEIGHT="27">
							<String ID="string_59" HPOS="229" VPOS="657" WIDTH="53" HEIGHT="20" WC="0.96" CONTENT="frias"/><SP WIDTH="19" VPOS="657" HPOS="282"/>
							<String ID="string_60" HPOS="301" VPOS="657" WIDTH="48" HEIGHT="20" WC="0.96" CONTENT="från"/><SP WIDTH="20" VPOS="657" HPOS="349"/>
							<String ID="string_61" HPOS="369" VPOS="657" WIDTH="81" HEIGHT="20" WC="0.96" CONTENT="honom"/><SP WIDTH="18" VPOS="657" HPOS="450"/>
							<String ID="string_62" HPOS="468" VPOS="657" WIDTH="89" HEIGHT="26" WC="0.90" CONTENT="jämlikt"/><SP WIDTH="18" VPOS="657" HPOS="557"/>
							<String ID="string_63" HPOS="575" VPOS="657" WIDTH="187" HEIGHT="27" WC="0.90" CONTENT="krigshovrättens"/><SP WIDTH="20" VPOS="657" HPOS="762"/>
							<String ID="string_64" HPOS="782" VPOS="658" WIDTH="71" HEIGHT="26" WC="0.95" CONTENT="utslag"/><SP WIDTH="20" VPOS="658" HPOS="853"/>
							<String ID="string_65" HPOS="873" VPOS="658" WIDTH="41" HEIGHT="20" WC="0.96" CONTENT="den"/><SP WIDTH="20" VPOS="658" HPOS="914"/>
							<String ID="string_66" HPOS="934" VPOS="658" WIDTH="26" HEIGHT="20" WC="0.95" CONTENT="29"/><SP WIDTH="20" VPOS="658" HPOS="960"/>
							<String ID="string_67" HPOS="980" VPOS="659" WIDTH="45" HEIGHT="19" WC="0.95" CONTENT="okt."/>
						</TextLine>
						<TextLine ID="line_14" HPOS="231" VPOS="686" WIDTH="795" HEIGHT="28">
							<String ID="string_68" HPOS="231" VPOS="686" WIDTH="53" HEIGHT="21" WC="0.76" CONTENT="1935"/><SP WIDTH="12" VPOS="686" HPOS="284"/>
							<String ID="string_69" HPOS="296" VPOS="687" WIDTH="114" HEIGHT="26" WC="0.91" CONTENT="åliggande"/><SP WIDTH="12" VPOS="687" HPOS="410"/>
							<String ID="string_70" HPOS="422" VPOS="687" WIDTH="124" HEIGHT="26" WC="0.96" CONTENT="skyldighet"/><SP WIDTH="12" VPOS="687" HPOS="546"/>
							<String ID="string_71" HPOS="558" VPOS="689" WIDTH="35" HEIGHT="18" WC="0.96" CONTENT="att"/><SP WIDTH="11" VPOS="689" HPOS="593"/>
							<String ID="string_72" HPOS="604" VPOS="687" WIDTH="33" HEIGHT="20" WC="0.96" CONTENT="till"/><SP WIDTH="11" VPOS="687" HPOS="637"/>
							<String ID="string_73" HPOS="648" VPOS="688" WIDTH="84" HEIGHT="20" WC="0.93" CONTENT="kronan"/><SP WIDTH="12" VPOS="688" HPOS="732"/>
							<String ID="string_74" HPOS="744" VPOS="688" WIDTH="75" HEIGHT="26" WC="0.91" CONTENT="utgiva"/><SP WIDTH="13" VPOS="688" HPOS="819"/>
							<String ID="string_75" HPOS="832" VPOS="688" WIDTH="132" HEIGHT="20" WC="0.96" CONTENT="skadestånd"/><SP WIDTH="13" VPOS="688" HPOS="964"/>
							<String ID="string_76" HPOS="977" VPOS="688" WIDTH="49" HEIGHT="20" WC="0.96" CONTENT="med"/>
						</TextLine>
						<TextLine ID="line_15" HPOS="230" VPOS="716" WIDTH="796" HEIGHT="28">
							<String ID="string_77" HPOS="230" VPOS="716" WIDTH="41" HEIGHT="21" WC="0.96" CONTENT="640"/><SP WIDTH="16" VPOS="716" HPOS="271"/>
							<String ID="string_78" HPOS="287" VPOS="717" WIDTH="32" HEIGHT="20" WC="0.94" CONTENT="kr."/><SP WIDTH="19" VPOS="717" HPOS="319"/>
							<String ID="string_79" HPOS="338" VPOS="716" WIDTH="12" HEIGHT="21" WC="0.96" CONTENT="6"/><SP WIDTH="18" VPOS="716" HPOS="350"/>
							<String ID="string_80" HPOS="368" VPOS="718" WIDTH="43" HEIGHT="23" WC="0.96" CONTENT="öre,"/><SP WIDTH="18" VPOS="718" HPOS="411"/>
							<String ID="string_81" HPOS="429" VPOS="718" WIDTH="58" HEIGHT="19" WC="0.96" CONTENT="samt"/><SP WIDTH="16" VPOS="718" HPOS="487"/>
							<String ID="string_82" HPOS="503" VPOS="718" WIDTH="36" HEIGHT="19" WC="0.93" CONTENT="att"/><SP WIDTH="16" VPOS="718" HPOS="539"/>
							<String ID="string_83" HPOS="555" VPOS="717" WIDTH="148" HEIGHT="27" WC="0.91" CONTENT="vederbörliga"/><SP WIDTH="18" VPOS="717" HPOS="703"/>
							<String ID="string_84" HPOS="721" VPOS="718" WIDTH="254" HEIGHT="26" WC="0.91" CONTENT="avskrivningsåtgärder"/><SP WIDTH="17" VPOS="718" HPOS="975"/>
							<String ID="string_85" HPOS="992" VPOS="718" WIDTH="34" HEIGHT="20" WC="0.96" CONTENT="må"/>
						</TextLine>
						<TextLine ID="line_16" HPOS="230" VPOS="746" WIDTH="467" HEIGHT="28">
							<String ID="string_86" HPOS="230" VPOS="746" WIDTH="100" HEIGHT="27" WC="0.96" CONTENT="vidtagas"/><SP WIDTH="15" VPOS="746" HPOS="330"/>
							<String ID="string_87" HPOS="345" VPOS="747" WIDTH="7" HEIGHT="19" WC="0.93" CONTENT="i"/><SP WIDTH="14" VPOS="747" HPOS="352"/>
							<String ID="string_88" HPOS="366" VPOS="746" WIDTH="165" HEIGHT="21" WC="0.91" CONTENT="lantförsvarets"/><SP WIDTH="14" VPOS="746" HPOS="531"/>
							<String ID="string_89" HPOS="545" VPOS="747" WIDTH="152" HEIGHT="27" WC="0.96" CONTENT="räkenskaper."/>
						</TextLine>
					</TextBlock>
				</ComposedBlock>
				<ComposedBlock ID="cblock_9" HPOS="191" VPOS="806" WIDTH="837" HEIGHT="140">
					<TextBlock ID="block_9" HPOS="191" VPOS="806" WIDTH="837" HEIGHT="140">
						<TextLine ID="line_17" HPOS="191" VPOS="806" WIDTH="835" HEIGHT="27">
							<String ID="string_90" HPOS="191" VPOS="811" WIDTH="10" HEIGHT="17" WC="0.93" CONTENT="7"/><SP WIDTH="15" VPOS="811" HPOS="201"/>
							<String ID="string_91" HPOS="216" VPOS="806" WIDTH="43" HEIGHT="21" WC="0.90" CONTENT="RD"/><SP WIDTH="17" VPOS="806" HPOS="259"/>
							<String ID="string_92" HPOS="276" VPOS="806" WIDTH="117" HEIGHT="27" WC="0.90" CONTENT="medgiver,"/><SP WIDTH="17" VPOS="806" HPOS="393"/>
							<String ID="string_93" HPOS="410" VPOS="808" WIDTH="35" HEIGHT="19" WC="0.93" CONTENT="att"/><SP WIDTH="15" VPOS="808" HPOS="445"/>
							<String ID="string_94" HPOS="460" VPOS="807" WIDTH="26" HEIGHT="20" WC="0.89" CONTENT="A."/><SP WIDTH="17" VPOS="807" HPOS="486"/>
							<String ID="string_95" HPOS="503" VPOS="807" WIDTH="33" HEIGHT="20" WC="0.92" CONTENT="W."/><SP WIDTH="17" VPOS="807" HPOS="536"/>
							<String ID="string_96" HPOS="553" VPOS="807" WIDTH="24" HEIGHT="20" WC="0.93" CONTENT="F."/><SP WIDTH="17" VPOS="807" HPOS="577"/>
							<String ID="string_97" HPOS="594" VPOS="807" WIDTH="125" HEIGHT="20" WC="0.96" CONTENT="Pettersson"/><SP WIDTH="17" VPOS="807" HPOS="719"/>
							<String ID="string_98" HPOS="736" VPOS="808" WIDTH="35" HEIGHT="19" WC="0.96" CONTENT="må"/><SP WIDTH="17" VPOS="808" HPOS="771"/>
							<String ID="string_99" HPOS="788" VPOS="808" WIDTH="79" HEIGHT="20" WC="0.96" CONTENT="befrias"/><SP WIDTH="16" VPOS="808" HPOS="867"/>
							<String ID="string_100" HPOS="883" VPOS="808" WIDTH="48" HEIGHT="20" WC="0.96" CONTENT="från"/><SP WIDTH="17" VPOS="808" HPOS="931"/>
							<String ID="string_101" HPOS="948" VPOS="808" WIDTH="78" HEIGHT="20" WC="0.96" CONTENT="honom"/>
						</TextLine>
						<TextLine ID="line_18" HPOS="229" VPOS="836" WIDTH="799" HEIGHT="28">
							<String ID="string_102" HPOS="229" VPOS="836" WIDTH="88" HEIGHT="26" WC="0.96" CONTENT="jämlikt"/><SP WIDTH="17" VPOS="836" HPOS="317"/>
							<String ID="string_103" HPOS="334" VPOS="836" WIDTH="55" HEIGHT="20" WC="0.96" CONTENT="Svea"/><SP WIDTH="16" VPOS="836" HPOS="389"/>
							<String ID="string_104" HPOS="405" VPOS="836" WIDTH="101" HEIGHT="21" WC="0.96" CONTENT="hovrätts"/><SP WIDTH="17" VPOS="836" HPOS="506"/>
							<String ID="string_105" HPOS="523" VPOS="837" WIDTH="71" HEIGHT="26" WC="0.96" CONTENT="utslag"/><SP WIDTH="16" VPOS="837" HPOS="594"/>
							<String ID="string_106" HPOS="610" VPOS="837" WIDTH="40" HEIGHT="20" WC="0.96" CONTENT="den"/><SP WIDTH="19" VPOS="837" HPOS="650"/>
							<String ID="string_107" HPOS="669" VPOS="837" WIDTH="25" HEIGHT="20" WC="0.96" CONTENT="15"/><SP WIDTH="16" VPOS="837" HPOS="694"/>
							<String ID="string_108" HPOS="710" VPOS="837" WIDTH="43" HEIGHT="26" WC="0.96" CONTENT="maj"/><SP WIDTH="20" VPOS="837" HPOS="753"/>
							<String ID="string_109" HPOS="773" VPOS="837" WIDTH="52" HEIGHT="20" WC="0.93" CONTENT="1935"/><SP WIDTH="17" VPOS="837" HPOS="825"/>
							<String ID="string_110" HPOS="842" VPOS="838" WIDTH="112" HEIGHT="26" WC="0.90" CONTENT="åliggande"/><SP WIDTH="16" VPOS="838" HPOS="954"/>
							<String ID="string_111" HPOS="970" VPOS="838" WIDTH="58" HEIGHT="25" WC="0.92" CONTENT="skyl-"/>
						</TextLine>
						<TextLine ID="line_19" HPOS="230" VPOS="866" WIDTH="797" HEIGHT="27">
							<String ID="string_112" HPOS="230" VPOS="866" WIDTH="75" HEIGHT="26" WC="0.96" CONTENT="dighet"/><SP WIDTH="17" VPOS="866" HPOS="305"/>
							<String ID="string_113" HPOS="322" VPOS="867" WIDTH="35" HEIGHT="19" WC="0.96" CONTENT="att"/><SP WIDTH="15" VPOS="867" HPOS="357"/>
							<String ID="string_114" HPOS="372" VPOS="866" WIDTH="34" HEIGHT="20" WC="0.96" CONTENT="till"/><SP WIDTH="16" VPOS="866" HPOS="406"/>
							<String ID="string_115" HPOS="422" VPOS="867" WIDTH="84" HEIGHT="20" WC="0.93" CONTENT="kronan"/><SP WIDTH="18" VPOS="867" HPOS="506"/>
							<String ID="string_116" HPOS="524" VPOS="867" WIDTH="75" HEIGHT="26" WC="0.91" CONTENT="utgiva"/><SP WIDTH="18" VPOS="867" HPOS="599"/>
							<String ID="string_117" HPOS="617" VPOS="867" WIDTH="132" HEIGHT="20" WC="0.96" CONTENT="skadestånd"/><SP WIDTH="18" VPOS="867" HPOS="749"/>
							<String ID="string_118" HPOS="767" VPOS="867" WIDTH="49" HEIGHT="20" WC="0.95" CONTENT="med"/><SP WIDTH="17" VPOS="867" HPOS="816"/>
							<String ID="string_119" HPOS="833" VPOS="867" WIDTH="38" HEIGHT="20" WC="0.96" CONTENT="651"/><SP WIDTH="19" VPOS="867" HPOS="871"/>
							<String ID="string_120" HPOS="890" VPOS="868" WIDTH="33" HEIGHT="19" WC="0.95" CONTENT="kr."/><SP WIDTH="17" VPOS="868" HPOS="923"/>
							<String ID="string_121" HPOS="940" VPOS="867" WIDTH="27" HEIGHT="20" WC="0.96" CONTENT="48"/><SP WIDTH="18" VPOS="867" HPOS="967"/>
							<String ID="string_122" HPOS="985" VPOS="869" WIDTH="42" HEIGHT="22" WC="0.96" CONTENT="öre,"/>
						</TextLine>
						<TextLine ID="line_20" HPOS="230" VPOS="896" WIDTH="798" HEIGHT="27">
							<String ID="string_123" HPOS="230" VPOS="898" WIDTH="58" HEIGHT="18" WC="0.95" CONTENT="samt"/><SP WIDTH="16" VPOS="898" HPOS="288"/>
							<String ID="string_124" HPOS="304" VPOS="898" WIDTH="36" HEIGHT="18" WC="0.95" CONTENT="att"/><SP WIDTH="15" VPOS="898" HPOS="340"/>
							<String ID="string_125" HPOS="355" VPOS="896" WIDTH="166" HEIGHT="26" WC="0.96" CONTENT="ifrågavarande"/><SP WIDTH="17" VPOS="896" HPOS="521"/>
							<String ID="string_126" HPOS="538" VPOS="896" WIDTH="78" HEIGHT="27" WC="0.96" CONTENT="belopp"/><SP WIDTH="17" VPOS="896" HPOS="616"/>
							<String ID="string_127" HPOS="633" VPOS="897" WIDTH="35" HEIGHT="20" WC="0.96" CONTENT="må"/><SP WIDTH="18" VPOS="897" HPOS="668"/>
							<String ID="string_128" HPOS="686" VPOS="903" WIDTH="25" HEIGHT="14" WC="0.96" CONTENT="ur"/><SP WIDTH="16" VPOS="903" HPOS="711"/>
							<String ID="string_129" HPOS="727" VPOS="897" WIDTH="139" HEIGHT="26" WC="0.95" CONTENT="flygvapnets"/><SP WIDTH="16" VPOS="897" HPOS="866"/>
							<String ID="string_130" HPOS="882" VPOS="898" WIDTH="146" HEIGHT="25" WC="0.95" CONTENT="räkenskaper"/>
						</TextLine>
						<TextLine ID="line_21" HPOS="230" VPOS="926" WIDTH="120" HEIGHT="20">
							<String ID="string_131" HPOS="230" VPOS="926" WIDTH="120" HEIGHT="20" WC="0.96" CONTENT="avskrivas."/>
						</TextLine>
					</TextBlock>
				</ComposedBlock>
				<ComposedBlock ID="cblock_10" HPOS="191" VPOS="986" WIDTH="837" HEIGHT="145">
					<TextBlock ID="block_10" HPOS="191" VPOS="986" WIDTH="837" HEIGHT="145">
						<TextLine ID="line_22" HPOS="191" VPOS="986" WIDTH="836" HEIGHT="26">
							<String ID="string_132" HPOS="191" VPOS="990" WIDTH="11" HEIGHT="17" WC="0.93" CONTENT="8"/><SP WIDTH="15" VPOS="990" HPOS="202"/>
							<String ID="string_133" HPOS="217" VPOS="986" WIDTH="42" HEIGHT="20" WC="0.92" CONTENT="RD"/><SP WIDTH="15" VPOS="986" HPOS="259"/>
							<String ID="string_134" HPOS="274" VPOS="986" WIDTH="80" HEIGHT="20" WC="0.96" CONTENT="befriar"/><SP WIDTH="12" VPOS="986" HPOS="354"/>
							<String ID="string_135" HPOS="366" VPOS="986" WIDTH="148" HEIGHT="26" WC="0.96" CONTENT="aktiebolaget"/><SP WIDTH="13" VPOS="986" HPOS="514"/>
							<String ID="string_136" HPOS="527" VPOS="986" WIDTH="41" HEIGHT="20" WC="0.96" CONTENT="Per"/><SP WIDTH="13" VPOS="986" HPOS="568"/>
							<String ID="string_137" HPOS="581" VPOS="986" WIDTH="77" HEIGHT="20" WC="0.93" CONTENT="Holms"/><SP WIDTH="13" VPOS="986" HPOS="658"/>
							<String ID="string_138" HPOS="671" VPOS="987" WIDTH="195" HEIGHT="20" WC="0.91" CONTENT="elektricitetsverk"/><SP WIDTH="14" VPOS="987" HPOS="866"/>
							<String ID="string_139" HPOS="880" VPOS="987" WIDTH="6" HEIGHT="19" WC="0.96" CONTENT="i"/><SP WIDTH="14" VPOS="987" HPOS="886"/>
							<String ID="string_140" HPOS="900" VPOS="987" WIDTH="127" HEIGHT="20" WC="0.96" CONTENT="Strömsund"/>
						</TextLine>
						<TextLine ID="line_23" HPOS="230" VPOS="1016" WIDTH="798" HEIGHT="27">
							<String ID="string_141" HPOS="230" VPOS="1016" WIDTH="48" HEIGHT="20" WC="0.96" CONTENT="från"/><SP WIDTH="15" VPOS="1016" HPOS="278"/>
							<String ID="string_142" HPOS="293" VPOS="1016" WIDTH="130" HEIGHT="26" WC="0.96" CONTENT="erläggande"/><SP WIDTH="14" VPOS="1016" HPOS="423"/>
							<String ID="string_143" HPOS="437" VPOS="1022" WIDTH="29" HEIGHT="14" WC="0.97" CONTENT="av"/><SP WIDTH="15" VPOS="1022" HPOS="466"/>
							<String ID="string_144" HPOS="481" VPOS="1016" WIDTH="65" HEIGHT="26" WC="0.93" CONTENT="högre"/><SP WIDTH="14" VPOS="1016" HPOS="546"/>
							<String ID="string_145" HPOS="560" VPOS="1016" WIDTH="127" HEIGHT="26" WC="0.91" CONTENT="fiskeavgift"/><SP WIDTH="14" VPOS="1016" HPOS="687"/>
							<String ID="string_146" HPOS="701" VPOS="1016" WIDTH="67" HEIGHT="27" WC="0.96" CONTENT="enligt"/><SP WIDTH="15" VPOS="1016" HPOS="768"/>
							<String ID="string_147" HPOS="783" VPOS="1017" WIDTH="13" HEIGHT="20" WC="0.95" CONTENT="2"/><SP WIDTH="14" VPOS="1017" HPOS="796"/>
							<String ID="string_148" HPOS="810" VPOS="1017" WIDTH="50" HEIGHT="26" WC="0.96" CONTENT="kap."/><SP WIDTH="18" VPOS="1017" HPOS="860"/>
							<String ID="string_149" HPOS="878" VPOS="1017" WIDTH="25" HEIGHT="19" WC="0.93" CONTENT="10"/><SP WIDTH="15" VPOS="1017" HPOS="903"/>
							<String ID="string_150" HPOS="918" VPOS="1017" WIDTH="9" HEIGHT="25" WC="0.93" CONTENT="$"/><SP WIDTH="15" VPOS="1017" HPOS="927"/>
							<String ID="string_151" HPOS="942" VPOS="1018" WIDTH="86" HEIGHT="19" WC="0.89" CONTENT="vatten-"/>
						</TextLine>
						<TextLine ID="line_24" HPOS="230" VPOS="1045" WIDTH="798" HEIGHT="27">
							<String ID="string_152" HPOS="230" VPOS="1046" WIDTH="62" HEIGHT="25" WC="0.96" CONTENT="lagen"/><SP WIDTH="16" VPOS="1046" HPOS="292"/>
							<String ID="string_153" HPOS="308" VPOS="1047" WIDTH="28" HEIGHT="18" WC="0.96" CONTENT="än"/><SP WIDTH="15" VPOS="1047" HPOS="336"/>
							<String ID="string_154" HPOS="351" VPOS="1045" WIDTH="41" HEIGHT="20" WC="0.95" CONTENT="200"/><SP WIDTH="15" VPOS="1045" HPOS="392"/>
							<String ID="string_155" HPOS="407" VPOS="1046" WIDTH="32" HEIGHT="19" WC="0.96" CONTENT="kr."/><SP WIDTH="17" VPOS="1046" HPOS="439"/>
							<String ID="string_156" HPOS="456" VPOS="1045" WIDTH="80" HEIGHT="27" WC="0.96" CONTENT="årligen"/><SP WIDTH="16" VPOS="1045" HPOS="536"/>
							<String ID="string_157" HPOS="552" VPOS="1046" WIDTH="25" HEIGHT="19" WC="0.93" CONTENT="fr."/><SP WIDTH="18" VPOS="1046" HPOS="577"/>
							<String ID="string_158" HPOS="595" VPOS="1052" WIDTH="18" HEIGHT="13" WC="0.93" CONTENT="o."/><SP WIDTH="17" VPOS="1052" HPOS="613"/>
							<String ID="string_159" HPOS="630" VPOS="1052" WIDTH="28" HEIGHT="14" WC="0.90" CONTENT="m."/><SP WIDTH="17" VPOS="1052" HPOS="658"/>
							<String ID="string_160" HPOS="675" VPOS="1046" WIDTH="23" HEIGHT="20" WC="0.96" CONTENT="år"/><SP WIDTH="17" VPOS="1046" HPOS="698"/>
							<String ID="string_161" HPOS="715" VPOS="1046" WIDTH="52" HEIGHT="20" WC="0.96" CONTENT="1927"/><SP WIDTH="16" VPOS="1046" HPOS="767"/>
							<String ID="string_162" HPOS="783" VPOS="1046" WIDTH="32" HEIGHT="20" WC="0.96" CONTENT="till"/><SP WIDTH="16" VPOS="1046" HPOS="815"/>
							<String ID="string_163" HPOS="831" VPOS="1046" WIDTH="48" HEIGHT="20" WC="0.96" CONTENT="dess"/><SP WIDTH="15" VPOS="1046" HPOS="879"/>
							<String ID="string_164" HPOS="894" VPOS="1046" WIDTH="41" HEIGHT="20" WC="0.96" CONTENT="den"/><SP WIDTH="16" VPOS="1046" HPOS="935"/>
							<String ID="string_165" HPOS="951" VPOS="1052" WIDTH="77" HEIGHT="20" WC="0.96" CONTENT="genom"/>
						</TextLine>
						<TextLine ID="line_25" HPOS="231" VPOS="1075" WIDTH="796" HEIGHT="27">
							<String ID="string_166" HPOS="231" VPOS="1075" WIDTH="155" HEIGHT="26" WC="0.91" CONTENT="Norrbygdens"/><SP WIDTH="15" VPOS="1075" HPOS="386"/>
							<String ID="string_167" HPOS="401" VPOS="1075" WIDTH="184" HEIGHT="20" WC="0.92" CONTENT="vattendomstols"/><SP WIDTH="15" VPOS="1075" HPOS="585"/>
							<String ID="string_168" HPOS="600" VPOS="1075" WIDTH="72" HEIGHT="26" WC="0.96" CONTENT="utslag"/><SP WIDTH="15" VPOS="1075" HPOS="672"/>
							<String ID="string_169" HPOS="687" VPOS="1076" WIDTH="41" HEIGHT="19" WC="0.96" CONTENT="den"/><SP WIDTH="17" VPOS="1076" HPOS="728"/>
							<String ID="string_170" HPOS="745" VPOS="1076" WIDTH="25" HEIGHT="19" WC="0.96" CONTENT="19"/><SP WIDTH="14" VPOS="1076" HPOS="770"/>
							<String ID="string_171" HPOS="784" VPOS="1076" WIDTH="45" HEIGHT="26" WC="0.95" CONTENT="jan."/><SP WIDTH="18" VPOS="1076" HPOS="829"/>
							<String ID="string_172" HPOS="847" VPOS="1076" WIDTH="52" HEIGHT="20" WC="0.93" CONTENT="1935"/><SP WIDTH="15" VPOS="1076" HPOS="899"/>
							<String ID="string_173" HPOS="914" VPOS="1076" WIDTH="113" HEIGHT="20" WC="0.96" CONTENT="bestämda"/>
						</TextLine>
						<TextLine ID="line_26" HPOS="230" VPOS="1104" WIDTH="267" HEIGHT="27">
							<String ID="string_174" HPOS="230" VPOS="1105" WIDTH="127" HEIGHT="26" WC="0.91" CONTENT="fiskeavgift"/><SP WIDTH="13" VPOS="1105" HPOS="357"/>
							<String ID="string_175" HPOS="370" VPOS="1104" WIDTH="55" HEIGHT="21" WC="0.96" CONTENT="skall"/><SP WIDTH="13" VPOS="1104" HPOS="425"/>
							<String ID="string_176" HPOS="438" VPOS="1105" WIDTH="59" HEIGHT="26" WC="0.96" CONTENT="utgå."/>
						</TextLine>
					</TextBlock>
				</ComposedBlock>
				<ComposedBlock ID="cblock_11" HPOS="192" VPOS="1164" WIDTH="836" HEIGHT="205">
					<TextBlock ID="block_11" HPOS="192" VPOS="1164" WIDTH="836" HEIGHT="205">
						<TextLine ID="line_27" HPOS="192" VPOS="1164" WIDTH="835" HEIGHT="27">
							<String ID="string_177" HPOS="192" VPOS="1169" WIDTH="10" HEIGHT="17" WC="0.92" CONTENT="9"/><SP WIDTH="15" VPOS="1169" HPOS="202"/>
							<String ID="string_178" HPOS="217" VPOS="1164" WIDTH="43" HEIGHT="20" WC="0.92" CONTENT="RD"/><SP WIDTH="19" VPOS="1164" HPOS="260"/>
							<String ID="string_179" HPOS="279" VPOS="1164" WIDTH="117" HEIGHT="26" WC="0.91" CONTENT="medgiver,"/><SP WIDTH="19" VPOS="1164" HPOS="396"/>
							<String ID="string_180" HPOS="415" VPOS="1166" WIDTH="35" HEIGHT="18" WC="0.96" CONTENT="att"/><SP WIDTH="17" VPOS="1166" HPOS="450"/>
							<String ID="string_181" HPOS="467" VPOS="1164" WIDTH="33" HEIGHT="20" WC="0.96" CONTENT="till"/><SP WIDTH="19" VPOS="1164" HPOS="500"/>
							<String ID="string_182" HPOS="519" VPOS="1165" WIDTH="154" HEIGHT="26" WC="0.96" CONTENT="nedskrivning"/><SP WIDTH="18" VPOS="1165" HPOS="673"/>
							<String ID="string_183" HPOS="691" VPOS="1171" WIDTH="28" HEIGHT="14" WC="0.96" CONTENT="av"/><SP WIDTH="19" VPOS="1171" HPOS="719"/>
							<String ID="string_184" HPOS="738" VPOS="1165" WIDTH="26" HEIGHT="20" WC="0.96" CONTENT="de"/><SP WIDTH="18" VPOS="1165" HPOS="764"/>
							<String ID="string_185" HPOS="782" VPOS="1165" WIDTH="32" HEIGHT="20" WC="0.96" CONTENT="till"/><SP WIDTH="19" VPOS="1165" HPOS="814"/>
							<String ID="string_186" HPOS="833" VPOS="1165" WIDTH="103" HEIGHT="26" WC="0.96" CONTENT="reglering"/><SP WIDTH="18" VPOS="1165" HPOS="936"/>
							<String ID="string_187" HPOS="954" VPOS="1171" WIDTH="28" HEIGHT="14" WC="0.95" CONTENT="av"/><SP WIDTH="18" VPOS="1171" HPOS="982"/>
							<String ID="string_188" HPOS="1000" VPOS="1166" WIDTH="27" HEIGHT="19" WC="0.96" CONTENT="ån"/>
						</TextLine>
						<TextLine ID="line_28" HPOS="230" VPOS="1191" WIDTH="798" HEIGHT="30">
							<String ID="string_189" HPOS="230" VPOS="1191" WIDTH="70" HEIGHT="23" WC="0.96" CONTENT="Ätran"/><SP WIDTH="22" VPOS="1191" HPOS="300"/>
							<String ID="string_190" HPOS="322" VPOS="1194" WIDTH="33" HEIGHT="20" WC="0.93" CONTENT="för"/><SP WIDTH="21" VPOS="1194" HPOS="355"/>
							<String ID="string_191" HPOS="376" VPOS="1194" WIDTH="148" HEIGHT="27" WC="0.91" CONTENT="torrläggning"/><SP WIDTH="21" VPOS="1194" HPOS="524"/>
							<String ID="string_192" HPOS="545" VPOS="1200" WIDTH="28" HEIGHT="14" WC="0.93" CONTENT="av"/><SP WIDTH="20" VPOS="1200" HPOS="573"/>
							<String ID="string_193" HPOS="593" VPOS="1195" WIDTH="175" HEIGHT="20" WC="0.91" CONTENT="vattenskadade"/><SP WIDTH="21" VPOS="1195" HPOS="768"/>
							<String ID="string_194" HPOS="789" VPOS="1195" WIDTH="86" HEIGHT="20" WC="0.96" CONTENT="marker"/><SP WIDTH="21" VPOS="1195" HPOS="875"/>
							<String ID="string_195" HPOS="896" VPOS="1195" WIDTH="58" HEIGHT="20" WC="0.93" CONTENT="inom"/><SP WIDTH="21" VPOS="1195" HPOS="954"/>
							<String ID="string_196" HPOS="975" VPOS="1195" WIDTH="53" HEIGHT="20" WC="0.87" CONTENT="Var-"/>
						</TextLine>
						<TextLine ID="line_29" HPOS="231" VPOS="1219" WIDTH="796" HEIGHT="32">
							<String ID="string_197" HPOS="231" VPOS="1219" WIDTH="159" HEIGHT="26" WC="0.91" CONTENT="tofta—Åsaka"/><SP WIDTH="22" VPOS="1219" HPOS="390"/>
							<String ID="string_198" HPOS="412" VPOS="1230" WIDTH="28" HEIGHT="14" WC="0.92" CONTENT="m."/><SP WIDTH="22" VPOS="1230" HPOS="440"/>
							<String ID="string_199" HPOS="462" VPOS="1224" WIDTH="23" HEIGHT="20" WC="0.96" CONTENT="fl."/><SP WIDTH="22" VPOS="1224" HPOS="485"/>
							<String ID="string_200" HPOS="507" VPOS="1225" WIDTH="92" HEIGHT="19" WC="0.96" CONTENT="socknar"/><SP WIDTH="21" VPOS="1225" HPOS="599"/>
							<String ID="string_201" HPOS="620" VPOS="1230" WIDTH="28" HEIGHT="15" WC="0.97" CONTENT="av"/><SP WIDTH="22" VPOS="1230" HPOS="648"/>
							<String ID="string_202" HPOS="670" VPOS="1224" WIDTH="132" HEIGHT="27" WC="0.96" CONTENT="Skaraborgs"/><SP WIDTH="21" VPOS="1224" HPOS="802"/>
							<String ID="string_203" HPOS="823" VPOS="1225" WIDTH="35" HEIGHT="20" WC="0.96" CONTENT="län"/><SP WIDTH="22" VPOS="1225" HPOS="858"/>
							<String ID="string_204" HPOS="880" VPOS="1226" WIDTH="57" HEIGHT="19" WC="0.96" CONTENT="samt"/><SP WIDTH="22" VPOS="1226" HPOS="937"/>
							<String ID="string_205" HPOS="959" VPOS="1225" WIDTH="68" HEIGHT="20" WC="0.96" CONTENT="Norra"/>
						</TextLine>
						<TextLine ID="line_30" HPOS="231" VPOS="1249" WIDTH="797" HEIGHT="31">
							<String ID="string_206" HPOS="231" VPOS="1249" WIDTH="81" HEIGHT="31" WC="0.91" CONTENT="Åsarps"/><SP WIDTH="10" VPOS="1249" HPOS="312"/>
							<String ID="string_207" HPOS="322" VPOS="1260" WIDTH="29" HEIGHT="14" WC="0.90" CONTENT="m."/><SP WIDTH="11" VPOS="1260" HPOS="351"/>
							<String ID="string_208" HPOS="362" VPOS="1254" WIDTH="23" HEIGHT="20" WC="0.94" CONTENT="fl."/><SP WIDTH="11" VPOS="1254" HPOS="385"/>
							<String ID="string_209" HPOS="396" VPOS="1254" WIDTH="92" HEIGHT="20" WC="0.96" CONTENT="socknar"/><SP WIDTH="10" VPOS="1254" HPOS="488"/>
							<String ID="string_210" HPOS="498" VPOS="1260" WIDTH="28" HEIGHT="14" WC="0.96" CONTENT="av"/><SP WIDTH="10" VPOS="1260" HPOS="526"/>
							<String ID="string_211" HPOS="536" VPOS="1251" WIDTH="118" HEIGHT="29" WC="0.96" CONTENT="Älvsborgs"/><SP WIDTH="10" VPOS="1251" HPOS="654"/>
							<String ID="string_212" HPOS="664" VPOS="1254" WIDTH="35" HEIGHT="20" WC="0.96" CONTENT="län"/><SP WIDTH="12" VPOS="1254" HPOS="699"/>
							<String ID="string_213" HPOS="711" VPOS="1254" WIDTH="41" HEIGHT="20" WC="0.96" CONTENT="den"/><SP WIDTH="10" VPOS="1254" HPOS="752"/>
							<String ID="string_214" HPOS="762" VPOS="1254" WIDTH="24" HEIGHT="20" WC="0.96" CONTENT="31"/><SP WIDTH="13" VPOS="1254" HPOS="786"/>
							<String ID="string_215" HPOS="799" VPOS="1254" WIDTH="45" HEIGHT="21" WC="0.95" CONTENT="dec."/><SP WIDTH="13" VPOS="1254" HPOS="844"/>
							<String ID="string_216" HPOS="857" VPOS="1254" WIDTH="53" HEIGHT="21" WC="0.96" CONTENT="1924"/><SP WIDTH="10" VPOS="1254" HPOS="910"/>
							<String ID="string_217" HPOS="920" VPOS="1254" WIDTH="108" HEIGHT="26" WC="0.95" CONTENT="beviljade"/>
						</TextLine>
						<TextLine ID="line_31" HPOS="231" VPOS="1283" WIDTH="797" HEIGHT="27">
							<String ID="string_218" HPOS="231" VPOS="1283" WIDTH="36" HEIGHT="21" WC="0.95" CONTENT="lån"/><SP WIDTH="17" VPOS="1283" HPOS="267"/>
							<String ID="string_219" HPOS="284" VPOS="1284" WIDTH="49" HEIGHT="20" WC="0.93" CONTENT="från"/><SP WIDTH="18" VPOS="1284" HPOS="333"/>
							<String ID="string_220" HPOS="351" VPOS="1283" WIDTH="215" HEIGHT="27" WC="0.92" CONTENT="odlingslånefonden"/><SP WIDTH="18" VPOS="1283" HPOS="566"/>
							<String ID="string_221" HPOS="584" VPOS="1286" WIDTH="58" HEIGHT="18" WC="0.96" CONTENT="samt"/><SP WIDTH="17" VPOS="1286" HPOS="642"/>
							<String ID="string_222" HPOS="659" VPOS="1284" WIDTH="41" HEIGHT="20" WC="0.96" CONTENT="den"/><SP WIDTH="18" VPOS="1284" HPOS="700"/>
							<String ID="string_223" HPOS="718" VPOS="1284" WIDTH="26" HEIGHT="21" WC="0.96" CONTENT="27"/><SP WIDTH="18" VPOS="1284" HPOS="744"/>
							<String ID="string_224" HPOS="762" VPOS="1284" WIDTH="47" HEIGHT="26" WC="0.96" CONTENT="juni"/><SP WIDTH="19" VPOS="1284" HPOS="809"/>
							<String ID="string_225" HPOS="828" VPOS="1284" WIDTH="52" HEIGHT="20" WC="0.96" CONTENT="1927"/><SP WIDTH="19" VPOS="1284" HPOS="880"/>
							<String ID="string_226" HPOS="899" VPOS="1284" WIDTH="39" HEIGHT="20" WC="0.96" CONTENT="och"/><SP WIDTH="18" VPOS="1284" HPOS="938"/>
							<String ID="string_227" HPOS="956" VPOS="1284" WIDTH="41" HEIGHT="20" WC="0.96" CONTENT="den"/><SP WIDTH="19" VPOS="1284" HPOS="997"/>
							<String ID="string_228" HPOS="1016" VPOS="1284" WIDTH="12" HEIGHT="20" WC="0.96" CONTENT="6"/>
						</TextLine>
						<TextLine ID="line_32" HPOS="231" VPOS="1313" WIDTH="796" HEIGHT="27">
							<String ID="string_229" HPOS="231" VPOS="1313" WIDTH="55" HEIGHT="27" WC="0.95" CONTENT="april"/><SP WIDTH="13" VPOS="1313" HPOS="286"/>
							<String ID="string_230" HPOS="299" VPOS="1313" WIDTH="53" HEIGHT="21" WC="0.96" CONTENT="1934"/><SP WIDTH="12" VPOS="1313" HPOS="352"/>
							<String ID="string_231" HPOS="364" VPOS="1313" WIDTH="108" HEIGHT="26" WC="0.96" CONTENT="beviljade"/><SP WIDTH="13" VPOS="1313" HPOS="472"/>
							<String ID="string_232" HPOS="485" VPOS="1314" WIDTH="35" HEIGHT="20" WC="0.96" CONTENT="lån"/><SP WIDTH="12" VPOS="1314" HPOS="520"/>
							<String ID="string_233" HPOS="532" VPOS="1314" WIDTH="48" HEIGHT="20" WC="0.96" CONTENT="från"/><SP WIDTH="12" VPOS="1314" HPOS="580"/>
							<String ID="string_234" HPOS="592" VPOS="1315" WIDTH="84" HEIGHT="19" WC="0.93" CONTENT="statens"/><SP WIDTH="12" VPOS="1315" HPOS="676"/>
							<String ID="string_235" HPOS="688" VPOS="1314" WIDTH="233" HEIGHT="26" WC="0.91" CONTENT="avdikningslånefond"/><SP WIDTH="12" VPOS="1314" HPOS="921"/>
							<String ID="string_236" HPOS="933" VPOS="1314" WIDTH="35" HEIGHT="20" WC="0.96" CONTENT="må"/><SP WIDTH="12" VPOS="1314" HPOS="968"/>
							<String ID="string_237" HPOS="980" VPOS="1314" WIDTH="47" HEIGHT="20" WC="0.96" CONTENT="från"/>
						</TextLine>
						<TextLine ID="line_33" HPOS="231" VPOS="1343" WIDTH="727" HEIGHT="26">
							<String ID="string_238" HPOS="231" VPOS="1345" WIDTH="84" HEIGHT="18" WC="0.93" CONTENT="statens"/><SP WIDTH="15" VPOS="1345" HPOS="315"/>
							<String ID="string_239" HPOS="330" VPOS="1343" WIDTH="206" HEIGHT="26" WC="0.92" CONTENT="avdikningsanslag"/><SP WIDTH="15" VPOS="1343" HPOS="536"/>
							<String ID="string_240" HPOS="551" VPOS="1344" WIDTH="86" HEIGHT="19" WC="0.95" CONTENT="anvisas"/><SP WIDTH="15" VPOS="1344" HPOS="637"/>
							<String ID="string_241" HPOS="652" VPOS="1345" WIDTH="33" HEIGHT="18" WC="0.96" CONTENT="ett"/><SP WIDTH="15" VPOS="1345" HPOS="685"/>
							<String ID="string_242" HPOS="700" VPOS="1344" WIDTH="78" HEIGHT="25" WC="0.96" CONTENT="belopp"/><SP WIDTH="15" VPOS="1344" HPOS="778"/>
							<String ID="string_243" HPOS="793" VPOS="1350" WIDTH="28" HEIGHT="14" WC="0.96" CONTENT="av"/><SP WIDTH="15" VPOS="1350" HPOS="821"/>
							<String ID="string_244" HPOS="836" VPOS="1344" WIDTH="27" HEIGHT="19" WC="0.96" CONTENT="60"/><SP WIDTH="8" VPOS="1344" HPOS="863"/>
							<String ID="string_245" HPOS="871" VPOS="1344" WIDTH="41" HEIGHT="19" WC="0.96" CONTENT="000"/><SP WIDTH="15" VPOS="1344" HPOS="912"/>
							<String ID="string_246" HPOS="927" VPOS="1344" WIDTH="31" HEIGHT="19" WC="0.96" CONTENT="kr."/>
						</TextLine>
					</TextBlock>
				</ComposedBlock>
				<ComposedBlock ID="cblock_12" HPOS="180" VPOS="1403" WIDTH="849" HEIGHT="205">
					<TextBlock ID="block_12" HPOS="180" VPOS="1403" WIDTH="849" HEIGHT="205">
						<TextLine ID="line_34" HPOS="180" VPOS="1403" WIDTH="849" HEIGHT="27">
							<String ID="string_247" HPOS="180" VPOS="1407" WIDTH="22" HEIGHT="18" WC="0.91" CONTENT="10"/><SP WIDTH="16" VPOS="1407" HPOS="202"/>
							<String ID="string_248" HPOS="218" VPOS="1403" WIDTH="42" HEIGHT="20" WC="0.85" CONTENT="RD"/><SP WIDTH="22" VPOS="1403" HPOS="260"/>
							<String ID="string_249" HPOS="282" VPOS="1403" WIDTH="118" HEIGHT="26" WC="0.91" CONTENT="medgiver,"/><SP WIDTH="22" VPOS="1403" HPOS="400"/>
							<String ID="string_250" HPOS="422" VPOS="1404" WIDTH="36" HEIGHT="19" WC="0.96" CONTENT="att"/><SP WIDTH="21" VPOS="1404" HPOS="458"/>
							<String ID="string_251" HPOS="479" VPOS="1409" WIDTH="25" HEIGHT="14" WC="0.91" CONTENT="ur"/><SP WIDTH="21" VPOS="1409" HPOS="504"/>
							<String ID="string_252" HPOS="525" VPOS="1403" WIDTH="220" HEIGHT="26" WC="0.91" CONTENT="riksgäldskontorets"/><SP WIDTH="21" VPOS="1403" HPOS="745"/>
							<String ID="string_253" HPOS="766" VPOS="1404" WIDTH="147" HEIGHT="26" WC="0.96" CONTENT="räkenskaper"/><SP WIDTH="22" VPOS="1404" HPOS="913"/>
							<String ID="string_254" HPOS="935" VPOS="1404" WIDTH="34" HEIGHT="19" WC="0.92" CONTENT="må"/><SP WIDTH="23" VPOS="1404" HPOS="969"/>
							<String ID="string_255" HPOS="992" VPOS="1410" WIDTH="37" HEIGHT="13" WC="0.91" CONTENT="av-"/>
						</TextLine>
						<TextLine ID="line_35" HPOS="231" VPOS="1432" WIDTH="797" HEIGHT="27">
							<String ID="string_256" HPOS="231" VPOS="1432" WIDTH="84" HEIGHT="21" WC="0.96" CONTENT="skrivas"/><SP WIDTH="15" VPOS="1432" HPOS="315"/>
							<String ID="string_257" HPOS="330" VPOS="1434" WIDTH="84" HEIGHT="19" WC="0.96" CONTENT="statens"/><SP WIDTH="13" VPOS="1434" HPOS="414"/>
							<String ID="string_258" HPOS="427" VPOS="1432" WIDTH="88" HEIGHT="21" WC="0.93" CONTENT="fordran"/><SP WIDTH="15" VPOS="1432" HPOS="515"/>
							<String ID="string_259" HPOS="530" VPOS="1433" WIDTH="13" HEIGHT="20" WC="0.91" CONTENT="å"/><SP WIDTH="15" VPOS="1433" HPOS="543"/>
							<String ID="string_260" HPOS="558" VPOS="1433" WIDTH="291" HEIGHT="26" WC="0.92" CONTENT="domkyrkokommissionen"/><SP WIDTH="15" VPOS="1433" HPOS="849"/>
							<String ID="string_261" HPOS="864" VPOS="1433" WIDTH="6" HEIGHT="20" WC="0.96" CONTENT="i"/><SP WIDTH="15" VPOS="1433" HPOS="870"/>
							<String ID="string_262" HPOS="885" VPOS="1433" WIDTH="102" HEIGHT="20" WC="0.96" CONTENT="Västerås"/><SP WIDTH="14" VPOS="1433" HPOS="987"/>
							<String ID="string_263" HPOS="1001" VPOS="1434" WIDTH="27" HEIGHT="25" WC="0.96" CONTENT="på"/>
						</TextLine>
						<TextLine ID="line_36" HPOS="231" VPOS="1462" WIDTH="798" HEIGHT="27">
							<String ID="string_264" HPOS="231" VPOS="1463" WIDTH="69" HEIGHT="26" WC="0.95" CONTENT="grund"/><SP WIDTH="15" VPOS="1463" HPOS="300"/>
							<String ID="string_265" HPOS="315" VPOS="1468" WIDTH="28" HEIGHT="14" WC="0.96" CONTENT="av"/><SP WIDTH="14" VPOS="1468" HPOS="343"/>
							<String ID="string_266" HPOS="357" VPOS="1462" WIDTH="37" HEIGHT="20" WC="0.96" CONTENT="det"/><SP WIDTH="14" VPOS="1462" HPOS="394"/>
							<String ID="string_267" HPOS="408" VPOS="1462" WIDTH="36" HEIGHT="20" WC="0.92" CONTENT="vid"/><SP WIDTH="16" VPOS="1462" HPOS="444"/>
							<String ID="string_268" HPOS="460" VPOS="1462" WIDTH="136" HEIGHT="21" WC="0.92" CONTENT="1859—1860"/><SP WIDTH="14" VPOS="1462" HPOS="596"/>
							<String ID="string_269" HPOS="610" VPOS="1463" WIDTH="34" HEIGHT="20" WC="0.93" CONTENT="års"/><SP WIDTH="14" VPOS="1463" HPOS="644"/>
							<String ID="string_270" HPOS="658" VPOS="1463" WIDTH="43" HEIGHT="20" WC="0.91" CONTENT="RD"/><SP WIDTH="14" VPOS="1463" HPOS="701"/>
							<String ID="string_271" HPOS="715" VPOS="1463" WIDTH="108" HEIGHT="26" WC="0.92" CONTENT="beviljade"/><SP WIDTH="14" VPOS="1463" HPOS="823"/>
							<String ID="string_272" HPOS="837" VPOS="1463" WIDTH="192" HEIGHT="20" WC="0.91" CONTENT="låneunderstödet"/>
						</TextLine>
						<TextLine ID="line_37" HPOS="231" VPOS="1492" WIDTH="798" HEIGHT="27">
							<String ID="string_273" HPOS="231" VPOS="1492" WIDTH="33" HEIGHT="20" WC="0.96" CONTENT="till"/><SP WIDTH="14" VPOS="1492" HPOS="264"/>
							<String ID="string_274" HPOS="278" VPOS="1492" WIDTH="103" HEIGHT="20" WC="0.96" CONTENT="Västerås"/><SP WIDTH="15" VPOS="1492" HPOS="381"/>
							<String ID="string_275" HPOS="396" VPOS="1492" WIDTH="123" HEIGHT="26" WC="0.91" CONTENT="domkyrka"/><SP WIDTH="14" VPOS="1492" HPOS="519"/>
							<String ID="string_276" HPOS="533" VPOS="1493" WIDTH="13" HEIGHT="19" WC="0.89" CONTENT="å"/><SP WIDTH="15" VPOS="1493" HPOS="546"/>
							<String ID="string_277" HPOS="561" VPOS="1492" WIDTH="26" HEIGHT="21" WC="0.94" CONTENT="28"/><SP WIDTH="9" VPOS="1492" HPOS="587"/>
							<String ID="string_278" HPOS="596" VPOS="1492" WIDTH="40" HEIGHT="20" WC="0.96" CONTENT="000"/><SP WIDTH="15" VPOS="1492" HPOS="636"/>
							<String ID="string_279" HPOS="651" VPOS="1493" WIDTH="43" HEIGHT="23" WC="0.96" CONTENT="rdr,"/><SP WIDTH="16" VPOS="1493" HPOS="694"/>
							<String ID="string_280" HPOS="710" VPOS="1494" WIDTH="57" HEIGHT="18" WC="0.93" CONTENT="samt"/><SP WIDTH="14" VPOS="1494" HPOS="767"/>
							<String ID="string_281" HPOS="781" VPOS="1493" WIDTH="13" HEIGHT="20" WC="0.92" CONTENT="å"/><SP WIDTH="14" VPOS="1493" HPOS="794"/>
							<String ID="string_282" HPOS="808" VPOS="1493" WIDTH="72" HEIGHT="26" WC="0.96" CONTENT="Växjö"/><SP WIDTH="16" VPOS="1493" HPOS="880"/>
							<String ID="string_283" HPOS="896" VPOS="1493" WIDTH="133" HEIGHT="26" WC="0.96" CONTENT="domkapitel"/>
						</TextLine>
						<TextLine ID="line_38" HPOS="232" VPOS="1522" WIDTH="797" HEIGHT="27">
							<String ID="string_284" HPOS="232" VPOS="1522" WIDTH="27" HEIGHT="26" WC="0.96" CONTENT="på"/><SP WIDTH="10" VPOS="1522" HPOS="259"/>
							<String ID="string_285" HPOS="269" VPOS="1522" WIDTH="70" HEIGHT="26" WC="0.96" CONTENT="grund"/><SP WIDTH="10" VPOS="1522" HPOS="339"/>
							<String ID="string_286" HPOS="349" VPOS="1528" WIDTH="29" HEIGHT="14" WC="0.96" CONTENT="av"/><SP WIDTH="10" VPOS="1528" HPOS="378"/>
							<String ID="string_287" HPOS="388" VPOS="1522" WIDTH="37" HEIGHT="20" WC="0.96" CONTENT="det"/><SP WIDTH="9" VPOS="1522" HPOS="425"/>
							<String ID="string_288" HPOS="434" VPOS="1522" WIDTH="49" HEIGHT="20" WC="0.96" CONTENT="från"/><SP WIDTH="10" VPOS="1522" HPOS="483"/>
							<String ID="string_289" HPOS="493" VPOS="1522" WIDTH="75" HEIGHT="26" WC="0.93" CONTENT="anslag"/><SP WIDTH="9" VPOS="1522" HPOS="568"/>
							<String ID="string_290" HPOS="577" VPOS="1522" WIDTH="13" HEIGHT="20" WC="0.92" CONTENT="å"/><SP WIDTH="9" VPOS="1522" HPOS="590"/>
							<String ID="string_291" HPOS="599" VPOS="1522" WIDTH="118" HEIGHT="21" WC="0.91" CONTENT="riksstaten"/><SP WIDTH="11" VPOS="1522" HPOS="717"/>
							<String ID="string_292" HPOS="728" VPOS="1523" WIDTH="34" HEIGHT="19" WC="0.96" CONTENT="för"/><SP WIDTH="9" VPOS="1523" HPOS="762"/>
							<String ID="string_293" HPOS="771" VPOS="1522" WIDTH="130" HEIGHT="27" WC="0.93" CONTENT="budgetåret"/><SP WIDTH="12" VPOS="1522" HPOS="901"/>
							<String ID="string_294" HPOS="913" VPOS="1522" WIDTH="116" HEIGHT="26" WC="0.90" CONTENT="1923/1924"/>
						</TextLine>
						<TextLine ID="line_39" HPOS="232" VPOS="1552" WIDTH="796" HEIGHT="26">
							<String ID="string_295" HPOS="232" VPOS="1552" WIDTH="69" HEIGHT="20" WC="0.95" CONTENT="under"/><SP WIDTH="18" VPOS="1552" HPOS="301"/>
							<String ID="string_296" HPOS="319" VPOS="1552" WIDTH="97" HEIGHT="26" WC="0.96" CONTENT="Utgifter"/><SP WIDTH="17" VPOS="1552" HPOS="416"/>
							<String ID="string_297" HPOS="433" VPOS="1552" WIDTH="34" HEIGHT="20" WC="0.93" CONTENT="för"/><SP WIDTH="18" VPOS="1552" HPOS="467"/>
							<String ID="string_298" HPOS="485" VPOS="1552" WIDTH="167" HEIGHT="26" WC="0.92" CONTENT="kapitalökning"/><SP WIDTH="19" VPOS="1552" HPOS="652"/>
							<String ID="string_299" HPOS="671" VPOS="1552" WIDTH="39" HEIGHT="20" WC="0.96" CONTENT="och"/><SP WIDTH="19" VPOS="1552" HPOS="710"/>
							<String ID="string_300" HPOS="729" VPOS="1552" WIDTH="102" HEIGHT="21" WC="0.93" CONTENT="rubriken"/><SP WIDTH="20" VPOS="1552" HPOS="831"/>
							<String ID="string_301" HPOS="851" VPOS="1552" WIDTH="177" HEIGHT="20" WC="0.90" CONTENT="Låneunderstöd"/>
						</TextLine>
						<TextLine ID="line_40" HPOS="232" VPOS="1582" WIDTH="755" HEIGHT="26">
							<String ID="string_302" HPOS="232" VPOS="1582" WIDTH="126" HEIGHT="20" WC="0.96" CONTENT="utlämnade"/><SP WIDTH="15" VPOS="1582" HPOS="358"/>
							<String ID="string_303" HPOS="373" VPOS="1582" WIDTH="104" HEIGHT="20" WC="0.96" CONTENT="räntefria"/><SP WIDTH="15" VPOS="1582" HPOS="477"/>
							<String ID="string_304" HPOS="492" VPOS="1582" WIDTH="59" HEIGHT="20" WC="0.96" CONTENT="lånet"/><SP WIDTH="14" VPOS="1582" HPOS="551"/>
							<String ID="string_305" HPOS="565" VPOS="1582" WIDTH="33" HEIGHT="20" WC="0.75" CONTENT="till."/><SP WIDTH="15" VPOS="1582" HPOS="598"/>
							<String ID="string_306" HPOS="613" VPOS="1582" WIDTH="72" HEIGHT="26" WC="0.89" CONTENT="Växjö"/><SP WIDTH="15" VPOS="1582" HPOS="685"/>
							<String ID="string_307" HPOS="700" VPOS="1582" WIDTH="122" HEIGHT="26" WC="0.93" CONTENT="domkyrka"/><SP WIDTH="16" VPOS="1582" HPOS="822"/>
							<String ID="string_308" HPOS="838" VPOS="1582" WIDTH="11" HEIGHT="20" WC="0.92" CONTENT="å"/><SP WIDTH="16" VPOS="1582" HPOS="849"/>
							<String ID="string_309" HPOS="865" VPOS="1582" WIDTH="26" HEIGHT="21" WC="0.95" CONTENT="20"/><SP WIDTH="9" VPOS="1582" HPOS="891"/>
							<String ID="string_310" HPOS="900" VPOS="1582" WIDTH="40" HEIGHT="20" WC="0.95" CONTENT="000"/><SP WIDTH="16" VPOS="1582" HPOS="940"/>
							<String ID="string_311" HPOS="956" VPOS="1583" WIDTH="31" HEIGHT="19" WC="0.95" CONTENT="kr."/>
						</TextLine>
					</TextBlock>
				</ComposedBlock>
				<ComposedBlock ID="cblock_13" HPOS="180" VPOS="1641" WIDTH="851" HEIGHT="206">
					<TextBlock ID="block_13" HPOS="180" VPOS="1641" WIDTH="851" HEIGHT="206">
						<TextLine ID="line_41" HPOS="180" VPOS="1641" WIDTH="850" HEIGHT="27">
							<String ID="string_312" HPOS="180" VPOS="1645" WIDTH="21" HEIGHT="17" WC="0.93" CONTENT="11"/><SP WIDTH="17" VPOS="1645" HPOS="201"/>
							<String ID="string_313" HPOS="218" VPOS="1641" WIDTH="42" HEIGHT="21" WC="0.90" CONTENT="RD"/><SP WIDTH="20" VPOS="1641" HPOS="260"/>
							<String ID="string_314" HPOS="280" VPOS="1641" WIDTH="117" HEIGHT="27" WC="0.91" CONTENT="medgiver,"/><SP WIDTH="19" VPOS="1641" HPOS="397"/>
							<String ID="string_315" HPOS="416" VPOS="1643" WIDTH="35" HEIGHT="18" WC="0.96" CONTENT="att"/><SP WIDTH="17" VPOS="1643" HPOS="451"/>
							<String ID="string_316" HPOS="468" VPOS="1641" WIDTH="33" HEIGHT="20" WC="0.96" CONTENT="till"/><SP WIDTH="19" VPOS="1641" HPOS="501"/>
							<String ID="string_317" HPOS="520" VPOS="1642" WIDTH="156" HEIGHT="26" WC="0.96" CONTENT="nedskrivning"/><SP WIDTH="18" VPOS="1642" HPOS="676"/>
							<String ID="string_318" HPOS="694" VPOS="1648" WIDTH="28" HEIGHT="14" WC="0.96" CONTENT="av"/><SP WIDTH="19" VPOS="1648" HPOS="722"/>
							<String ID="string_319" HPOS="741" VPOS="1642" WIDTH="25" HEIGHT="20" WC="0.96" CONTENT="de"/><SP WIDTH="19" VPOS="1642" HPOS="766"/>
							<String ID="string_320" HPOS="785" VPOS="1642" WIDTH="33" HEIGHT="20" WC="0.93" CONTENT="till"/><SP WIDTH="20" VPOS="1642" HPOS="818"/>
							<String ID="string_321" HPOS="838" VPOS="1642" WIDTH="146" HEIGHT="26" WC="0.91" CONTENT="torrläggning"/><SP WIDTH="18" VPOS="1642" HPOS="984"/>
							<String ID="string_322" HPOS="1002" VPOS="1648" WIDTH="28" HEIGHT="13" WC="0.95" CONTENT="av"/>
						</TextLine>
						<TextLine ID="line_42" HPOS="232" VPOS="1668" WIDTH="797" HEIGHT="30">
							<String ID="string_323" HPOS="232" VPOS="1671" WIDTH="289" HEIGHT="27" WC="0.90" CONTENT="Hidinge—Spångakärren"/><SP WIDTH="15" VPOS="1671" HPOS="521"/>
							<String ID="string_324" HPOS="536" VPOS="1671" WIDTH="6" HEIGHT="20" WC="0.96" CONTENT="i"/><SP WIDTH="15" VPOS="1671" HPOS="542"/>
							<String ID="string_325" HPOS="557" VPOS="1668" WIDTH="81" HEIGHT="24" WC="0.96" CONTENT="Örebro"/><SP WIDTH="14" VPOS="1668" HPOS="638"/>
							<String ID="string_326" HPOS="652" VPOS="1672" WIDTH="36" HEIGHT="20" WC="0.96" CONTENT="län"/><SP WIDTH="15" VPOS="1672" HPOS="688"/>
							<String ID="string_327" HPOS="703" VPOS="1672" WIDTH="41" HEIGHT="19" WC="0.96" CONTENT="den"/><SP WIDTH="17" VPOS="1672" HPOS="744"/>
							<String ID="string_328" HPOS="761" VPOS="1672" WIDTH="21" HEIGHT="19" WC="0.96" CONTENT="11"/><SP WIDTH="18" VPOS="1672" HPOS="782"/>
							<String ID="string_329" HPOS="800" VPOS="1678" WIDTH="50" HEIGHT="13" WC="0.96" CONTENT="nov."/><SP WIDTH="17" VPOS="1678" HPOS="850"/>
							<String ID="string_330" HPOS="867" VPOS="1671" WIDTH="49" HEIGHT="20" WC="0.96" CONTENT="1921"/><SP WIDTH="18" VPOS="1671" HPOS="916"/>
							<String ID="string_331" HPOS="934" VPOS="1672" WIDTH="39" HEIGHT="19" WC="0.96" CONTENT="och"/><SP WIDTH="16" VPOS="1672" HPOS="973"/>
							<String ID="string_332" HPOS="989" VPOS="1671" WIDTH="40" HEIGHT="20" WC="0.96" CONTENT="den"/>
						</TextLine>
						<TextLine ID="line_43" HPOS="233" VPOS="1701" WIDTH="797" HEIGHT="26">
							<String ID="string_333" HPOS="233" VPOS="1701" WIDTH="25" HEIGHT="20" WC="0.96" CONTENT="19"/><SP WIDTH="20" VPOS="1701" HPOS="258"/>
							<String ID="string_334" HPOS="278" VPOS="1701" WIDTH="45" HEIGHT="20" WC="0.96" CONTENT="dec."/><SP WIDTH="23" VPOS="1701" HPOS="323"/>
							<String ID="string_335" HPOS="346" VPOS="1701" WIDTH="53" HEIGHT="20" WC="0.96" CONTENT="1924"/><SP WIDTH="19" VPOS="1701" HPOS="399"/>
							<String ID="string_336" HPOS="418" VPOS="1701" WIDTH="47" HEIGHT="20" WC="0.93" CONTENT="från"/><SP WIDTH="21" VPOS="1701" HPOS="465"/>
							<String ID="string_337" HPOS="486" VPOS="1701" WIDTH="214" HEIGHT="26" WC="0.91" CONTENT="odlingslånefonden"/><SP WIDTH="20" VPOS="1701" HPOS="700"/>
							<String ID="string_338" HPOS="720" VPOS="1703" WIDTH="58" HEIGHT="18" WC="0.96" CONTENT="samt"/><SP WIDTH="20" VPOS="1703" HPOS="778"/>
							<String ID="string_339" HPOS="798" VPOS="1701" WIDTH="41" HEIGHT="20" WC="0.95" CONTENT="den"/><SP WIDTH="20" VPOS="1701" HPOS="839"/>
							<String ID="string_340" HPOS="859" VPOS="1701" WIDTH="26" HEIGHT="20" WC="0.86" CONTENT="25"/><SP WIDTH="20" VPOS="1701" HPOS="885"/>
							<String ID="string_341" HPOS="905" VPOS="1707" WIDTH="50" HEIGHT="14" WC="0.95" CONTENT="nov."/><SP WIDTH="23" VPOS="1707" HPOS="955"/>
							<String ID="string_342" HPOS="978" VPOS="1701" WIDTH="52" HEIGHT="20" WC="0.96" CONTENT="1927"/>
						</TextLine>
						<TextLine ID="line_44" HPOS="233" VPOS="1731" WIDTH="797" HEIGHT="26">
							<String ID="string_343" HPOS="233" VPOS="1731" WIDTH="39" HEIGHT="20" WC="0.96" CONTENT="och"/><SP WIDTH="16" VPOS="1731" HPOS="272"/>
							<String ID="string_344" HPOS="288" VPOS="1731" WIDTH="41" HEIGHT="20" WC="0.96" CONTENT="den"/><SP WIDTH="16" VPOS="1731" HPOS="329"/>
							<String ID="string_345" HPOS="345" VPOS="1731" WIDTH="13" HEIGHT="19" WC="0.96" CONTENT="4"/><SP WIDTH="16" VPOS="1731" HPOS="358"/>
							<String ID="string_346" HPOS="374" VPOS="1737" WIDTH="50" HEIGHT="14" WC="0.96" CONTENT="nov."/><SP WIDTH="18" VPOS="1737" HPOS="424"/>
							<String ID="string_347" HPOS="442" VPOS="1731" WIDTH="53" HEIGHT="20" WC="0.96" CONTENT="1932"/><SP WIDTH="15" VPOS="1731" HPOS="495"/>
							<String ID="string_348" HPOS="510" VPOS="1731" WIDTH="48" HEIGHT="20" WC="0.96" CONTENT="från"/><SP WIDTH="16" VPOS="1731" HPOS="558"/>
							<String ID="string_349" HPOS="574" VPOS="1732" WIDTH="84" HEIGHT="19" WC="0.93" CONTENT="statens"/><SP WIDTH="15" VPOS="1732" HPOS="658"/>
							<String ID="string_350" HPOS="673" VPOS="1731" WIDTH="233" HEIGHT="26" WC="0.91" CONTENT="avdikningslånefond"/><SP WIDTH="16" VPOS="1731" HPOS="906"/>
							<String ID="string_351" HPOS="922" VPOS="1731" WIDTH="108" HEIGHT="26" WC="0.96" CONTENT="beviljade"/>
						</TextLine>
						<TextLine ID="line_45" HPOS="232" VPOS="1760" WIDTH="799" HEIGHT="27">
							<String ID="string_352" HPOS="232" VPOS="1761" WIDTH="35" HEIGHT="20" WC="0.96" CONTENT="lån"/><SP WIDTH="14" VPOS="1761" HPOS="267"/>
							<String ID="string_353" HPOS="281" VPOS="1762" WIDTH="103" HEIGHT="19" WC="0.96" CONTENT="ävensom"/><SP WIDTH="13" VPOS="1762" HPOS="384"/>
							<String ID="string_354" HPOS="397" VPOS="1760" WIDTH="34" HEIGHT="21" WC="0.93" CONTENT="till"/><SP WIDTH="12" VPOS="1760" HPOS="431"/>
							<String ID="string_355" HPOS="443" VPOS="1761" WIDTH="108" HEIGHT="26" WC="0.89" CONTENT="gäldande"/><SP WIDTH="13" VPOS="1761" HPOS="551"/>
							<String ID="string_356" HPOS="564" VPOS="1767" WIDTH="28" HEIGHT="14" WC="0.96" CONTENT="av"/><SP WIDTH="13" VPOS="1767" HPOS="592"/>
							<String ID="string_357" HPOS="605" VPOS="1761" WIDTH="57" HEIGHT="20" WC="0.96" CONTENT="vissa"/><SP WIDTH="14" VPOS="1761" HPOS="662"/>
							<String ID="string_358" HPOS="676" VPOS="1761" WIDTH="49" HEIGHT="20" WC="0.96" CONTENT="med"/><SP WIDTH="15" VPOS="1761" HPOS="725"/>
							<String ID="string_359" HPOS="740" VPOS="1761" WIDTH="116" HEIGHT="26" WC="0.96" CONTENT="utredning"/><SP WIDTH="12" VPOS="1761" HPOS="856"/>
							<String ID="string_360" HPOS="868" VPOS="1762" WIDTH="41" HEIGHT="19" WC="0.95" CONTENT="rör."/><SP WIDTH="14" VPOS="1762" HPOS="909"/>
							<String ID="string_361" HPOS="923" VPOS="1761" WIDTH="108" HEIGHT="25" WC="0.96" CONTENT="företaget"/>
						</TextLine>
						<TextLine ID="line_46" HPOS="232" VPOS="1790" WIDTH="799" HEIGHT="26">
							<String ID="string_362" HPOS="232" VPOS="1790" WIDTH="103" HEIGHT="21" WC="0.96" CONTENT="förenade"/><SP WIDTH="19" VPOS="1790" HPOS="335"/>
							<String ID="string_363" HPOS="354" VPOS="1791" WIDTH="119" HEIGHT="20" WC="0.96" CONTENT="kostnader"/><SP WIDTH="19" VPOS="1791" HPOS="473"/>
							<String ID="string_364" HPOS="492" VPOS="1791" WIDTH="35" HEIGHT="19" WC="0.96" CONTENT="må"/><SP WIDTH="20" VPOS="1791" HPOS="527"/>
							<String ID="string_365" HPOS="547" VPOS="1791" WIDTH="47" HEIGHT="20" WC="0.96" CONTENT="från"/><SP WIDTH="21" VPOS="1791" HPOS="594"/>
							<String ID="string_366" HPOS="615" VPOS="1792" WIDTH="83" HEIGHT="18" WC="0.93" CONTENT="statens"/><SP WIDTH="20" VPOS="1792" HPOS="698"/>
							<String ID="string_367" HPOS="718" VPOS="1791" WIDTH="207" HEIGHT="25" WC="0.91" CONTENT="avdikningsanslag"/><SP WIDTH="19" VPOS="1791" HPOS="925"/>
							<String ID="string_368" HPOS="944" VPOS="1791" WIDTH="87" HEIGHT="19" WC="0.95" CONTENT="anvisas"/>
						</TextLine>
						<TextLine ID="line_47" HPOS="233" VPOS="1820" WIDTH="377" HEIGHT="27">
							<String ID="string_369" HPOS="233" VPOS="1822" WIDTH="32" HEIGHT="18" WC="0.96" CONTENT="ett"/><SP WIDTH="16" VPOS="1822" HPOS="265"/>
							<String ID="string_370" HPOS="281" VPOS="1820" WIDTH="134" HEIGHT="27" WC="0.96" CONTENT="statsbidrag"/><SP WIDTH="15" VPOS="1820" HPOS="415"/>
							<String ID="string_371" HPOS="430" VPOS="1826" WIDTH="28" HEIGHT="14" WC="0.96" CONTENT="av"/><SP WIDTH="17" VPOS="1826" HPOS="458"/>
							<String ID="string_372" HPOS="475" VPOS="1820" WIDTH="39" HEIGHT="20" WC="0.94" CONTENT="109"/><SP WIDTH="9" VPOS="1820" HPOS="514"/>
							<String ID="string_373" HPOS="523" VPOS="1820" WIDTH="39" HEIGHT="20" WC="0.96" CONTENT="924"/><SP WIDTH="16" VPOS="1820" HPOS="562"/>
							<String ID="string_374" HPOS="578" VPOS="1821" WIDTH="32" HEIGHT="19" WC="0.96" CONTENT="kr."/>
						</TextLine>
					</TextBlock>
				</ComposedBlock>
				<ComposedBlock ID="cblock_14" HPOS="181" VPOS="1880" WIDTH="851" HEIGHT="116">
					<TextBlock ID="block_14" HPOS="181" VPOS="1880" WIDTH="851" HEIGHT="116">
						<TextLine ID="line_48" HPOS="181" VPOS="1880" WIDTH="851" HEIGHT="26">
							<String ID="string_375" HPOS="181" VPOS="1883" WIDTH="22" HEIGHT="17" WC="0.92" CONTENT="12"/><SP WIDTH="16" VPOS="1883" HPOS="203"/>
							<String ID="string_376" HPOS="219" VPOS="1880" WIDTH="42" HEIGHT="20" WC="0.90" CONTENT="RD"/><SP WIDTH="20" VPOS="1880" HPOS="261"/>
							<String ID="string_377" HPOS="281" VPOS="1880" WIDTH="117" HEIGHT="26" WC="0.90" CONTENT="medgiver,"/><SP WIDTH="19" VPOS="1880" HPOS="398"/>
							<String ID="string_378" HPOS="417" VPOS="1882" WIDTH="36" HEIGHT="18" WC="0.96" CONTENT="att"/><SP WIDTH="18" VPOS="1882" HPOS="453"/>
							<String ID="string_379" HPOS="471" VPOS="1880" WIDTH="32" HEIGHT="20" WC="0.95" CONTENT="till"/><SP WIDTH="20" VPOS="1880" HPOS="503"/>
							<String ID="string_380" HPOS="523" VPOS="1882" WIDTH="99" HEIGHT="18" WC="0.96" CONTENT="översten"/><SP WIDTH="21" VPOS="1882" HPOS="622"/>
							<String ID="string_381" HPOS="643" VPOS="1880" WIDTH="38" HEIGHT="20" WC="0.93" CONTENT="och"/><SP WIDTH="20" VPOS="1880" HPOS="681"/>
							<String ID="string_382" HPOS="701" VPOS="1880" WIDTH="160" HEIGHT="20" WC="0.51" CONTENT="sekundcehefen"/><SP WIDTH="20" VPOS="1880" HPOS="861"/>
							<String ID="string_383" HPOS="881" VPOS="1880" WIDTH="33" HEIGHT="20" WC="0.93" CONTENT="för"/><SP WIDTH="19" VPOS="1880" HPOS="914"/>
							<String ID="string_384" HPOS="933" VPOS="1880" WIDTH="99" HEIGHT="26" WC="0.91" CONTENT="Livrege-"/>
						</TextLine>
						<TextLine ID="line_49" HPOS="232" VPOS="1909" WIDTH="799" HEIGHT="27">
							<String ID="string_385" HPOS="232" VPOS="1911" WIDTH="85" HEIGHT="19" WC="0.96" CONTENT="mentet"/><SP WIDTH="14" VPOS="1911" HPOS="317"/>
							<String ID="string_386" HPOS="331" VPOS="1910" WIDTH="33" HEIGHT="20" WC="0.95" CONTENT="till"/><SP WIDTH="15" VPOS="1910" HPOS="364"/>
							<String ID="string_387" HPOS="379" VPOS="1910" WIDTH="50" HEIGHT="20" WC="0.96" CONTENT="häst"/><SP WIDTH="14" VPOS="1910" HPOS="429"/>
							<String ID="string_388" HPOS="443" VPOS="1915" WIDTH="64" HEIGHT="21" WC="0.93" CONTENT="greve"/><SP WIDTH="15" VPOS="1915" HPOS="507"/>
							<String ID="string_389" HPOS="522" VPOS="1910" WIDTH="33" HEIGHT="20" WC="0.92" CONTENT="W."/><SP WIDTH="16" VPOS="1910" HPOS="555"/>
							<String ID="string_390" HPOS="571" VPOS="1910" WIDTH="26" HEIGHT="20" WC="0.92" CONTENT="A."/><SP WIDTH="18" VPOS="1910" HPOS="597"/>
							<String ID="string_391" HPOS="615" VPOS="1910" WIDTH="96" HEIGHT="26" WC="0.95" CONTENT="Douglas"/><SP WIDTH="14" VPOS="1910" HPOS="711"/>
							<String ID="string_392" HPOS="725" VPOS="1910" WIDTH="36" HEIGHT="19" WC="0.96" CONTENT="må"/><SP WIDTH="15" VPOS="1910" HPOS="761"/>
							<String ID="string_393" HPOS="776" VPOS="1909" WIDTH="47" HEIGHT="20" WC="0.96" CONTENT="från"/><SP WIDTH="17" VPOS="1909" HPOS="823"/>
							<String ID="string_394" HPOS="840" VPOS="1910" WIDTH="37" HEIGHT="19" WC="0.96" CONTENT="det"/><SP WIDTH="15" VPOS="1910" HPOS="877"/>
							<String ID="string_395" HPOS="892" VPOS="1910" WIDTH="6" HEIGHT="19" WC="0.93" CONTENT="i"/><SP WIDTH="15" VPOS="1910" HPOS="898"/>
							<String ID="string_396" HPOS="913" VPOS="1910" WIDTH="118" HEIGHT="19" WC="0.91" CONTENT="riksstaten"/>
						</TextLine>
						<TextLine ID="line_50" HPOS="233" VPOS="1939" WIDTH="799" HEIGHT="27">
							<String ID="string_397" HPOS="233" VPOS="1939" WIDTH="33" HEIGHT="21" WC="0.96" CONTENT="för"/><SP WIDTH="17" VPOS="1939" HPOS="266"/>
							<String ID="string_398" HPOS="283" VPOS="1940" WIDTH="131" HEIGHT="26" WC="0.92" CONTENT="budgetåret"/><SP WIDTH="18" VPOS="1940" HPOS="414"/>
							<String ID="string_399" HPOS="432" VPOS="1939" WIDTH="117" HEIGHT="26" WC="0.92" CONTENT="1935/1936"/><SP WIDTH="18" VPOS="1939" HPOS="549"/>
							<String ID="string_400" HPOS="567" VPOS="1939" WIDTH="108" HEIGHT="27" WC="0.92" CONTENT="uppförda"/><SP WIDTH="17" VPOS="1939" HPOS="675"/>
							<String ID="string_401" HPOS="692" VPOS="1939" WIDTH="190" HEIGHT="26" WC="0.88" CONTENT="förslagsanslaget"/><SP WIDTH="17" VPOS="1939" HPOS="882"/>
							<String ID="string_402" HPOS="899" VPOS="1939" WIDTH="32" HEIGHT="20" WC="0.93" CONTENT="till"/><SP WIDTH="19" VPOS="1939" HPOS="931"/>
							<String ID="string_403" HPOS="950" VPOS="1939" WIDTH="82" HEIGHT="20" WC="0.92" CONTENT="oförut-"/>
						</TextLine>
						<TextLine ID="line_51" HPOS="233" VPOS="1969" WIDTH="698" HEIGHT="27">
							<String ID="string_404" HPOS="233" VPOS="1969" WIDTH="66" HEIGHT="20" WC="0.96" CONTENT="sedda"/><SP WIDTH="15" VPOS="1969" HPOS="299"/>
							<String ID="string_405" HPOS="314" VPOS="1969" WIDTH="91" HEIGHT="27" WC="0.96" CONTENT="utgifter"/><SP WIDTH="14" VPOS="1969" HPOS="405"/>
							<String ID="string_406" HPOS="419" VPOS="1969" WIDTH="109" HEIGHT="20" WC="0.96" CONTENT="utbetalas"/><SP WIDTH="15" VPOS="1969" HPOS="528"/>
							<String ID="string_407" HPOS="543" VPOS="1971" WIDTH="33" HEIGHT="18" WC="0.96" CONTENT="ett"/><SP WIDTH="14" VPOS="1971" HPOS="576"/>
							<String ID="string_408" HPOS="590" VPOS="1969" WIDTH="78" HEIGHT="26" WC="0.96" CONTENT="belopp"/><SP WIDTH="15" VPOS="1969" HPOS="668"/>
							<String ID="string_409" HPOS="683" VPOS="1975" WIDTH="29" HEIGHT="14" WC="0.96" CONTENT="av"/><SP WIDTH="16" VPOS="1975" HPOS="712"/>
							<String ID="string_410" HPOS="728" VPOS="1969" WIDTH="57" HEIGHT="20" WC="0.94" CONTENT="1256"/><SP WIDTH="15" VPOS="1969" HPOS="785"/>
							<String ID="string_411" HPOS="800" VPOS="1969" WIDTH="32" HEIGHT="20" WC="0.96" CONTENT="kr."/><SP WIDTH="16" VPOS="1969" HPOS="832"/>
							<String ID="string_412" HPOS="848" VPOS="1969" WIDTH="26" HEIGHT="20" WC="0.96" CONTENT="29"/><SP WIDTH="15" VPOS="1969" HPOS="874"/>
							<String ID="string_413" HPOS="889" VPOS="1971" WIDTH="42" HEIGHT="18" WC="0.96" CONTENT="öre."/>
						</TextLine>
					</TextBlock>
				</ComposedBlock>
				<ComposedBlock ID="cblock_15" HPOS="181" VPOS="2029" WIDTH="851" HEIGHT="56">
					<TextBlock ID="block_15" HPOS="181" VPOS="2029" WIDTH="851" HEIGHT="56">
						<TextLine ID="line_52" HPOS="181" VPOS="2029" WIDTH="850" HEIGHT="27">
							<String ID="string_414" HPOS="181" VPOS="2031" WIDTH="23" HEIGHT="18" WC="0.93" CONTENT="13"/><SP WIDTH="15" VPOS="2031" HPOS="204"/>
							<String ID="string_415" HPOS="219" VPOS="2029" WIDTH="43" HEIGHT="21" WC="0.90" CONTENT="RD"/><SP WIDTH="19" VPOS="2029" HPOS="262"/>
							<String ID="string_416" HPOS="281" VPOS="2029" WIDTH="118" HEIGHT="27" WC="0.90" CONTENT="medgiver,"/><SP WIDTH="19" VPOS="2029" HPOS="399"/>
							<String ID="string_417" HPOS="418" VPOS="2031" WIDTH="35" HEIGHT="18" WC="0.97" CONTENT="att"/><SP WIDTH="18" VPOS="2031" HPOS="453"/>
							<String ID="string_418" HPOS="471" VPOS="2029" WIDTH="109" HEIGHT="27" WC="0.95" CONTENT="kaptenen"/><SP WIDTH="19" VPOS="2029" HPOS="580"/>
							<String ID="string_419" HPOS="599" VPOS="2029" WIDTH="37" HEIGHT="20" WC="0.96" CONTENT="vid"/><SP WIDTH="19" VPOS="2029" HPOS="636"/>
							<String ID="string_420" HPOS="655" VPOS="2029" WIDTH="165" HEIGHT="20" WC="0.90" CONTENT="kustartilleriet"/><SP WIDTH="19" VPOS="2029" HPOS="820"/>
							<String ID="string_421" HPOS="839" VPOS="2029" WIDTH="27" HEIGHT="20" WC="0.90" CONTENT="H."/><SP WIDTH="21" VPOS="2029" HPOS="866"/>
							<String ID="string_422" HPOS="887" VPOS="2029" WIDTH="27" HEIGHT="20" WC="0.90" CONTENT="H."/><SP WIDTH="21" VPOS="2029" HPOS="914"/>
							<String ID="string_423" HPOS="935" VPOS="2029" WIDTH="96" HEIGHT="20" WC="0.91" CONTENT="Victorin"/>
						</TextLine>
						<TextLine ID="line_53" HPOS="234" VPOS="2059" WIDTH="798" HEIGHT="26">
							<String ID="string_424" HPOS="234" VPOS="2059" WIDTH="34" HEIGHT="20" WC="0.96" CONTENT="må"/><SP WIDTH="13" VPOS="2059" HPOS="268"/>
							<String ID="string_425" HPOS="281" VPOS="2059" WIDTH="80" HEIGHT="20" WC="0.96" CONTENT="befrias"/><SP WIDTH="12" VPOS="2059" HPOS="361"/>
							<String ID="string_426" HPOS="373" VPOS="2059" WIDTH="48" HEIGHT="20" WC="0.96" CONTENT="från"/><SP WIDTH="12" VPOS="2059" HPOS="421"/>
							<String ID="string_427" HPOS="433" VPOS="2059" WIDTH="80" HEIGHT="20" WC="0.96" CONTENT="honom"/><SP WIDTH="12" VPOS="2059" HPOS="513"/>
							<String ID="string_428" HPOS="525" VPOS="2059" WIDTH="88" HEIGHT="26" WC="0.96" CONTENT="jämlikt"/><SP WIDTH="12" VPOS="2059" HPOS="613"/>
							<String ID="string_429" HPOS="625" VPOS="2059" WIDTH="119" HEIGHT="20" WC="0.93" CONTENT="Vaxholms"/><SP WIDTH="13" VPOS="2059" HPOS="744"/>
							<String ID="string_430" HPOS="757" VPOS="2059" WIDTH="275" HEIGHT="25" WC="0.90" CONTENT="kustartilleriregementes"/>
						</TextLine>
					</TextBlock>
				</ComposedBlock>
				<ComposedBlock ID="cblock_16" HPOS="164" VPOS="215" WIDTH="18" HEIGHT="1867">
					<TextBlock ID="block_16" HPOS="164" VPOS="215" WIDTH="18" HEIGHT="1867">
						<TextLine ID="line_54" HPOS="164" VPOS="215" WIDTH="18" HEIGHT="1867">
							<String ID="string_431" HPOS="164" VPOS="215" WIDTH="18" HEIGHT="1867" WC="0.95" CONTENT=" "/>
						</TextLine>
					</TextBlock>
				</ComposedBlock>
				<ComposedBlock ID="cblock_17" HPOS="1173" VPOS="360" WIDTH="96" HEIGHT="3">
					<TextBlock ID="block_17" HPOS="1173" VPOS="360" WIDTH="96" HEIGHT="3">
						<TextLine ID="line_55" HPOS="1173" VPOS="360" WIDTH="96" HEIGHT="3">
							<String ID="string_432" HPOS="1173" VPOS="360" WIDTH="96" HEIGHT="3" WC="0.95" CONTENT=" "/>
						</TextLine>
					</TextBlock>
				</ComposedBlock>
				<ComposedBlock ID="cblock_18" HPOS="1358" VPOS="361" WIDTH="62" HEIGHT="2">
					<TextBlock ID="block_18" HPOS="1358" VPOS="361" WIDTH="62" HEIGHT="2">
						<TextLine ID="line_56" HPOS="1358" VPOS="361" WIDTH="62" HEIGHT="2">
							<String ID="string_433" HPOS="1358" VPOS="361" WIDTH="62" HEIGHT="2" WC="0.95" CONTENT=" "/>
						</TextLine>
					</TextBlock>
				</ComposedBlock>
				<ComposedBlock ID="cblock_19" HPOS="1575" VPOS="361" WIDTH="52" HEIGHT="2">
					<TextBlock ID="block_19" HPOS="1575" VPOS="361" WIDTH="52" HEIGHT="2">
						<TextLine ID="line_57" HPOS="1575" VPOS="361" WIDTH="52" HEIGHT="2">
							<String ID="string_434" HPOS="1575" VPOS="361" WIDTH="52" HEIGHT="2" WC="0.95" CONTENT=" "/>
						</TextLine>
					</TextBlock>
				</ComposedBlock>
				<ComposedBlock ID="cblock_20" HPOS="1673" VPOS="361" WIDTH="95" HEIGHT="2">
					<TextBlock ID="block_20" HPOS="1673" VPOS="361" WIDTH="95" HEIGHT="2">
						<TextLine ID="line_58" HPOS="1673" VPOS="361" WIDTH="95" HEIGHT="2">
							<String ID="string_435" HPOS="1673" VPOS="361" WIDTH="95" HEIGHT="2" WC="0.95" CONTENT=" "/>
						</TextLine>
					</TextBlock>
				</ComposedBlock>
				<ComposedBlock ID="cblock_21" HPOS="1034" VPOS="432" WIDTH="742" HEIGHT="14">
					<TextBlock ID="block_21" HPOS="1034" VPOS="432" WIDTH="742" HEIGHT="14">
						<TextLine ID="line_59" HPOS="1034" VPOS="432" WIDTH="742" HEIGHT="14">
							<String ID="string_436" HPOS="1034" VPOS="432" WIDTH="742" HEIGHT="14" WC="0.95" CONTENT=" "/>
						</TextLine>
					</TextBlock>
				</ComposedBlock>
				<ComposedBlock ID="cblock_22" HPOS="1032" VPOS="218" WIDTH="14" HEIGHT="1862">
					<TextBlock ID="block_22" HPOS="1032" VPOS="218" WIDTH="14" HEIGHT="1862">
						<TextLine ID="line_60" HPOS="1032" VPOS="218" WIDTH="14" HEIGHT="1862">
							<String ID="string_437" HPOS="1032" VPOS="218" WIDTH="14" HEIGHT="1862" WC="0.95" CONTENT=" "/>
						</TextLine>
					</TextBlock>
				</ComposedBlock>
				<ComposedBlock ID="cblock_23" HPOS="1355" VPOS="365" WIDTH="6" HEIGHT="579">
					<TextBlock ID="block_23" HPOS="1355" VPOS="365" WIDTH="6" HEIGHT="579">
						<TextLine ID="line_61" HPOS="1355" VPOS="365" WIDTH="6" HEIGHT="579">
							<String ID="string_438" HPOS="1355" VPOS="365" WIDTH="6" HEIGHT="579" WC="0.95" CONTENT=" "/>
						</TextLine>
					</TextBlock>
				</ComposedBlock>
				<ComposedBlock ID="cblock_24" HPOS="1313" VPOS="365" WIDTH="8" HEIGHT="968">
					<TextBlock ID="block_24" HPOS="1313" VPOS="365" WIDTH="8" HEIGHT="968">
						<TextLine ID="line_62" HPOS="1313" VPOS="365" WIDTH="8" HEIGHT="968">
							<String ID="string_439" HPOS="1313" VPOS="365" WIDTH="8" HEIGHT="968" WC="0.95" CONTENT=" "/>
						</TextLine>
					</TextBlock>
				</ComposedBlock>
				<ComposedBlock ID="cblock_25" HPOS="1217" VPOS="368" WIDTH="10" HEIGHT="1210">
					<TextBlock ID="block_25" HPOS="1217" VPOS="368" WIDTH="10" HEIGHT="1210">
						<TextLine ID="line_63" HPOS="1217" VPOS="368" WIDTH="10" HEIGHT="1210">
							<String ID="string_440" HPOS="1217" VPOS="368" WIDTH="10" HEIGHT="1210" WC="0.95" CONTENT=" "/>
						</TextLine>
					</TextBlock>
				</ComposedBlock>
				<ComposedBlock ID="cblock_26" HPOS="1219" VPOS="368" WIDTH="9" HEIGHT="1210">
					<TextBlock ID="block_26" HPOS="1219" VPOS="368" WIDTH="9" HEIGHT="1210">
						<TextLine ID="line_64" HPOS="1219" VPOS="368" WIDTH="9" HEIGHT="1210">
							<String ID="string_441" HPOS="1219" VPOS="368" WIDTH="9" HEIGHT="1210" WC="0.95" CONTENT=" "/>
						</TextLine>
					</TextBlock>
				</ComposedBlock>
				<ComposedBlock ID="cblock_27" HPOS="1219" VPOS="368" WIDTH="9" HEIGHT="1401">
					<TextBlock ID="block_27" HPOS="1219" VPOS="368" WIDTH="9" HEIGHT="1401">
						<TextLine ID="line_65" HPOS="1219" VPOS="368" WIDTH="9" HEIGHT="1401">
							<String ID="string_442" HPOS="1219" VPOS="368" WIDTH="9" HEIGHT="1401" WC="0.95" CONTENT=" "/>
						</TextLine>
					</TextBlock>
				</ComposedBlock>
				<ComposedBlock ID="cblock_28" HPOS="1671" VPOS="361" WIDTH="4" HEIGHT="110">
					<TextBlock ID="block_28" HPOS="1671" VPOS="361" WIDTH="4" HEIGHT="110">
						<TextLine ID="line_66" HPOS="1671" VPOS="361" WIDTH="4" HEIGHT="110">
							<String ID="string_443" HPOS="1671" VPOS="361" WIDTH="4" HEIGHT="110" WC="0.95" CONTENT=" "/>
						</TextLine>
					</TextBlock>
				</ComposedBlock>
				<ComposedBlock ID="cblock_29" HPOS="1671" VPOS="361" WIDTH="6" HEIGHT="653">
					<TextBlock ID="block_29" HPOS="1671" VPOS="361" WIDTH="6" HEIGHT="653">
						<TextLine ID="line_67" HPOS="1671" VPOS="361" WIDTH="6" HEIGHT="653">
							<String ID="string_444" HPOS="1671" VPOS="361" WIDTH="6" HEIGHT="653" WC="0.95" CONTENT=" "/>
						</TextLine>
					</TextBlock>
				</ComposedBlock>
				<ComposedBlock ID="cblock_30" HPOS="1041" VPOS="231" WIDTH="732" HEIGHT="1851">
					<TextBlock ID="block_30" HPOS="1041" VPOS="231" WIDTH="732" HEIGHT="1851">
						<TextLine ID="line_68" HPOS="1311" VPOS="231" WIDTH="235" HEIGHT="29">
							<String ID="string_445" HPOS="1311" VPOS="231" WIDTH="107" HEIGHT="29" WC="0.91" CONTENT="Utskotts-"/><SP WIDTH="73" VPOS="231" HPOS="1418"/>
							<String ID="string_446" HPOS="1491" VPOS="236" WIDTH="55" HEIGHT="16" WC="0.90" CONTENT="Riks-"/>
						</TextLine>
						<TextLine ID="line_69" HPOS="1096" VPOS="254" WIDTH="633" HEIGHT="38">
							<String ID="string_447" HPOS="1096" VPOS="256" WIDTH="66" HEIGHT="35" WC="0.93" CONTENT="Kungl."/><SP WIDTH="54" VPOS="256" HPOS="1162"/>
							<String ID="string_448" HPOS="1216" VPOS="283" WIDTH="3" HEIGHT="3" WC="0.5" CONTENT="ä"/><SP WIDTH="79" VPOS="283" HPOS="1219"/>
							<String ID="string_449" HPOS="1298" VPOS="261" WIDTH="130" HEIGHT="31" WC="0.96" CONTENT="utlåtanden,"/><SP WIDTH="56" VPOS="261" HPOS="1428"/>
							<String ID="string_450" HPOS="1484" VPOS="262" WIDTH="69" HEIGHT="30" WC="0.96" CONTENT="dagens"/><SP WIDTH="59" VPOS="262" HPOS="1553"/>
							<String ID="string_451" HPOS="1612" VPOS="254" WIDTH="117" HEIGHT="33" WC="0.0" CONTENT="RAMRraS"/>
						</TextLine>
						<TextLine ID="line_70" HPOS="1110" VPOS="282" WIDTH="632" HEIGHT="29">
							<String ID="string_452" HPOS="1110" VPOS="290" WIDTH="53" HEIGHT="18" WC="0.70" CONTENT="Maj:ts)"/><SP WIDTH="12" VPOS="290" HPOS="1163"/>
							<String ID="string_453" HPOS="1175" VPOS="282" WIDTH="91" HEIGHT="17" WC="0.96" CONTENT="Motioner"/><SP WIDTH="27" VPOS="282" HPOS="1266"/>
							<String ID="string_454" HPOS="1293" VPOS="295" WIDTH="95" HEIGHT="16" WC="0.0" CONTENT="ineora"/><SP WIDTH="14" VPOS="295" HPOS="1388"/>
							<String ID="string_455" HPOS="1402" VPOS="295" WIDTH="44" HEIGHT="16" WC="0.50" CONTENT="Soller"/><SP WIDTH="49" VPOS="295" HPOS="1446"/>
							<String ID="string_456" HPOS="1495" VPOS="295" WIDTH="46" HEIGHT="16" WC="0.6" CONTENT="skri"/><SP WIDTH="62" VPOS="295" HPOS="1541"/>
							<String ID="string_457" HPOS="1603" VPOS="283" WIDTH="139" HEIGHT="21" WC="0.96" CONTENT="förhandlingar"/>
						</TextLine>
						<TextLine ID="line_71" HPOS="1054" VPOS="313" WIDTH="661" HEIGHT="28">
							<String ID="string_458" HPOS="1054" VPOS="314" WIDTH="27" HEIGHT="20" WC="0.79" CONTENT="År"/><SP WIDTH="28" VPOS="314" HPOS="1081"/>
							<String ID="string_459" HPOS="1109" VPOS="323" WIDTH="50" HEIGHT="15" WC="0.52" CONTENT="Ipropir"/><SP WIDTH="145" VPOS="323" HPOS="1159"/>
							<String ID="string_460" HPOS="1304" VPOS="324" WIDTH="132" HEIGHT="17" WC="0.96" CONTENT="betänkanden"/><SP WIDTH="52" VPOS="324" HPOS="1436"/>
							<String ID="string_461" HPOS="1488" VPOS="325" WIDTH="59" HEIGHT="16" WC="0.90" CONTENT="velser"/><SP WIDTH="81" VPOS="325" HPOS="1547"/>
							<String ID="string_462" HPOS="1628" VPOS="313" WIDTH="87" HEIGHT="21" WC="0.56" CONTENT="(prot.nr)"/>
						</TextLine>
						<TextLine ID="line_72" HPOS="1109" VPOS="346" WIDTH="563" HEIGHT="27">
							<String ID="string_463" HPOS="1109" VPOS="346" WIDTH="44" HEIGHT="27" WC="0.96" CONTENT="eller"/><SP WIDTH="115" VPOS="346" HPOS="1153"/>
							<String ID="string_464" HPOS="1268" VPOS="346" WIDTH="46" HEIGHT="26" WC="0.0" CONTENT="osg"/><SP WIDTH="110" VPOS="346" HPOS="1314"/>
							<String ID="string_465" HPOS="1424" VPOS="361" WIDTH="73" HEIGHT="2" WC="0.0" CONTENT="Feb"/><SP WIDTH="26" VPOS="361" HPOS="1497"/>
							<String ID="string_466" HPOS="1523" VPOS="361" WIDTH="45" HEIGHT="2" WC="0.8" CONTENT="MA"/><SP WIDTH="61" VPOS="361" HPOS="1568"/>
							<String ID="string_467" HPOS="1629" VPOS="361" WIDTH="43" HEIGHT="2" WC="0.19" CONTENT="Ar"/>
						</TextLine>
						<TextLine ID="line_73" HPOS="1109" VPOS="375" WIDTH="624" HEIGHT="53">
							<String ID="string_468" HPOS="1109" VPOS="380" WIDTH="54" HEIGHT="14" WC="0.32" CONTENT="skrivit]"/><SP WIDTH="14" VPOS="380" HPOS="1163"/>
							<String ID="string_469" HPOS="1177" VPOS="390" WIDTH="33" HEIGHT="16" WC="0.42" CONTENT="pgg"/><SP WIDTH="18" VPOS="390" HPOS="1210"/>
							<String ID="string_470" HPOS="1228" VPOS="390" WIDTH="35" HEIGHT="16" WC="0.48" CONTENT="LAG"/><SP WIDTH="22" VPOS="390" HPOS="1263"/>
							<String ID="string_471" HPOS="1285" VPOS="378" WIDTH="16" HEIGHT="49" WC="0.32" CONTENT="3"/><SP WIDTH="25" VPOS="378" HPOS="1301"/>
							<String ID="string_472" HPOS="1326" VPOS="378" WIDTH="16" HEIGHT="50" WC="0.0" CONTENT="É"/><SP WIDTH="25" VPOS="378" HPOS="1342"/>
							<String ID="string_473" HPOS="1367" VPOS="391" WIDTH="91" HEIGHT="16" WC="0.82" CONTENT="Nummer|"/><SP WIDTH="16" VPOS="391" HPOS="1458"/>
							<String ID="string_474" HPOS="1474" VPOS="391" WIDTH="91" HEIGHT="16" WC="0.96" CONTENT="Nummer"/><SP WIDTH="51" VPOS="391" HPOS="1565"/>
							<String ID="string_475" HPOS="1616" VPOS="375" WIDTH="41" HEIGHT="48" WC="0.5" CONTENT="bsr)"/><SP WIDTH="48" VPOS="375" HPOS="1657"/>
							<String ID="string_476" HPOS="1705" VPOS="379" WIDTH="28" HEIGHT="40" WC="0.12" CONTENT="ae"/>
						</TextLine>
						<TextLine ID="line_74" HPOS="1315" VPOS="443" WIDTH="2" HEIGHT="31">
							<String ID="string_477" HPOS="1315" VPOS="443" WIDTH="2" HEIGHT="31" WC="0.92" CONTENT="|"/>
						</TextLine>
						<TextLine ID="line_75" HPOS="1041" VPOS="465" WIDTH="633" HEIGHT="47">
							<String ID="string_478" HPOS="1041" VPOS="465" WIDTH="56" HEIGHT="47" WC="0.96" CONTENT="1936"/><SP WIDTH="218" VPOS="465" HPOS="1097"/>
							<String ID="string_479" HPOS="1315" VPOS="476" WIDTH="2" HEIGHT="7" WC="0.80" CONTENT="|"/><SP WIDTH="355" VPOS="476" HPOS="1317"/>
							<String ID="string_480" HPOS="1672" VPOS="475" WIDTH="2" HEIGHT="30" WC="0.84" CONTENT="|"/>
						</TextLine>
						<TextLine ID="line_76" HPOS="1672" VPOS="530" WIDTH="1" HEIGHT="29">
							<String ID="string_481" HPOS="1672" VPOS="530" WIDTH="1" HEIGHT="29" WC="0.86" CONTENT="|"/>
						</TextLine>
						<TextLine ID="line_77" HPOS="1044" VPOS="628" WIDTH="715" HEIGHT="41">
							<String ID="string_482" HPOS="1044" VPOS="628" WIDTH="53" HEIGHT="20" WC="0.84" CONTENT="1936|"/><SP WIDTH="26" VPOS="628" HPOS="1097"/>
							<String ID="string_483" HPOS="1123" VPOS="630" WIDTH="26" HEIGHT="20" WC="0.92" CONTENT="74"/><SP WIDTH="7" VPOS="630" HPOS="1149"/>
							<String ID="string_484" HPOS="1156" VPOS="624" WIDTH="27" HEIGHT="34" WC="0.92" CONTENT="|"/><SP WIDTH="9" VPOS="624" HPOS="1183"/>
							<String ID="string_485" HPOS="1192" VPOS="641" WIDTH="18" HEIGHT="2" WC="0.84" CONTENT="—|"/><SP WIDTH="36" VPOS="641" HPOS="1210"/>
							<String ID="string_486" HPOS="1246" VPOS="641" WIDTH="19" HEIGHT="2" WC="0.89" CONTENT="—"/><SP WIDTH="27" VPOS="641" HPOS="1265"/>
							<String ID="string_487" HPOS="1292" VPOS="629" WIDTH="50" HEIGHT="40" WC="0.9" CONTENT="Er"/><SP WIDTH="48" VPOS="629" HPOS="1342"/>
							<String ID="string_488" HPOS="1390" VPOS="630" WIDTH="26" HEIGHT="19" WC="0.96" CONTENT="38"/><SP WIDTH="98" VPOS="630" HPOS="1416"/>
							<String ID="string_489" HPOS="1514" VPOS="629" WIDTH="26" HEIGHT="20" WC="0.96" CONTENT="89"/><SP WIDTH="51" VPOS="629" HPOS="1540"/>
							<String ID="string_490" HPOS="1591" VPOS="629" WIDTH="32" HEIGHT="20" WC="0.96" CONTENT="16:"/><SP WIDTH="11" VPOS="629" HPOS="1623"/>
							<String ID="string_491" HPOS="1634" VPOS="631" WIDTH="24" HEIGHT="17" WC="0.58" CONTENT="561"/><SP WIDTH="34" VPOS="631" HPOS="1658"/>
							<String ID="string_492" HPOS="1692" VPOS="629" WIDTH="31" HEIGHT="20" WC="0.95" CONTENT="17:"/><SP WIDTH="13" VPOS="629" HPOS="1723"/>
							<String ID="string_493" HPOS="1736" VPOS="631" WIDTH="23" HEIGHT="17" WC="0.96" CONTENT="17"/>
						</TextLine>
						<TextLine ID="line_78" HPOS="1221" VPOS="754" WIDTH="1" HEIGHT="9">
							<String ID="string_494" HPOS="1221" VPOS="754" WIDTH="1" HEIGHT="9" WC="0.77" CONTENT="|"/>
						</TextLine>
						<TextLine ID="line_79" HPOS="1220" VPOS="750" WIDTH="454" HEIGHT="53">
							<String ID="string_495" HPOS="1220" VPOS="769" WIDTH="2" HEIGHT="30" WC="0.86" CONTENT="|"/><SP WIDTH="136" VPOS="769" HPOS="1222"/>
							<String ID="string_496" HPOS="1358" VPOS="779" WIDTH="1" HEIGHT="24" WC="0.89" CONTENT="|"/><SP WIDTH="314" VPOS="779" HPOS="1359"/>
							<String ID="string_497" HPOS="1673" VPOS="750" WIDTH="1" HEIGHT="40" WC="0.81" CONTENT="|"/>
						</TextLine>
						<TextLine ID="line_80" HPOS="1046" VPOS="798" WIDTH="714" HEIGHT="31">
							<String ID="string_498" HPOS="1046" VPOS="808" WIDTH="104" HEIGHT="20" WC="0.0" CONTENT="19961,875"/><SP WIDTH="34" VPOS="808" HPOS="1150"/>
							<String ID="string_499" HPOS="1184" VPOS="808" WIDTH="121" HEIGHT="19" WC="0.0" CONTENT="I5—EliAlS)"/><SP WIDTH="85" VPOS="808" HPOS="1305"/>
							<String ID="string_500" HPOS="1390" VPOS="808" WIDTH="26" HEIGHT="19" WC="0.45" CONTENT="39"/><SP WIDTH="98" VPOS="808" HPOS="1416"/>
							<String ID="string_501" HPOS="1514" VPOS="808" WIDTH="27" HEIGHT="19" WC="0.56" CONTENT="90"/><SP WIDTH="15" VPOS="808" HPOS="1541"/>
							<String ID="string_502" HPOS="1556" VPOS="794" WIDTH="23" HEIGHT="46" WC="0.54" CONTENT="|"/><SP WIDTH="13" VPOS="794" HPOS="1579"/>
							<String ID="string_503" HPOS="1592" VPOS="798" WIDTH="82" HEIGHT="30" WC="0.54" CONTENT="16:56"/><SP WIDTH="-15" VPOS="798" HPOS="1674"/>
							<String ID="string_504" HPOS="1659" VPOS="794" WIDTH="24" HEIGHT="46" WC="0.92" CONTENT="|"/><SP WIDTH="11" VPOS="794" HPOS="1683"/>
							<String ID="string_505" HPOS="1694" VPOS="809" WIDTH="66" HEIGHT="20" WC="0.94" CONTENT="17:18"/>
						</TextLine>
						<TextLine ID="line_81" HPOS="1316" VPOS="892" WIDTH="1" HEIGHT="21">
							<String ID="string_506" HPOS="1316" VPOS="892" WIDTH="1" HEIGHT="21" WC="0.67" CONTENT="I"/>
						</TextLine>
						<TextLine ID="line_82" HPOS="1047" VPOS="975" WIDTH="714" HEIGHT="32">
							<String ID="string_507" HPOS="1047" VPOS="986" WIDTH="53" HEIGHT="21" WC="0.95" CONTENT="1936"/><SP WIDTH="78" VPOS="986" HPOS="1100"/>
							<String ID="string_508" HPOS="1178" VPOS="987" WIDTH="128" HEIGHT="20" WC="0.18" CONTENT="2221491110"/><SP WIDTH="23" VPOS="987" HPOS="1306"/>
							<String ID="string_509" HPOS="1329" VPOS="975" WIDTH="31" HEIGHT="28" WC="0.23" CONTENT="2"/><SP WIDTH="31" VPOS="975" HPOS="1360"/>
							<String ID="string_510" HPOS="1391" VPOS="987" WIDTH="22" HEIGHT="19" WC="0.96" CONTENT="31"/><SP WIDTH="90" VPOS="987" HPOS="1413"/>
							<String ID="string_511" HPOS="1503" VPOS="987" WIDTH="38" HEIGHT="19" WC="0.93" CONTENT="117"/><SP WIDTH="53" VPOS="987" HPOS="1541"/>
							<String ID="string_512" HPOS="1594" VPOS="987" WIDTH="167" HEIGHT="20" WC="0.0" CONTENT="19::4:51=749:10"/>
						</TextLine>
						<TextLine ID="line_83" HPOS="1359" VPOS="1111" WIDTH="1" HEIGHT="31">
							<String ID="string_513" HPOS="1359" VPOS="1111" WIDTH="1" HEIGHT="31" WC="0.90" CONTENT="|"/>
						</TextLine>
						<TextLine ID="line_84" HPOS="1359" VPOS="1143" WIDTH="1" HEIGHT="21">
							<String ID="string_514" HPOS="1359" VPOS="1143" WIDTH="1" HEIGHT="21" WC="0.60" CONTENT="I"/>
						</TextLine>
						<TextLine ID="line_85" HPOS="1047" VPOS="1149" WIDTH="715" HEIGHT="43">
							<String ID="string_515" HPOS="1047" VPOS="1165" WIDTH="52" HEIGHT="20" WC="0.57" CONTENT="1936)"/><SP WIDTH="21" VPOS="1165" HPOS="1099"/>
							<String ID="string_516" HPOS="1120" VPOS="1165" WIDTH="36" HEIGHT="20" WC="0.82" CONTENT="153"/><SP WIDTH="4" VPOS="1165" HPOS="1156"/>
							<String ID="string_517" HPOS="1160" VPOS="1144" WIDTH="20" HEIGHT="52" WC="0.92" CONTENT="|"/><SP WIDTH="19" VPOS="1144" HPOS="1180"/>
							<String ID="string_518" HPOS="1199" VPOS="1177" WIDTH="13" HEIGHT="2" WC="0.86" CONTENT="—|"/><SP WIDTH="47" VPOS="1177" HPOS="1212"/>
							<String ID="string_519" HPOS="1259" VPOS="1165" WIDTH="47" HEIGHT="19" WC="0.29" CONTENT="—Lh10"/><SP WIDTH="25" VPOS="1165" HPOS="1306"/>
							<String ID="string_520" HPOS="1331" VPOS="1177" WIDTH="15" HEIGHT="1" WC="0.27" CONTENT="|-—]"/><SP WIDTH="46" VPOS="1177" HPOS="1346"/>
							<String ID="string_521" HPOS="1392" VPOS="1165" WIDTH="25" HEIGHT="19" WC="0.79" CONTENT="46"/><SP WIDTH="29" VPOS="1165" HPOS="1417"/>
							<String ID="string_522" HPOS="1446" VPOS="1144" WIDTH="33" HEIGHT="52" WC="0.75" CONTENT="|"/><SP WIDTH="26" VPOS="1144" HPOS="1479"/>
							<String ID="string_523" HPOS="1505" VPOS="1164" WIDTH="37" HEIGHT="19" WC="0.71" CONTENT="149"/><SP WIDTH="23" VPOS="1164" HPOS="1542"/>
							<String ID="string_524" HPOS="1565" VPOS="1171" WIDTH="3" HEIGHT="2" WC="0.76" CONTENT=":|"/><SP WIDTH="24" VPOS="1171" HPOS="1568"/>
							<String ID="string_525" HPOS="1592" VPOS="1149" WIDTH="84" HEIGHT="43" WC="0.84" CONTENT="21:54]"/><SP WIDTH="17" VPOS="1149" HPOS="1676"/>
							<String ID="string_526" HPOS="1693" VPOS="1166" WIDTH="69" HEIGHT="19" WC="0.72" CONTENT="22:85"/>
						</TextLine>
						<TextLine ID="line_86" HPOS="1675" VPOS="1195" WIDTH="1" HEIGHT="21">
							<String ID="string_527" HPOS="1675" VPOS="1195" WIDTH="1" HEIGHT="21" WC="0.69" CONTENT="I"/>
						</TextLine>
						<TextLine ID="line_87" HPOS="1675" VPOS="1217" WIDTH="1" HEIGHT="11">
							<String ID="string_528" HPOS="1675" VPOS="1217" WIDTH="1" HEIGHT="11" WC="0.73" CONTENT="I"/>
						</TextLine>
						<TextLine ID="line_88" HPOS="1318" VPOS="1272" WIDTH="358" HEIGHT="19">
							<String ID="string_529" HPOS="1318" VPOS="1272" WIDTH="1" HEIGHT="7" WC="0.64" CONTENT="|"/><SP WIDTH="356" VPOS="1272" HPOS="1319"/>
							<String ID="string_530" HPOS="1675" VPOS="1273" WIDTH="1" HEIGHT="18" WC="0.69" CONTENT="I"/>
						</TextLine>
						<TextLine ID="line_89" HPOS="1318" VPOS="1336" WIDTH="358" HEIGHT="16">
							<String ID="string_531" HPOS="1318" VPOS="1339" WIDTH="1" HEIGHT="13" WC="0.69" CONTENT="|"/><SP WIDTH="356" VPOS="1339" HPOS="1319"/>
							<String ID="string_532" HPOS="1675" VPOS="1336" WIDTH="1" HEIGHT="13" WC="0.65" CONTENT="|"/>
						</TextLine>
						<TextLine ID="line_90" HPOS="1222" VPOS="1365" WIDTH="454" HEIGHT="37">
							<String ID="string_533" HPOS="1222" VPOS="1365" WIDTH="2" HEIGHT="23" WC="0.65" CONTENT="I"/><SP WIDTH="136" VPOS="1365" HPOS="1224"/>
							<String ID="string_534" HPOS="1360" VPOS="1369" WIDTH="1" HEIGHT="33" WC="0.90" CONTENT="|"/><SP WIDTH="314" VPOS="1369" HPOS="1361"/>
							<String ID="string_535" HPOS="1675" VPOS="1365" WIDTH="1" HEIGHT="29" WC="0.91" CONTENT="|"/>
						</TextLine>
						<TextLine ID="line_91" HPOS="1047" VPOS="1403" WIDTH="716" HEIGHT="24">
							<String ID="string_536" HPOS="1047" VPOS="1403" WIDTH="53" HEIGHT="20" WC="0.77" CONTENT="1936]"/><SP WIDTH="19" VPOS="1403" HPOS="1100"/>
							<String ID="string_537" HPOS="1119" VPOS="1403" WIDTH="35" HEIGHT="20" WC="0.94" CONTENT="111"/><SP WIDTH="104" VPOS="1403" HPOS="1154"/>
							<String ID="string_538" HPOS="1258" VPOS="1415" WIDTH="9" HEIGHT="1" WC="0.26" CONTENT="-1"/><SP WIDTH="28" VPOS="1415" HPOS="1267"/>
							<String ID="string_539" HPOS="1295" VPOS="1403" WIDTH="12" HEIGHT="18" WC="0.95" CONTENT="6"/><SP WIDTH="53" VPOS="1403" HPOS="1307"/>
							<String ID="string_540" HPOS="1360" VPOS="1403" WIDTH="1" HEIGHT="14" WC="0.62" CONTENT="I"/><SP WIDTH="32" VPOS="1403" HPOS="1361"/>
							<String ID="string_541" HPOS="1393" VPOS="1403" WIDTH="22" HEIGHT="19" WC="0.93" CONTENT="61"/><SP WIDTH="91" VPOS="1403" HPOS="1415"/>
							<String ID="string_542" HPOS="1506" VPOS="1403" WIDTH="36" HEIGHT="19" WC="0.95" CONTENT="146"/><SP WIDTH="51" VPOS="1403" HPOS="1542"/>
							<String ID="string_543" HPOS="1593" VPOS="1404" WIDTH="54" HEIGHT="19" WC="0.41" CONTENT="22:20"/><SP WIDTH="28" VPOS="1404" HPOS="1647"/>
							<String ID="string_544" HPOS="1675" VPOS="1408" WIDTH="2" HEIGHT="24" WC="0.51" CONTENT="|"/><SP WIDTH="17" VPOS="1408" HPOS="1677"/>
							<String ID="string_545" HPOS="1694" VPOS="1403" WIDTH="33" HEIGHT="19" WC="0.95" CONTENT="22:"/><SP WIDTH="12" VPOS="1403" HPOS="1727"/>
							<String ID="string_546" HPOS="1739" VPOS="1404" WIDTH="24" HEIGHT="18" WC="0.95" CONTENT="40"/>
						</TextLine>
						<TextLine ID="line_92" HPOS="1319" VPOS="1518" WIDTH="358" HEIGHT="21">
							<String ID="string_547" HPOS="1319" VPOS="1530" WIDTH="1" HEIGHT="9" WC="0.64" CONTENT="I"/><SP WIDTH="356" VPOS="1530" HPOS="1320"/>
							<String ID="string_548" HPOS="1676" VPOS="1518" WIDTH="1" HEIGHT="19" WC="0.65" CONTENT="I"/>
						</TextLine>
						<TextLine ID="line_93" HPOS="1319" VPOS="1546" WIDTH="1" HEIGHT="9">
							<String ID="string_549" HPOS="1319" VPOS="1546" WIDTH="1" HEIGHT="9" WC="0.72" CONTENT="|"/>
						</TextLine>
						<TextLine ID="line_94" HPOS="1319" VPOS="1556" WIDTH="359" HEIGHT="15">
							<String ID="string_550" HPOS="1319" VPOS="1556" WIDTH="1" HEIGHT="12" WC="0.57" CONTENT="I"/><SP WIDTH="356" VPOS="1556" HPOS="1320"/>
							<String ID="string_551" HPOS="1676" VPOS="1562" WIDTH="2" HEIGHT="9" WC="0.73" CONTENT="I"/>
						</TextLine>
						<TextLine ID="line_95" HPOS="1319" VPOS="1573" WIDTH="359" HEIGHT="20">
							<String ID="string_552" HPOS="1319" VPOS="1573" WIDTH="1" HEIGHT="15" WC="0.56" CONTENT="I"/><SP WIDTH="356" VPOS="1573" HPOS="1320"/>
							<String ID="string_553" HPOS="1676" VPOS="1587" WIDTH="2" HEIGHT="6" WC="0.63" CONTENT="|"/>
						</TextLine>
						<TextLine ID="line_96" HPOS="1223" VPOS="1582" WIDTH="455" HEIGHT="47">
							<String ID="string_554" HPOS="1223" VPOS="1582" WIDTH="2" HEIGHT="36" WC="0.0" CONTENT="PESRE"/><SP WIDTH="452" VPOS="1582" HPOS="1225"/>
							<String ID="string_555" HPOS="1677" VPOS="1600" WIDTH="1" HEIGHT="29" WC="0.87" CONTENT="|"/>
						</TextLine>
						<TextLine ID="line_97" HPOS="1049" VPOS="1631" WIDTH="724" HEIGHT="30">
							<String ID="string_556" HPOS="1049" VPOS="1641" WIDTH="52" HEIGHT="20" WC="0.86" CONTENT="1936]"/><SP WIDTH="19" VPOS="1641" HPOS="1101"/>
							<String ID="string_557" HPOS="1120" VPOS="1641" WIDTH="38" HEIGHT="20" WC="0.90" CONTENT="154"/><SP WIDTH="2" VPOS="1641" HPOS="1158"/>
							<String ID="string_558" HPOS="1160" VPOS="1629" WIDTH="23" HEIGHT="44" WC="0.90" CONTENT="|"/><SP WIDTH="5" VPOS="1629" HPOS="1183"/>
							<String ID="string_559" HPOS="1188" VPOS="1654" WIDTH="16" HEIGHT="1" WC="0.92" CONTENT="—"/><SP WIDTH="20" VPOS="1654" HPOS="1204"/>
							<String ID="string_560" HPOS="1224" VPOS="1634" WIDTH="1" HEIGHT="3" WC="0.91" CONTENT="|"/><SP WIDTH="59" VPOS="1634" HPOS="1225"/>
							<String ID="string_561" HPOS="1284" VPOS="1641" WIDTH="24" HEIGHT="19" WC="0.0" CONTENT="—L10"/><SP WIDTH="86" VPOS="1641" HPOS="1308"/>
							<String ID="string_562" HPOS="1394" VPOS="1641" WIDTH="26" HEIGHT="19" WC="0.96" CONTENT="50"/><SP WIDTH="87" VPOS="1641" HPOS="1420"/>
							<String ID="string_563" HPOS="1507" VPOS="1641" WIDTH="120" HEIGHT="19" WC="0.0" CONTENT="1841-030"/><SP WIDTH="12" VPOS="1641" HPOS="1627"/>
							<String ID="string_564" HPOS="1639" VPOS="1631" WIDTH="39" HEIGHT="29" WC="0.0" CONTENT="0dF"/><SP WIDTH="17" VPOS="1631" HPOS="1678"/>
							<String ID="string_565" HPOS="1695" VPOS="1640" WIDTH="26" HEIGHT="20" WC="0.54" CONTENT="28:"/><SP WIDTH="19" VPOS="1640" HPOS="1721"/>
							<String ID="string_566" HPOS="1740" VPOS="1640" WIDTH="33" HEIGHT="20" WC="0.18" CONTENT="va"/>
						</TextLine>
						<TextLine ID="line_98" HPOS="1677" VPOS="1677" WIDTH="1" HEIGHT="11">
							<String ID="string_567" HPOS="1677" VPOS="1677" WIDTH="1" HEIGHT="11" WC="0.81" CONTENT="I"/>
						</TextLine>
						<TextLine ID="line_99" HPOS="1320" VPOS="1693" WIDTH="358" HEIGHT="66">
							<String ID="string_568" HPOS="1320" VPOS="1698" WIDTH="1" HEIGHT="30" WC="0.96" CONTENT="|"/><SP WIDTH="356" VPOS="1698" HPOS="1321"/>
							<String ID="string_569" HPOS="1677" VPOS="1693" WIDTH="1" HEIGHT="66" WC="0.86" CONTENT="|"/>
						</TextLine>
						<TextLine ID="line_100" HPOS="1362" VPOS="1760" WIDTH="316" HEIGHT="27">
							<String ID="string_570" HPOS="1362" VPOS="1775" WIDTH="1" HEIGHT="7" WC="0.87" CONTENT="|"/><SP WIDTH="314" VPOS="1775" HPOS="1363"/>
							<String ID="string_571" HPOS="1677" VPOS="1760" WIDTH="1" HEIGHT="27" WC="0.91" CONTENT="|"/>
						</TextLine>
						<TextLine ID="line_101" HPOS="1225" VPOS="1809" WIDTH="454" HEIGHT="39">
							<String ID="string_572" HPOS="1225" VPOS="1818" WIDTH="1" HEIGHT="23" WC="0.73" CONTENT="|"/><SP WIDTH="451" VPOS="1818" HPOS="1226"/>
							<String ID="string_573" HPOS="1677" VPOS="1809" WIDTH="2" HEIGHT="39" WC="0.81" CONTENT="|"/>
						</TextLine>
						<TextLine ID="line_102" HPOS="1049" VPOS="1858" WIDTH="716" HEIGHT="52">
							<String ID="string_574" HPOS="1049" VPOS="1879" WIDTH="54" HEIGHT="20" WC="0.67" CONTENT="1936]"/><SP WIDTH="25" VPOS="1879" HPOS="1103"/>
							<String ID="string_575" HPOS="1128" VPOS="1880" WIDTH="26" HEIGHT="19" WC="0.95" CONTENT="82"/><SP WIDTH="49" VPOS="1880" HPOS="1154"/>
							<String ID="string_576" HPOS="1203" VPOS="1858" WIDTH="20" HEIGHT="50" WC="0.5" CONTENT="SN"/><SP WIDTH="25" VPOS="1858" HPOS="1223"/>
							<String ID="string_577" HPOS="1248" VPOS="1891" WIDTH="18" HEIGHT="1" WC="0.88" CONTENT="—"/><SP WIDTH="31" VPOS="1891" HPOS="1266"/>
							<String ID="string_578" HPOS="1297" VPOS="1879" WIDTH="25" HEIGHT="31" WC="0.56" CONTENT="6:"/><SP WIDTH="17" VPOS="1879" HPOS="1322"/>
							<String ID="string_579" HPOS="1339" VPOS="1891" WIDTH="5" HEIGHT="1" WC="0.62" CONTENT="-"/><SP WIDTH="52" VPOS="1891" HPOS="1344"/>
							<String ID="string_580" HPOS="1396" VPOS="1879" WIDTH="25" HEIGHT="19" WC="0.91" CONTENT="72"/><SP WIDTH="15" VPOS="1879" HPOS="1421"/>
							<String ID="string_581" HPOS="1436" VPOS="1882" WIDTH="30" HEIGHT="17" WC="0.0" CONTENT="s.6|"/><SP WIDTH="43" VPOS="1882" HPOS="1466"/>
							<String ID="string_582" HPOS="1509" VPOS="1879" WIDTH="36" HEIGHT="19" WC="0.63" CONTENT="178"/><SP WIDTH="50" VPOS="1879" HPOS="1545"/>
							<String ID="string_583" HPOS="1595" VPOS="1879" WIDTH="55" HEIGHT="19" WC="0.95" CONTENT="25:"/><SP WIDTH="-11" VPOS="1879" HPOS="1650"/>
							<String ID="string_584" HPOS="1639" VPOS="1875" WIDTH="48" HEIGHT="32" WC="0.52" CONTENT="2.11"/><SP WIDTH="9" VPOS="1875" HPOS="1687"/>
							<String ID="string_585" HPOS="1696" VPOS="1879" WIDTH="26" HEIGHT="19" WC="0.95" CONTENT="20:"/><SP WIDTH="19" VPOS="1879" HPOS="1722"/>
							<String ID="string_586" HPOS="1741" VPOS="1880" WIDTH="24" HEIGHT="17" WC="0.95" CONTENT="24"/>
						</TextLine>
						<TextLine ID="line_103" HPOS="1225" VPOS="1905" WIDTH="97" HEIGHT="27">
							<String ID="string_587" HPOS="1225" VPOS="1905" WIDTH="1" HEIGHT="24" WC="0.90" CONTENT="|"/><SP WIDTH="95" VPOS="1905" HPOS="1226"/>
							<String ID="string_588" HPOS="1321" VPOS="1917" WIDTH="1" HEIGHT="15" WC="0.90" CONTENT="|"/>
						</TextLine>
						<TextLine ID="line_104" HPOS="1321" VPOS="1936" WIDTH="359" HEIGHT="24">
							<String ID="string_589" HPOS="1321" VPOS="1936" WIDTH="1" HEIGHT="24" WC="0.93" CONTENT="|"/><SP WIDTH="357" VPOS="1936" HPOS="1322"/>
							<String ID="string_590" HPOS="1679" VPOS="1946" WIDTH="1" HEIGHT="3" WC="0.79" CONTENT="|"/>
						</TextLine>
						<TextLine ID="line_105" HPOS="1321" VPOS="1970" WIDTH="359" HEIGHT="22">
							<String ID="string_591" HPOS="1321" VPOS="1970" WIDTH="1" HEIGHT="13" WC="0.65" CONTENT="I"/><SP WIDTH="357" VPOS="1970" HPOS="1322"/>
							<String ID="string_592" HPOS="1679" VPOS="1977" WIDTH="1" HEIGHT="15" WC="0.85" CONTENT="|"/>
						</TextLine>
						<TextLine ID="line_106" HPOS="1050" VPOS="1992" WIDTH="716" HEIGHT="68">
							<String ID="string_593" HPOS="1050" VPOS="2028" WIDTH="53" HEIGHT="20" WC="0.26" CONTENT="1936]"/><SP WIDTH="25" VPOS="2028" HPOS="1103"/>
							<String ID="string_594" HPOS="1128" VPOS="2028" WIDTH="26" HEIGHT="20" WC="0.95" CONTENT="82"/><SP WIDTH="90" VPOS="2028" HPOS="1154"/>
							<String ID="string_595" HPOS="1244" VPOS="2000" WIDTH="120" HEIGHT="48" WC="0.13" CONTENT="6"/><SP WIDTH="32" VPOS="2000" HPOS="1364"/>
							<String ID="string_596" HPOS="1396" VPOS="2028" WIDTH="26" HEIGHT="19" WC="0.20" CONTENT="72"/><SP WIDTH="15" VPOS="2028" HPOS="1422"/>
							<String ID="string_597" HPOS="1437" VPOS="2030" WIDTH="30" HEIGHT="17" WC="0.20" CONTENT="sd"/><SP WIDTH="42" VPOS="2030" HPOS="1467"/>
							<String ID="string_598" HPOS="1509" VPOS="2028" WIDTH="37" HEIGHT="19" WC="0.64" CONTENT="178"/><SP WIDTH="50" VPOS="2028" HPOS="1546"/>
							<String ID="string_599" HPOS="1596" VPOS="2027" WIDTH="54" HEIGHT="20" WC="0.31" CONTENT="|25:2"/><SP WIDTH="29" VPOS="2027" HPOS="1650"/>
							<String ID="string_600" HPOS="1679" VPOS="1992" WIDTH="31" HEIGHT="68" WC="0.43" CONTENT="lös"/><SP WIDTH="32" VPOS="1992" HPOS="1710"/>
							<String ID="string_601" HPOS="1742" VPOS="2029" WIDTH="24" HEIGHT="17" WC="0.95" CONTENT="24"/>
						</TextLine>
						<TextLine ID="line_107" HPOS="1679" VPOS="2058" WIDTH="2" HEIGHT="24">
							<String ID="string_602" HPOS="1679" VPOS="2058" WIDTH="2" HEIGHT="24" WC="0.71" CONTENT="I"/>
						</TextLine>
					</TextBlock>
				</ComposedBlock>
				<ComposedBlock ID="cblock_31" HPOS="1097" VPOS="218" WIDTH="15" HEIGHT="1864">
					<TextBlock ID="block_31" HPOS="1097" VPOS="218" WIDTH="15" HEIGHT="1864">
						<TextLine ID="line_108" HPOS="1097" VPOS="218" WIDTH="15" HEIGHT="1864">
							<String ID="string_603" HPOS="1097" VPOS="218" WIDTH="15" HEIGHT="1864" WC="0.95" CONTENT=" "/>
						</TextLine>
					</TextBlock>
				</ComposedBlock>
				<ComposedBlock ID="cblock_32" HPOS="1163" VPOS="218" WIDTH="14" HEIGHT="1864">
					<TextBlock ID="block_32" HPOS="1163" VPOS="218" WIDTH="14" HEIGHT="1864">
						<TextLine ID="line_109" HPOS="1163" VPOS="218" WIDTH="14" HEIGHT="1864">
							<String ID="string_604" HPOS="1163" VPOS="218" WIDTH="14" HEIGHT="1864" WC="0.95" CONTENT=" "/>
						</TextLine>
					</TextBlock>
				</ComposedBlock>
				<ComposedBlock ID="cblock_33" HPOS="1271" VPOS="219" WIDTH="14" HEIGHT="1864">
					<TextBlock ID="block_33" HPOS="1271" VPOS="219" WIDTH="14" HEIGHT="1864">
						<TextLine ID="line_110" HPOS="1271" VPOS="219" WIDTH="14" HEIGHT="1864">
							<String ID="string_605" HPOS="1271" VPOS="219" WIDTH="14" HEIGHT="1864" WC="0.95" CONTENT=" "/>
						</TextLine>
					</TextBlock>
				</ComposedBlock>
				<ComposedBlock ID="cblock_34" HPOS="1461" VPOS="219" WIDTH="13" HEIGHT="1864">
					<TextBlock ID="block_34" HPOS="1461" VPOS="219" WIDTH="13" HEIGHT="1864">
						<TextLine ID="line_111" HPOS="1461" VPOS="219" WIDTH="13" HEIGHT="1864">
							<String ID="string_606" HPOS="1461" VPOS="219" WIDTH="13" HEIGHT="1864" WC="0.95" CONTENT=" "/>
						</TextLine>
					</TextBlock>
				</ComposedBlock>
				<ComposedBlock ID="cblock_35" HPOS="1568" VPOS="219" WIDTH="13" HEIGHT="1864">
					<TextBlock ID="block_35" HPOS="1568" VPOS="219" WIDTH="13" HEIGHT="1864">
						<TextLine ID="line_112" HPOS="1568" VPOS="219" WIDTH="13" HEIGHT="1864">
							<String ID="string_607" HPOS="1568" VPOS="219" WIDTH="13" HEIGHT="1864" WC="0.95" CONTENT=" "/>
						</TextLine>
					</TextBlock>
				</ComposedBlock>
				<ComposedBlock ID="cblock_36" HPOS="1771" VPOS="226" WIDTH="12" HEIGHT="1856">
					<TextBlock ID="block_36" HPOS="1771" VPOS="226" WIDTH="12" HEIGHT="1856">
						<TextLine ID="line_113" HPOS="1771" VPOS="226" WIDTH="12" HEIGHT="1856">
							<String ID="string_608" HPOS="1771" VPOS="226" WIDTH="12" HEIGHT="1856" WC="0.95" CONTENT=" "/>
						</TextLine>
					</TextBlock>
				</ComposedBlock>
				<ComposedBlock ID="cblock_37" HPOS="1816" VPOS="12" WIDTH="13" HEIGHT="1067">
					<TextBlock ID="block_37" HPOS="1816" VPOS="12" WIDTH="13" HEIGHT="1067">
						<TextLine ID="line_114" HPOS="1816" VPOS="12" WIDTH="13" HEIGHT="1067">
							<String ID="string_609" HPOS="1816" VPOS="12" WIDTH="13" HEIGHT="1067" WC="0.95" CONTENT=" "/>
						</TextLine>
					</TextBlock>
				</ComposedBlock>
				<ComposedBlock ID="cblock_38" HPOS="856" VPOS="2349" WIDTH="958" HEIGHT="12">
					<TextBlock ID="block_38" HPOS="856" VPOS="2349" WIDTH="958" HEIGHT="12">
						<TextLine ID="line_115" HPOS="856" VPOS="2349" WIDTH="958" HEIGHT="12">
							<String ID="string_610" HPOS="856" VPOS="2349" WIDTH="958" HEIGHT="12" WC="0.95" CONTENT=" "/>
						</TextLine>
					</TextBlock>
				</ComposedBlock>
			</PrintSpace>
		</Page>
	</Layout>
</alto>
