1806 2341
151 72 27 20 16
837 71 222 20 SAKREGISTER

1071 183 101 25 TB:
1202 162 89 18 Motioner
1348 158 83 31 Utskott
1478 159 57 36 Skriv.
1579 158 104 31 Protokoll

1203 217 29 17 FK
1234 212 24 30 |
1267 217 32 16 AK
1319 216 87 17 |SmllAvd|
1429 216 26 17 Nr
1497 203 22 12 Hå
1574 217 30 16 FK
1676 217 32 16 AK

164 257 160 21 Alkoholister

210 293 63 15 mars
286 288 55 20 1957
353 288 124 20 förordade
489 288 88 26 förslag
588 289 59 20 skall
659 289 117 20 anordnas
787 289 38 20 vid
837 289 117 20 Gudhems
966 289 85 25 kungs-|
1075 287 29 22 57

209 317 57 25 gård
277 323 29 14 en
318 324 31 19 ny
360 318 79 25 statlig
449 318 146 21 vårdanstalt
607 318 36 20 för
654 319 256 20 alkoholmissbrukare
920 320 61 19 samt
992 320 7 19 i
1010 320 42 19 Fa-

208 348 78 24 gersta
302 353 28 15 en
346 354 31 19 ny
392 348 79 25 statlig
486 348 182 25 vårdavdelning
683 348 36 20 för
735 348 262 25 alkoholmissbrukare,
1012 354 40 15 an-

210 377 89 20 knuten
313 377 35 20 till
361 377 176 21 vårdanstalten
550 378 13 20 å
576 378 136 25 Venngarn;
726 378 43 20 och
782 378 94 21 anvisar
889 378 39 21 RD
941 379 35 20 till
989 378 62 21 vissa

208 406 217 26 byggnadsarbeten
439 407 37 20 vid
491 408 88 20 statens
593 408 146 20 vårdanstalt
753 408 12 20 å
779 408 105 20 Gudhem
898 408 37 20 för
948 408 103 20 alkohol-

209 437 160 20 missbrukare
380 437 49 20 dels
440 437 13 20 å
464 437 140 25 tilläggsstat
615 438 20 19 II
646 438 42 19 500
698 438 41 20 000
751 438 35 20 kr.
796 438 44 20 och
850 438 49 20 dels
910 438 36 20 för
956 438 95 25 budget-

209 466 50 21 året
271 467 91 20 1957/58
375 467 13 20 4
396 467 42 20 215
448 467 41 20 000
501 467 35 20 kr.
548 468 60 19 samt
619 467 35 20 till
666 468 88 20 statens
766 467 145 21 vårdanstalt
923 467 12 21 å
946 467 105 21 Gudhem

208 496 37 20 för
270 496 265 21 alkoholmissbrukare:
561 497 142 20 inventarier
727 497 93 21 400000
845 497 45 21 kr.:
916 497 136 26 avlöningar

209 526 42 20 305
261 526 42 21 000
317 526 35 21 kr.
365 527 43 20 och
421 527 166 20 omkostnader
600 527 27 20 30
637 527 41 20 000
692 527 38 24 kr;
743 527 44 20 och
800 527 93 20 anvisar
906 527 39 21 RD
958 528 35 19 till
1006 528 45 20 sta-

208 557 51 19 tens
275 556 147 21 vårdanstalt
437 556 13 20 å
465 557 125 25 Venngarn
606 556 37 21 för
658 557 265 20 alkoholmissbrukare:
939 557 35 20 till
990 557 61 20 vissa

208 586 217 25 byggnadsarbeten
440 592 29 15 m.
484 592 30 15 m.
528 586 39 21 vid
581 586 183 26 vårdavdelning
777 587 7 20 i
799 587 110 25 Fagersta
923 587 13 20 å
950 587 101 25 tilläggs-

209 617 47 19 stat
270 616 20 20 II
305 616 41 21 160
356 616 41 21 000
412 616 34 20 kr.
460 616 43 20 och
517 616 35 20 till
565 616 183 26 vårdavdelnnig
760 617 8 20 i
781 617 110 25 Fagersta
905 617 43 20 254
957 617 41 20 000
1012 617 38 23 kr;

209 646 44 20 och
267 646 135 25 godkänner
416 646 39 21 RD
471 646 118 25 riktlinjer
603 646 36 20 för
653 647 151 25 utnyttjande
818 652 28 15 av
859 646 113 26 Hessleby
985 652 66 15 sana-

208 676 87 20 torium
315 676 77 20 såsom
412 676 175 25 specialanstalt
606 676 37 20 för
661 676 209 26 tuberkulossjuka
890 676 161 20 alkoholmiss-

208 706 109 21 brukare.

182 765 7 14 1
209 760 39 20 RD
259 760 103 20 besluter
372 761 34 20 att
417 760 140 25 fasigtheten
568 761 99 24 Brotorp
678 760 22 20 17
710 761 7 19 i
728 760 128 25 Lekebergs
867 760 113 20 kommun
991 760 59 20 skall
1050 755 19 35 |
1074 759 30 22 581
1120 761 37 20 2:3
1215 773 25 2 —I
1280 773 26 3 —1I
1345 761 13 20 6
1380 768 26 3 —|
1437 761 26 20 171
1502 762 28 20 561
1560 762 21 20 5:
1596 766 22 16 30
1628 756 23 35 |
1660 760 21 21 5:
1697 765 22 15 66

209 790 29 20 fr.
248 796 21 14 o.
280 796 30 14 m.
321 790 44 20 den
377 791 9 19 1
398 790 44 25 juli
454 790 56 21 1958
520 790 119 21 överföras
650 790 53 20 från
714 790 225 25 sinnessjukvården
948 791 35 20 till
994 790 57 25 nyk-
1144 796 8 15 1
1456 795 8 16 1

208 819 176 21 terhetsvården
405 820 36 20 för
461 821 34 19 att
515 820 119 20 användas
655 820 77 20 såsom
752 821 79 24 statlig
849 820 147 20 vårdanstalt
1015 820 37 20 för

208 849 120 26 kvinnliga
347 849 255 21 alkoholmissbrukare
619 850 44 20 och
682 850 93 20 anvisar
793 850 35 20 till
846 851 89 19 statens
953 849 99 28 vårdan;-

209 880 56 20 stalt
278 879 14 20 å
305 880 99 24 Brotorp
418 879 37 20 för
469 880 265 20 alkoholmissbrukare:
749 880 62 20 vissa
824 880 142 20 inventarier
979 880 13 20 å
1006 880 45 20 till-

209 909 112 25 läggsstat
330 910 20 19 II
360 909 27 21 39
397 909 41 21 000
449 909 34 21 kr.

180 944 10 14 2
209 939 39 20 RD
260 939 94 20 anvisar
364 939 35 20 till
410 939 62 20 vissa
482 939 217 25 byggnadsarbeten
709 939 38 20 vid
759 940 88 19 statens
858 939 145 21 vårdanstalt
1015 939 36 20 för]
1075 938 29 22 581
1120 939 51 21 2:12]
1215 952 25 2 —I
1280 952 26 2 —I
1345 940 13 20 6
1380 948 27 3 —|
1437 940 26 20 171
1502 940 28 20 561
1560 940 20 20 5:
1596 944 20 16 31
1624 934 27 35 |
1661 939 20 20 5:
1697 944 22 15 66

209 969 255 20 alkoholmissbrukare
476 969 13 20 å
500 969 99 25 Brotorp
611 969 13 20 å
635 969 140 25 tilläggsstat
785 969 21 20 II
820 969 40 20 145
870 969 42 20 000
924 969 34 20 kr.
1142 974 11 15 2
1455 974 10 15 3

180 1004 9 14 3
208 998 44 21 Till
268 1000 89 19 statens
372 998 146 21 vårdanstalt
533 998 13 20 å
561 999 105 24 Svartsjö
681 999 36 19 för
732 998 266 21 alkoholmissbrukare:
1014 1004 37 15 av-|
1074 997 29 22 581
1121 1000 34 19 1:7
1214 1011 26 3 —I
1280 1011 26 3 —I
1345 999 13 20 6
1380 1008 26 3 —
1451 1000 12 19 5
1517 1000 99 20 519:40
1660 999 21 20 P9;
1697 1003 22 16 78

208 1028 107 25 löningar
326 1029 93 19 anvisas
431 1029 9 19 1
452 1028 41 20 042
503 1028 42 20 000
557 1028 34 20 kr.
1136 1033 22 15 44
1443 1033 21 15 27

180 1063 10 14 4
207 1057 45 20 Till
267 1059 89 19 statens
369 1057 146 20 vårdanstalt
528 1057 13 21 å
555 1057 105 25 Svartsjö
673 1057 37 20 för
723 1057 266 21 alkoholmissbrukare:
1003 1063 48 14 om-|
1074 1056 30 22 58|
1121 1058 34 20 1:7
1215 1070 26 2 —I
1280 1070 26 2 —I
1345 1058 13 20 61
1380 1067 26 2 —
1451 1058 12 20 5
1516 1058 100 21 59:e
1660 1057 21 21 10:
1697 1062 22 16 78

208 1087 126 21 kostnader
344 1087 93 21 anvisas
448 1087 41 20 789
498 1087 43 21 900
551 1087 35 21 kr.
1136 1092 22 16 45
1443 1092 22 16 29

180 1122 9 15 5
207 1117 45 20 Till
264 1118 89 19 statens
364 1117 147 20 vårdanstalt
522 1116 13 21 å
546 1117 105 25 Svartsjö
664 1117 35 19 för
711 1117 265 20 alkoholmissbrukare:
989 1117 62 20 vissa
1047 1112 9 34 |
1075 1116 29 23 581
1121 1118 34 20 1:7
1215 1129 26 3 —I
1280 1129 27 3 —I
1345 1117 13 20 6
1380 1126 26 3 —
1451 1118 12 20 5
1517 1118 12 20 51
1559 1118 57 20 9:4r
1626 1112 27 35 |
1660 1116 21 21 9:
1697 1121 22 16 78

207 1147 142 20 inventarier
359 1147 93 20 anvisas
462 1147 27 20 50
499 1146 41 21 000
551 1147 35 20 kr.
1136 1152 22 15 46
1443 1151 22 16 29

179 1181 10 15 6
206 1176 45 20 Till
272 1177 88 20 statens
379 1177 65 19 inom
464 1176 317 25 fångvårdsorganisationen
800 1176 135 21 anordnade
953 1176 98 20 vårdan-|
1075 1175 29 22 58)
1122 1177 34 20 1:7
1215 1189 26 2 —|
1280 1189 26 3 —I
1345 1177 61 20 6—
1451 1177 13 20 5
1517 1177 64 21 519:
1596 1181 20 16 41:11
1660 1176 21 21 9:
1697 1180 22 16 78

208 1207 56 19 stalt
277 1206 37 20 för
328 1206 266 20 alkoholmissbrukare:
610 1206 136 25 avlöningar
760 1206 93 21 anvisas
867 1206 27 20 68
903 1206 43 21 200
960 1206 35 21 kr.
1136 1211 22 16 47
1442 1211 23 16 29

180 1241 9 15 7
206 1236 45 20 Till
272 1237 88 19 statens
379 1236 65 20 inom
464 1235 317 26 fångvårdsorganisationen
800 1236 135 20 anordnade
953 1235 98 21 vårdan-|
1075 1235 30 23 58|
1121 1237 35 20 1:7
1215 1248 26 3 —I
1280 1248 26 3 —-I
1345 1237 13 19 6
1381 1246 25 2 —
1451 1237 13 20 5
1517 1237 100 20 51-9:'41'1
1661 1235 21 21 9:
1698 1240 22 15 78

208 1266 56 20 stalt
275 1266 37 20 för
324 1265 266 21 alkoholmissbrukare:
603 1266 167 20 omkostnader
781 1266 93 20 anvisas
886 1265 27 20 25
923 1265 42 21 500
976 1265 35 21 kr.
1136 1271 22 15 48
1443 1271 21 15 31

179 1301 10 14 8
207 1296 45 20 Till
281 1296 89 20 statens
398 1295 64 20 inom
491 1295 397 25 sinnessjukvårdsorganisationen
917 1295 134 20 anordnade]|
1075 1295 29 21 581
1122 1296 34 20 1:7
1215 1308 26 2 —I
1280 1308 26 2 —I
1345 1296 14 20 6
1381 1305 25 3 —
1451 1296 13 20 5
1517 1296 100 20 59:41
1661 1295 21 20 19:
1698 1300 22 15 78

207 1325 147 20 vårdanstalt
368 1325 37 20 för
419 1325 265 20 alkoholmissbrukare:
699 1325 137 25 avlöningar
850 1325 93 20 anvisas
957 1325 43 20 246
1009 1324 42 20 400
1136 1330 22 15 49
1443 1330 21 15 31

208 1355 34 21 kr.

179 1390 10 15 9
207 1385 45 20 Till
281 1386 89 19 statens
398 1385 65 20 inom
490 1384 398 25 sinnessjukvårdsorganisationen
917 1384 134 20 anordnade|
1074 1384 30 22 581
1121 1385 35 20 1:7
1214 1397 26 2 —)I
1280 1397 26 3 —I
1345 1385 13 20 6)
1380 1395 26 2 —V
1452 1385 12 20 5
1517 1385 13 20 51
1560 1385 21 21 9:
1596 1390 21 15 41
1624 1380 26 33 |
1661 1384 21 21 9:
1698 1389 21 15 78

207 1414 147 21 vårdanstalt
365 1414 37 20 för
413 1414 265 20 alkoholmissbrukare:
690 1414 166 20 omkostnader
868 1414 92 20 anvisas
972 1413 27 21 96
1009 1413 41 21 000
1136 1419 22 16 50
1443 1419 21 16 31

208 1444 35 21 kr.

166 1479 23 15 10
207 1474 45 20 Till
265 1475 89 19 statens
366 1474 146 20 vårdanstalt
524 1473 13 20 å
548 1474 125 25 Venngarn
686 1473 36 20 för
734 1473 266 20 alkoholmissbrukare:
1013 1479 38 14 av-|
1074 1473 30 22 58]
1121 1475 34 20 1:7
1214 1486 26 3 —I
1280 1486 26 3 —I
1345 1474 13 20 6]
1381 1484 25 3 —-]|
1451 1474 13 20 5
1517 1474 12 20 5F
1560 1474 56 21 9:41]
1660 1473 21 21 9:
1697 1478 22 15 78

208 1504 107 25 löningar
324 1504 94 20 anvisas
427 1504 43 20 924
479 1503 41 21 000
530 1504 34 19 kr.
1136 1508 20 16 51
1443 1508 22 16 32

166 1539 22 14 11
207 1534 45 20 Till
264 1534 89 20 statens
363 1533 147 20 vårdanstalt
519 1533 13 20 å
543 1533 124 25 Venngarn
679 1533 36 20 för
726 1532 265 21 alkoholmissbrukare:
1003 1538 48 14 om-
1048 1528 13 34 |
1074 1532 29 22 58|
1121 1534 34 20 1:7
1214 1546 26 2 —I
1280 1546 26 2 —I
1345 1533 61 20 6—
1451 1534 13 20 51
1516 1534 13 20 51
1560 1534 20 20 9:
1596 1538 20 15 41
1624 1529 26 34 |
1660 1533 21 20 9:
1697 1537 22 16 78

208 1563 127 21 kostnader
346 1563 94 20 anvisas
451 1563 41 20 709
502 1563 42 20 400
555 1563 34 20 kr.
1136 1568 22 15 52
1443 1568 22 15 33

165 1598 23 15 12
206 1593 45 20 Till
273 1594 89 19 statens
383 1593 145 20 vårdanstalt
548 1592 13 20 å
581 1593 126 24 Venngarn
727 1592 37 20 för
784 1592 265 20 alkoholmissbrukare:]|
1075 1592 29 22 58|
1121 1594 35 20 1:7
1215 1605 25 3 —I
1280 1605 26 3 —I
1345 1593 13 20 6
1380 1603 26 3 —|
1451 1593 12 20 5
1516 1593 13 20 51
1559 1593 21 21 9:
1595 1597 21 16 41
1626 1588 24 32 |
1660 1593 21 20 9:
1697 1597 22 15 78

207 1623 184 25 vårdavdelning
399 1623 8 20 i
416 1623 110 25 Fagersta
536 1622 93 20 anvisas
639 1622 42 21 265
691 1622 41 20 500
743 1622 34 20 kr.
1136 1628 22 15 53
1443 1627 22 16 33

165 1658 23 15 13
207 1653 45 20 Till
269 1653 89 20 statens
374 1652 145 20 vårdanstalt
535 1652 13 20 å
564 1652 98 25 Brotorp
679 1651 36 21 för
731 1651 265 21 alkoholmissbrukare:
1013 1657 38 14 av-|
1074 1651 81 22 58|1:7
1196 1652 108 21 12131265]
1345 1653 14 19 61
1380 1663 26 3 —
1451 1653 12 20 5
1516 1653 13 20 51
1559 1652 78 21 9:-41d]
1660 1652 21 21 9:
1697 1651 41 21 78d

208 1683 107 25 löningar
324 1682 93 21 anvisas
428 1682 38 20 101
478 1682 42 20 000
529 1682 35 20 kr.
1136 1687 21 16 54
1442 1687 23 15 34

165 1718 25 15 14
207 1713 45 20 Till
268 1713 89 20 statens
371 1712 146 20 vårdanstalt
532 1711 13 21 å
560 1712 99 25 Brotorp
674 1711 37 20 för
725 1711 263 24 alkoholmissbrukare,
1003 1716 48 15 om-|
1074 1711 29 22 581
1121 1713 34 20 1:7
1214 1724 92 3 hv
1345 1712 61 20 6l-—1
1420 1707 21 33 0
1451 1712 12 20 5
1516 1712 12 20 51
1559 1712 20 21 9:
1595 1716 22 16 44
1625 1707 26 33 |
1660 1712 21 20 9:
1697 1716 22 16 87

207 1743 127 19 kostnader
344 1742 92 20 anvisas
447 1742 26 20 79
483 1742 41 20 600
535 1742 34 20 kr.
1136 1747 21 15 55
1442 1746 22 16 36

165 1778 24 14 15
207 1772 45 20 Till
268 1773 88 19 statens
371 1771 146 21 vårdanstalt
532 1771 13 20 å
560 1771 104 20 Gudhem
680 1771 37 20 för
732 1771 265 20 alkoholmissbrukare:
1014 1776 36 14 av-|
1073 1771 29 21 581
1121 1772 34 20 1:7
1214 1784 26 2 —I
1280 1784 26 2 —-|
1345 1772 13 20 6
1380 1783 26 2 —
1450 1772 13 20 5
1516 1772 12 20 51
1559 1772 58 20 9:44
1624 1767 27 34 |
1660 1771 21 21 9:
1697 1776 22 15 87

207 1802 108 25 löningar
324 1802 93 20 anvisas
426 1801 41 21 261
478 1801 42 20 000
530 1801 34 20 kr.
1135 1806 22 15 56
1442 1806 22 15 37

166 1837 23 15 16
207 1832 45 20 Till
266 1832 89 20 statens
368 1831 146 20 vårdanstalt
527 1830 13 21 å
554 1830 104 21 Gudhem
673 1830 36 20 för
722 1830 266 20 alkoholmissbrukare:
1002 1835 48 15 om-|
1074 1830 29 22 581
1121 1832 34 20 1:7
1214 1843 26 3 —I
1280 1843 26 3 —1
1345 1831 13 20 6)
1380 1842 26 3 —I
1451 1831 12 20 5
1516 1831 12 20 51
1559 1831 58 20 9:44
1629 1826 22 33 |
1660 1831 21 20 9:
1697 1835 22 16 87

207 1861 127 20 kostnader
343 1861 93 20 anvisas
446 1860 27 21 30
483 1860 42 21 000
535 1860 34 20 kr.
1135 1866 22 15 57
1442 1865 22 16 37

165 1897 23 14 17
207 1891 39 20 RD
264 1891 136 25 godkänner
416 1890 103 20 ändrade
535 1890 102 25 grunder
654 1889 36 20 för
705 1889 82 26 bidrag
803 1890 35 20 till
855 1889 152 20 anordnande
1023 1895 27 14 av|
1074 1889 29 22 581
1121 1891 34 20 1:7
1214 1902 26 3 =]
1279 1902 26 3 1
1344 1890 119 21 6-5
1515 1891 13 20 51
1559 1891 20 20 9:
1595 1895 23 15 44
1624 1885 26 33 |
1660 1890 21 20 9:
1697 1894 22 16 87

206 1920 247 25 inackorderingshem
466 1920 37 20 för
515 1919 263 24 alkoholmissbrukare,
790 1920 34 19 att
836 1919 118 25 tillämpas
967 1919 83 19 fr.o.m.
1135 1925 22 16 58
1442 1924 22 16 37

207 1951 45 20 den
264 1951 10 19 1
285 1950 45 25 juli
341 1950 56 20 1958
408 1950 43 20 och
462 1949 93 20 anvisar
565 1949 35 20 till
610 1949 82 25 bidrag
701 1949 35 20 till
747 1948 151 21 anordnande
909 1955 28 14 av
946 1948 104 20 erkända

207 1980 172 20 vårdanstalter
392 1979 36 20 för
440 1978 256 21 alkoholmissbrukare
708 1984 30 15 m.
750 1984 30 15 m.
795 1978 9 20 1
815 1978 42 21 250
867 1978 42 21 000
922 1978 34 20 kr.

165 2016 24 14 18
208 2010 39 20 RD
261 2010 136 25 godkänner
410 2009 126 24 ändringar
550 2014 28 14 av
590 2008 134 25 grunderna
737 2008 36 20 för
786 2008 81 25 bidrag
880 2008 35 20 till
929 2007 121 21 driftkost-|
1074 2008 29 23 581
1121 2010 33 20 1:7
1213 2021 27 3 —I
1279 2021 26 3 —I
1344 2009 13 20 6]
1380 2021 26 2 —|
1451 2009 12 20 5
1516 2009 12 20 51
1559 2009 21 20 9:
1595 2013 23 16 44
1626 2005 27 34 |
1660 2009 21 20 9:
1697 2013 22 15 87

206 2040 73 20 nader
294 2039 39 20 vid
350 2039 103 20 erkända
469 2039 43 19 och
528 2038 107 20 enskilda
651 2037 172 21 vårdanstalter
839 2039 61 19 samt
915 2037 135 20 inackorde-
1135 2044 22 16 59
1443 2043 20 16 41

207 2069 120 25 ringshem
342 2069 37 20 för
394 2068 262 23 alkoholmissbrukare,
672 2068 34 20 att
720 2068 119 24 tillämpas
854 2067 29 21 fr.
897 2073 21 14 o.
933 2073 30 14 m.
978 2067 45 20 den
1039 2066 9 20 1

206 2099 45 25 juli
267 2099 56 20 1958
337 2098 44 20 och
395 2098 93 20 anvisar
502 2098 34 20 till
551 2098 81 24 bidrag
646 2097 35 20 till
696 2097 185 20 driftkostnader
895 2097 37 20 vid
947 2097 103 20 erkända
