1829 2359
170 76 28 22 84

189 256 259 26 Avlöningsreglementen,
465 256 116 21 allmänna.

189 292 98 20 meddela
302 292 105 20 särskilda
422 292 249 26 avlöningsföreskrifter
685 292 36 20 vid
736 292 108 20 eventuell
858 293 109 25 övergång
982 292 31 20 till
1027 293 53 19 kris-

189 321 183 24 administration;
383 322 40 19 och
433 322 142 26 bemyndigar
586 322 41 20 RD
637 322 64 20 KM:t
710 324 34 18 att
753 322 99 20 meddela
862 322 134 20 föreskrifter
1004 322 7 20 i
1020 322 60 26 fråga

189 357 35 14 om
237 351 217 27 löneklassplacering
465 352 7 19 i
485 352 56 20 vissa
554 351 44 24 fall,
612 352 27 20 då
652 352 36 20 vid
701 352 136 26 övergången
850 352 32 20 till
895 353 51 25 nytt
958 352 123 26 avlönings-

189 381 130 26 reglemente
342 382 42 19 den
406 382 7 19 1
435 381 40 26 juli
498 381 52 20 1939
571 382 126 25 uppkomna
719 382 136 25 ojämnheter
875 381 84 20 alltfort
978 384 51 24 göra
1050 382 31 25 sig

188 411 107 26 gällande;
312 411 40 20 och
368 411 126 26 godkänner
511 411 42 20 RD
570 411 79 26 förslag
664 411 33 20 till
711 411 139 27 kungörelser
860 417 35 14 om
905 412 92 26 ändring
1007 412 6 19 i
1023 412 57 19 vissa

189 441 59 19 delar
263 447 28 14 av
305 441 63 20 civila
383 441 256 26 avlöningsreglementet
654 441 41 20 den
710 441 13 20 4
738 441 86 26 januari
837 441 52 20 1939
900 441 34 26 (nr
944 441 22 26 8)
977 443 58 18 samt
1046 447 34 14 om

188 471 84 19 ändrad
289 471 80 26 lydelse
387 477 28 14 av
428 471 26 20 50
471 472 9 24 $
496 471 94 20 militära
604 471 256 26 avlöningsreglementet
873 471 41 20 den
930 471 24 20 15
966 471 47 25 juni
1028 471 53 20 1939

189 500 35 26 (nr
236 500 50 26 275)
298 501 40 19 och
347 500 26 20 25
383 501 9 25 $
403 501 8 19 1
423 506 65 15 mom.
498 501 377 26 manskapsavlöningsreglementet
884 501 41 20 den
935 501 24 19 21
969 501 48 26 juni
1028 501 53 20 1940

189 531 34 25 (nr
240 530 56 26 652).

189 613 63 20 civila
266 613 257 27 avlöningsreglementet
537 614 41 20 den
592 614 13 20 4
618 614 45 26 jan.
680 614 52 20 1939
746 615 35 25 (nr
794 614 29 26 8),
838 616 58 18 samt
909 614 33 20 till
956 614 79 26 förslag
1048 614 33 20 till

188 643 128 26 kungörelse
332 649 35 14 om
383 644 43 20 viss
442 644 92 26 ändring
550 650 28 14 av
594 644 256 26 avlöningsreglementet
866 644 41 20 den
923 644 27 20 30
964 644 48 26 juni
1029 644 52 20 1943

189 673 34 26 (nr
237 673 50 26 509)
301 673 34 20 för
349 673 26 20 de
390 673 65 27 högre
469 673 141 21 kommunala
625 674 108 23 skolorna;
749 674 40 20 och
804 674 143 26 bemyndigar
961 674 42 19 RD
1018 673 63 21 KM:t

188 704 35 19 att
234 703 100 20 meddela
346 703 135 20 föreskrifter
493 704 6 19 i
511 704 60 26 fråga
584 709 35 14 om
632 704 26 19 fri
671 704 135 26 förläggning
818 704 40 20 och
869 703 28 20 fri
908 703 129 27 förplägnad
1049 703 33 20 till

189 732 223 27 beställningshavare
425 733 37 20 vid
475 733 147 26 tjänstgöring
634 734 12 19 å
659 739 53 21 egen
725 734 182 26 förläggningsort
920 733 68 20 under
1000 733 81 20 sådana

188 762 159 24 förhållanden,
358 764 35 19 att
404 763 38 20 det
452 763 87 26 vanliga
549 763 113 20 kvarteret
673 763 109 20 därunder
792 763 46 20 icke
849 763 43 20 kan
904 763 126 24 bibehållas,
1042 763 40 20 och

188 792 27 20 fri
233 792 164 26 tjänstebostad
415 799 29 14 m.
455 799 28 14 m,.
503 793 24 20 åt
544 793 209 20 försvarsattachéer
771 793 40 20 och
830 793 130 20 biträdande
978 793 104 20 försvars-

188 822 113 20 attachéer
314 822 7 20 i
334 822 99 21 Moskva.

216 852 20 20 2.
253 852 42 20 RD
309 852 97 20 anhåller
420 858 35 14 om
469 852 117 26 utredning
599 858 49 21 ang.
662 852 217 26 likalönsprincipens
892 852 170 26 genomförande
1076 852 6 20 i

189 881 226 27 statsförvaltningen.

216 911 20 20 3.
253 911 42 20 RD
309 912 127 26 godkänner
448 912 80 26 förslag
541 912 33 19 till
587 912 139 26 kungörelser
739 918 35 14 om
787 912 93 26 ändring
892 912 7 19 i
912 912 57 20 vissa
983 912 59 20 delar
1054 918 28 14 av

189 941 63 20 civila
264 941 257 27 avlöningsreglementet
532 942 42 19 den
585 942 13 19 4
608 941 45 27 jan.
667 941 52 21 1939
731 942 34 26 (nr
775 942 22 26 8)
809 942 40 19 och
861 947 34 14 om
907 942 84 19 ändrad
1002 941 80 27 lydelse

188 976 29 14 av
229 971 11 20 7
252 971 10 25 $
273 971 13 20 3
297 977 66 14 mom.
376 971 376 27 manskapsavlöningsreglementet
764 971 41 20 den
817 972 23 19 21
854 971 47 26 juni
915 971 53 20 1940
979 971 35 26 (nr
1025 971 56 26 652);

189 1001 40 19 och
245 1001 128 25 godkänner
389 1001 42 20 RD
448 1001 80 26 förslag
544 1001 33 20 till
593 1001 128 26 kungörelse
737 1007 36 14 om
789 1001 84 20 ändrad
889 1001 81 26 lydelse
986 1007 28 14 av
1030 1001 27 20 49
1073 1001 9 24 $

188 1030 135 20 folkskolans
331 1031 245 25 avlöningsreglemente
585 1031 41 20 den
634 1031 27 20 30
667 1031 48 25 juni
725 1031 52 20 1942
785 1031 35 26 (nr
827 1031 56 26 619);
892 1031 40 20 och
940 1031 143 26 bemyndigar

190 1059 42 20 RD
249 1059 65 20 KM:t
329 1061 36 19 att
381 1060 85 20 besluta
482 1071 28 3 —
525 1060 7 19 i
548 1060 179 20 förekommande
743 1060 38 20 fall
797 1060 50 20 med
863 1060 121 20 retroaktiv
1000 1060 81 20 verkan

189 1088 25 21 fr.
225 1095 19 14 o.
254 1095 29 14 m.
297 1089 41 20 den
353 1090 8 19 1
376 1089 39 26 juli
430 1089 52 20 1945
494 1101 28 3 —
535 1096 34 13 om
582 1089 105 20 särskilda
701 1089 109 20 förmåner
822 1090 23 19 åt
858 1089 223 26 befattningshavare,

189 1124 46 14 som
249 1119 55 19 efter
317 1119 147 26 omplacering
476 1119 48 20 från
537 1125 27 14 en
577 1119 163 26 stationerings-
753 1119 51 20 eller
815 1119 183 28 förläggningsort
1010 1119 34 20 till
1056 1125 26 13 en

189 1154 73 14 annan
275 1148 47 20 icke
334 1149 87 20 kunnat
432 1149 101 20 anskaffa
546 1148 163 27 familjebostad
722 1149 12 20 å
747 1148 41 20 den
802 1155 43 20 nya
858 1149 163 26 stationerings-
1033 1148 50 20 eller

189 1178 218 26 förläggningsorten;
419 1179 40 19 och
469 1179 143 26 bemyndigar
623 1178 41 20 RD
676 1178 64 20 KM:t
749 1180 35 18 att
794 1178 99 20 meddela
904 1178 134 20 föreskrifter
1048 1184 34 14 om

189 1208 122 26 ersättning
329 1208 34 20 för
381 1208 179 26 uppkommande
578 1208 142 20 merkostnad
738 1208 34 20 för
790 1208 228 26 befattningshavares
1036 1214 46 13 resa

189 1237 79 20 mellan
284 1238 79 20 bostad
379 1238 40 20 och
434 1238 223 26 tjänstgöringsplats,
673 1239 35 19 att
723 1238 85 20 besluta
824 1244 35 13 om
874 1238 67 26 inköp
956 1238 28 26 på
999 1239 84 18 statens

189 1267 123 20 bekostnad
324 1273 29 14 av
364 1267 58 20 vissa
435 1267 133 20 inventarier
579 1267 33 20 till
624 1267 163 26 tjänstebostad
800 1267 23 20 åt
835 1267 68 20 sådan
915 1267 167 26 landshövding,

189 1302 47 14 som
246 1296 91 21 tillträtt
346 1297 32 20 sin
388 1297 71 26 tjänst
468 1297 45 20 före
523 1297 41 20 den
576 1297 8 20 1
595 1297 40 26 juli
646 1297 53 20 1946
708 1303 50 14 men
768 1299 58 18 ännu
836 1297 18 26 ej
866 1297 112 20 anskaffat
987 1297 95 20 avsedda

190 1326 139 24 inventarier,
347 1328 35 18 att
398 1327 100 20 meddela
515 1326 138 27 erforderliga
670 1326 285 27 övergångsbestämmelser
971 1327 6 19 i
994 1326 43 20 anl.
1055 1332 28 14 av

190 1355 182 27 löneregleringen
386 1356 34 20 för
433 1356 196 20 landssekreterare
644 1356 39 20 och
698 1356 186 20 landskamrerare
898 1357 58 19 samt
969 1356 7 20 i
989 1356 52 20 mån
1055 1362 27 14 av

190 1385 71 20 behov
285 1386 85 20 besluta
395 1392 35 14 om
453 1386 219 26 löneklassplacering
695 1392 28 14 av
747 1386 95 20 nämnda
866 1386 216 26 befattningshavare

190 1415 25 20 fr.
226 1421 19 14 o.
255 1421 29 14 m.
299 1416 41 19 den
355 1416 9 19 1
378 1416 40 25 juli
433 1415 53 20 1946
499 1416 50 20 med
562 1415 110 20 avvikelse
685 1415 48 21 från
747 1416 191 20 bestämmelserna
952 1415 6 20 i
971 1415 13 20 8
997 1416 9 25 $
1020 1415 62 20 civila

189 1445 265 26 avlöningsreglementet,
472 1447 35 18 att
524 1445 100 20 meddela
643 1445 110 20 föreskrift
772 1451 34 14 om
825 1445 97 26 partiellt
939 1445 143 20 avskaffande

189 1474 44 20 tills
244 1474 75 21 vidare
329 1481 28 14 av
368 1475 41 20 den
420 1481 16 14 s.
446 1475 21 20 k.
479 1475 140 20 karenstiden
629 1475 34 20 för
673 1475 133 20 folkskolans
817 1476 61 19 extra
890 1475 106 20 ordinarie
1007 1475 75 23 lärare,

190 1506 58 18 samt
257 1506 35 18 att
301 1504 99 21 meddela
410 1505 135 20 föreskrifter
554 1504 7 20 i
571 1504 60 26 fråga
642 1511 34 13 om
687 1504 121 27 ersättning
817 1505 24 19 åt
851 1504 107 20 ordinarie
968 1504 68 20 lärare
1046 1504 37 20 vid

190 1533 55 20 folk-
258 1534 39 20 och
310 1534 215 20 småskoleväsendet
537 1534 37 20 vid
587 1534 44 20 viss
644 1534 253 26 vikariatstjänstgöring
910 1534 68 20 under
990 1534 92 23 ferietid;

191 1564 39 19 och
242 1563 72 20 avslår
326 1564 42 20 RD
380 1564 108 20 motioner
499 1570 36 13 om
546 1564 114 19 införande
671 1570 28 14 av
710 1564 57 19 fasta
780 1564 141 26 språktillägg
932 1563 33 20 till
977 1563 54 20 folk-
1043 1563 39 20 och

190 1593 165 20 småskollärare
367 1593 7 20 i
385 1593 160 27 finskspråkiga
558 1594 103 19 områden
673 1593 6 20 i
691 1593 81 24 landet;
786 1594 39 19 och
837 1593 72 20 avslår
921 1593 42 20 RD
976 1593 107 20 motioner

191 1628 35 14 om
244 1623 169 26 reseersättning
430 1624 24 19 åt
472 1623 94 20 vikarier
583 1625 58 18 samt
659 1623 108 20 motioner
784 1629 35 14 om
838 1623 122 26 ersättning
977 1622 33 21 till
1028 1623 55 20 folk-

190 1652 116 21 skollärare
319 1653 37 20 vid
368 1653 95 20 vikariat
475 1653 12 20 å
499 1653 275 25 övningsskollärartjänst.

219 1700 61 20 RD:s
293 1701 71 19 beslut
376 1701 7 19 i
395 1701 43 20 anl.
451 1707 28 13 av
492 1707 61 20 prop.
566 1701 50 19 med
628 1700 80 26 förslag
720 1700 32 20 till
766 1706 42 20 nya
821 1700 259 26 avlöningsreglementen

189 1736 29 14 m.
228 1736 29 14 m.
269 1732 58 18 samt
337 1730 6 20 i
354 1730 42 20 anl.
408 1736 28 14 av
446 1731 10 24 $
467 1730 26 20 29
503 1730 7 20 i
521 1730 61 20 RD:s
593 1730 24 20 år
629 1730 52 20 1947
691 1730 131 20 församlade
832 1730 115 20 revisorers
958 1730 122 20 berättelse.

219 1778 42 19 RD
275 1778 73 20 avslår
361 1778 7 19 i
382 1778 108 20 motioner
503 1778 103 26 framlagt
620 1778 86 26 förslag,
721 1779 35 18 att
769 1777 125 27 förhöjning
908 1783 28 14 av
950 1777 132 26 sjötillägget

191 1807 54 20 skall
258 1808 52 25 utgå
323 1808 34 19 för
368 1807 100 26 personal
480 1807 166 26 tjänstgörande
659 1808 12 19 å
684 1807 55 20 ubåt
751 1808 102 19 utrustad
865 1807 50 20 med
927 1813 16 14 s.
953 1807 21 20 k.
988 1807 94 20 snorkel-

190 1837 132 26 anläggning
334 1837 49 20 med
397 1837 12 20 5
423 1837 32 20 kr.
469 1843 38 20 per
519 1843 51 14 man
584 1837 39 20 och
637 1837 42 26 dag
692 1837 68 20 under
773 1843 83 14 samma
869 1837 33 20 tid
915 1843 46 13 som
974 1836 109 26 sjötillägg

191 1867 64 26 utgår
263 1869 58 18 samt
329 1867 143 26 bemyndigar
480 1867 64 19 KM:t
552 1868 34 18 att
594 1867 90 25 vidtaga
692 1867 117 25 ändringar
817 1867 6 19 i
832 1867 25 19 de
866 1866 6 20 i
881 1868 83 18 statens
972 1866 110 20 allmänna

191 1896 245 26 avlöningsreglemente
449 1896 127 20 meddelade
590 1896 192 20 bestämmelserna
795 1898 41 18 rör.
850 1896 231 26 semesterersättning,

191 1925 109 27 sjötillägg
313 1926 40 19 och
366 1926 214 26 begravningshjälp,
593 1926 90 25 vidtaga
696 1926 117 25 ändringar
826 1926 6 19 i
845 1926 26 19 de
884 1926 6 19 i
903 1925 180 26 avlöningsregle-

191 1957 84 18 mentet
288 1956 33 19 för
333 1955 122 20 folkskolan
469 1955 127 20 meddelade
609 1955 191 20 bestämmelserna
814 1957 41 18 rör.
869 1955 213 26 begravningshjälp,

191 1985 99 20 meddela
306 1985 72 20 beslut
393 1985 51 19 eller
459 1985 164 20 bestämmelser
638 1986 41 18 rör.
695 1985 90 20 förande
802 1986 52 18 över
868 1986 46 18 stat
929 1991 28 13 av
973 1984 110 26 pensions-

192 2015 151 25 berättigande
355 2015 74 25 statlig
440 2015 77 25 tjänst,
529 2015 73 19 vilken
614 2015 85 19 förenas
711 2015 49 19 med
772 2014 113 23 ordinarie,
898 2014 92 20 medelst
1001 2014 82 20 förord-

192 2044 71 20 nande
282 2044 44 20 tills
345 2044 75 20 vidare
439 2044 80 20 tillsatt
538 2044 40 20 och
598 2044 18 26 ej
638 2044 253 26 pensionsberättigande
911 2044 75 25 statlig
1004 2044 77 25 tjänst,

192 2074 302 20 vikariatslöneförordnande
507 2074 12 20 å
532 2074 210 25 rektorsbefattning
754 2074 37 19 vid
805 2074 65 25 högre
882 2073 127 20 kommunal
1022 2073 60 20 skola

191 2105 58 18 samt
260 2104 254 25 beredskapsersättning
525 2104 24 19 åt
559 2104 57 19 vissa
628 2103 134 26 tjänstemän
773 2103 37 20 vid
821 2105 84 18 statens
915 2103 117 26 järnvägar
1043 2103 39 19 och

218 584 18 19 1.
253 583 42 20 RD
308 584 128 26 godkänner
448 584 80 26 förslag
540 584 33 20 till
586 584 139 26 kungörelser
738 590 35 14 om
786 584 92 26 ändring
891 584 7 20 i
910 584 58 20 vissa
981 584 60 20 delar
1053 590 28 14 av|/4

1100 188 25 19 AR
1149 192 53 20 Bon.
1296 168 30 37 ES
1374 163 89 30 Utskott
1508 164 57 59 Skriv.
1616 164 105 30 Protokoll

1230 222 32 15 FK
1264 218 25 28 |
1293 222 34 15 AK
1349 222 85 16 ISmllAvd]
1458 222 26 15 Nr
1604 222 33 15 FK
1704 222 34 16 AK

1104 584 25 19 46
1130 579 14 35 |
1159 584 38 19 138
1200 579 23 35 |
1228 583 41 20 266
1268 579 23 35 |
1293 584 40 19 417]
1369 583 12 20 6
1402 595 27 2 |—
1428 579 9 35 |
1455 583 39 20 1261
1518 583 98 21 254119:
1628 584 38 19 65d]
1684 584 33 20 20:
1731 586 38 18 108

1113 857 8 14 »
1130 847 28 35 |
1171 864 27 2 —
1203 847 18 35 I
1243 851 26 20 62
1277 847 7 35 [|
1296 851 37 20 124]
1369 851 60 20 6|—
1430 847 10 35 |
1455 851 38 20 1271
1518 851 40 20 255
1564 847 14 35 |
1584 851 32 20 19:
1627 851 140 21 67d/20:108d

1113 917 8 13 »
1130 906 19 35 |
1157 911 40 20 274
1207 906 18 35 |
1228 910 41 20 348
1275 906 14 35 |
1293 911 40 20 2371
1369 911 12 19 6
1402 922 27 2 |—
1424 906 22 35 |
1453 911 40 19 230
1491 906 19 35 1
1517 910 41 20 430
1557 906 18 35 |
1583 911 33 20 27:
1628 911 38 19 70d]
1684 911 33 20 28:
1728 912 40 19 82dj

1228 940 40 20 349
1265 936 23 35 |
1293 940 40 20 256
1453 940 40 20 256
1582 940 55 20 20:31:
1684 941 54 20 "LJ05A

1228 970 41 20 353
1269 966 19 35 |
1293 970 40 20 533
1582 970 55 20 30:14
1684 971 53 20 SÅsi1

1293 1000 40 20 534

1293 1030 40 20 537.

1294 1059 37 20 541

1101 1699 28 21 481
1158 1699 40 20 225
1208 1694 27 35 |
1243 1710 27 2 —1
1294 1699 37 20 271]
1369 1698 12 20 6
1402 1710 28 2 1|—
1433 1694 8 35 |]
1456 1698 37 20 1651
1518 1698 98 20 351125:
1628 1699 25 19 3d
1657 1694 22 35 |
1685 1699 32 20 25:
1729 1699 26 20 7d

1102 1777 27 20 491
1160 1776 38 20 132
1206 1772 18 34 |
1229 1776 40 20 280
1272 1772 18 34 |
1293 1776 41 20 348]
1369 1776 12 19 6
1402 1788 28 2 |—]
1456 1776 38 19 1721
1518 1776 41 19 342]
1584 1776 33 20 20:
1629 1776 38 20 74dl
1684 1776 33 20 20:
1729 1776 39 20 75d)

1229 1805 37 20 281
1270 1801 19 35 |
1293 1806 40 19 349
