1852 2362
172 147 43 39 400
904 159 136 17 SAKREGISTER

191 433 178 29 Dyrtidstillägg.

235 465 61 21 färda
319 465 26 21 de
368 467 96 19 närmare
487 466 138 26 föreskrifter,
649 474 46 14 som
719 468 32 20 för
766 468 138 28 tillämpning
920 476 26 14 av
963 470 66 21 förbe-

235 495 62 21 rörda
320 495 109 21 allmänna
452 496 92 26 grunder
559 498 36 19 må
611 497 95 21 befinnas
722 498 142 27 erforderliga,
881 501 101 20 ävensom
999 502 31 19 att

235 526 6 19 i
258 525 145 27 huvudsaklig
426 526 94 27 enlighet
543 527 49 21 med
609 527 26 21 de
650 528 7 20 i
673 528 77 21 sådant
765 529 105 21 avseende
886 536 29 14 nu
931 530 99 26 gällande

236 555 131 22 föreskrifter
386 556 99 21 meddela
500 558 97 20 närmare
614 558 161 22 bestämmelser
790 559 7 20 i
813 559 59 26 fråga
887 566 36 14 om
939 560 90 27 dyrtids-

235 585 74 27 tillägg
332 586 22 21 åt
376 587 56 20 vissa
456 586 117 22 lärarinnor
596 587 36 21 vid
653 588 127 21 fackskolan
795 589 34 21 för
844 589 72 27 huslig
930 590 101 21 ekonomi

235 616 7 20 i
258 616 95 27 Uppsala
376 618 57 19 samt
453 616 36 21 vid
505 617 26 21 de
547 617 68 21 under
631 618 70 26 punkt
717 618 43 21 294
775 619 8 20 i
798 619 233 28 statsrådsprotokollet

235 647 50 20 över
303 646 228 22 ecklesiastikärenden
551 647 41 21 den
612 648 12 20 3
640 649 43 26 jan.
702 648 57 21 1930
776 650 92 26 angivna
883 650 148 21 läroanstalter

235 676 33 21 för
291 676 126 21 utbildande
433 684 26 14 av
478 677 118 22 lärarinnor
611 678 7 20 i
634 678 140 26 handarbete;
792 679 39 21 och
847 680 84 21 anvisas
947 680 34 21 till
997 681 33 20 be-

235 706 109 21 stridande
368 713 26 15 av
417 707 144 21 kostnaderna
583 708 33 21 för
639 708 158 28 dyrtidstillägg
820 710 23 21 åt
858 710 95 21 nämnda
968 710 62 21 lärar-

235 743 91 21 grupper
349 737 33 21 för
405 737 125 27 budgetåret
556 737 123 29 1930/1931
705 741 30 19 ett
751 742 59 18 extra
825 740 165 27 förslagsanslag
1005 747 26 14 av

237 767 78 20 20500
325 767 43 20 000
384 767 31 21 kr.

246 801 23 19 Se
282 802 35 18 ock
331 802 179 24 Avskrivningar
522 802 58 22 (1924:
590 809 14 13 s»
615 809 15 15 4;
644 803 51 19 1925:
704 810 15 15 e,
731 810 26 16 14;
767 804 52 19 1930:
828 805 33 22 18),
870 805 161 20 Barnmorskor

257 825 60 22 (1921:
327 832 14 15 8;
352 826 51 18 1922:
412 832 15 15 2;
438 826 51 19 1923:
499 833 14 15 3;
524 827 51 18 1924:
585 833 14 14 a;
610 828 52 18 1925:
671 834 14 14 2;
696 828 51 18 1926:
757 834 14 16 8;
782 829 51 18 1927:
843 835 14 15 2;
867 829 52 18 1928:
930 835 15 16 2;
955 829 51 18 1929:
1015 835 15 15 2;

259 850 51 18 1930:
320 850 20 22 2),
359 850 166 24 Biografbyrån
545 851 59 21 (1925:
613 857 15 16 2;
650 852 82 23 1926:2),
753 853 108 23 Biskopar
872 853 59 23 (1921;
955 853 52 18 1922:
1015 859 15 15 2;

259 873 52 21 1925;
333 874 81 23 1927:2),
436 874 212 20 Jordförhållanden
668 876 52 18 inom
740 877 136 22 Kopparbergs
896 878 31 17 län
947 877 83 21 (1924:1;

259 898 52 18 1925:
320 904 15 15 1;
349 898 51 18 1926:
410 905 15 14 2;
439 899 52 18 1927:
501 905 13 15 1;
529 899 111 22 1928-1930),
653 900 276 20 Justitieombudsmannen
941 901 59 22 (1925:
1009 902 21 22 7),

259 918 190 34 Lagberedningen
448 918 132 34 (1924-1930),
588 918 137 34 Landsstaten
724 918 69 34 (1925:
802 925 21 22 s),
831 925 199 23 Lantbruksingen-

256 946 63 22 jörer
330 946 59 22 (1927:
398 952 15 16 1;
427 947 75 21 1928:1;
517 947 51 18 1929:
578 949 20 19 1),
611 948 274 20 Levnadskostnadsindex
897 949 67 23 (1922),
978 950 53 18 Pen-

259 970 197 23 sionsförsäkring,
475 971 71 18 allmän
565 971 101 23 (1921:1;0),
685 972 170 20 Pensionsväsen
870 965 59 33 (1925:
931 965 34 33 13;
979 973 51 18 1926:

260 999 14 15 5,
290 993 23 24 6),
326 994 166 23 Religionsvård
504 995 59 22 (1925:
572 1001 15 14 4;
602 996 52 19 1926:
663 996 20 21 6),
697 997 126 23 Riksdagen
835 997 59 22 (1921:
907 1003 57 14 29-31;
978 997 52 18 1922:

261 1023 14 16 7,
291 1024 58 16 19-21;
362 1018 51 18 1923:
423 1024 15 16 1,
453 1025 44 15 9-11;
507 1019 52 18 1924:
568 1025 15 16 6,
594 1025 56 15 14-16;
661 1020 52 18 1925:
722 1026 15 15 1,
748 1027 27 14 24;
785 1021 52 18 1926:
847 1026 15 16 1;
869 1021 52 21 1927:
930 1027 14 15 1;
955 1021 51 18 1928:
1016 1027 14 15 1;

259 1042 51 17 1929:
321 1048 14 14 1;
355 1042 51 18 1930:
416 1043 21 21 1),
450 1043 224 23 Rättegångsreform
686 1044 54 21 (1924
748 1045 58 21 1926),
819 1045 140 22 Skogsväsen
971 1044 59 23 (1923:

260 1071 57 16 12-16;
337 1066 76 20 1924:8,
435 1072 15 17 oe,
469 1072 25 15 12,
516 1072 26 16 13;
562 1067 51 18 1925:
625 1073 44 16 8-11,
685 1073 26 16 16;
731 1062 52 32 1926:
788 1062 33 32 10,
836 1074 26 16 11,
878 1074 26 16 14;
925 1068 105 21 1927:7-10;

259 1089 117 22 1928:12-15;
396 1090 88 22 1929:14,
499 1096 27 17 15,
542 1096 26 13 17:
588 1091 124 23 1930:12-15),
732 1092 191 23 Skytteväsendet,
940 1092 91 23 frivilliga

258 1113 136 23 (1921—1930).

189 1153 136 23 Däckslast.

170 1191 2 12 |
220 1186 53 26 Ang.
290 1186 126 27 styckegods
432 1193 46 15 som
495 1187 116 25 däckslast;
628 1194 22 14 se
666 1186 85 30 Fartyg
768 1187 71 29 (1928:
851 1189 25 26 2).

189 1231 253 29 Däckspassagerare:
459 1242 21 14 se
498 1235 82 27 Fartyg
595 1235 72 26 (1921:
679 1236 25 26 2).

190 1280 129 23 Dämmans
335 1280 114 28 fyrplats;
465 1289 22 15 se
503 1282 133 28 Ersättning
651 1283 72 26 (1924:
736 1283 26 29 4).

190 1328 156 29 Däcksbefäl;
363 1338 21 14 se
400 1331 86 28 Fartyg
501 1331 73 27 (1930:
587 1332 24 26 1).

170 1381 2 3 |
190 1382 112 23 Dödande
319 1388 31 17 av
365 1382 155 24 förkommen
535 1383 128 28 handling.

220 1415 37 20 RD
273 1417 87 25 antager
376 1416 33 20 för
424 1416 33 20 sin
474 1415 34 21 del
524 1416 79 26 förslag
613 1416 33 20 till
657 1416 35 26 lag
702 1422 35 15 om
749 1415 97 21 dödande
858 1422 26 15 av
894 1416 135 20 förkommen

234 1445 110 27 handling,
368 1446 34 26 lag
425 1452 36 14 om
484 1445 82 21 ändrad
589 1445 81 27 lydelse
691 1452 26 14 av
737 1445 41 21 167
796 1445 13 26 $
826 1445 101 28 sjölagen,
944 1445 35 27 lag
994 1452 34 14 om

234 1475 81 20 ändrad
339 1475 81 27 lydelse
436 1482 26 15 av
479 1475 27 21 20
522 1474 15 29 8
552 1476 8 20 i
575 1475 151 27 förordningen
742 1475 42 21 den
801 1476 27 20 16
843 1476 48 26 juni
909 1475 56 21 1875
982 1482 46 19 ang.

234 1505 125 26 inteckning
373 1506 8 19 i
397 1506 43 20 fast
463 1505 110 27 egendom,
597 1505 34 27 lag
654 1512 35 14 om
713 1505 81 21 ändrad
818 1505 81 27 lydelse
922 1512 26 14 av
964 1505 13 21 9
994 1505 13 26 8
1010 1501 15 35 i

235 1534 61 27 lagen
320 1535 41 21 den
386 1535 28 21 14
427 1536 48 26 juni
493 1535 56 21 1907
566 1542 36 14 om
618 1535 124 27 inteckning
758 1536 6 20 i
780 1537 98 19 tomträtt
894 1535 38 21 och
950 1537 79 19 vatten-

234 1565 99 25 fallsrätt,
358 1565 35 26 lag
416 1572 35 13 om
471 1565 81 21 ändrad
568 1565 81 27 lydelse
666 1572 26 14 av
710 1565 25 21 17
752 1565 13 26 $
782 1566 7 20 i
805 1565 61 27 lagen
882 1565 41 21 den
942 1565 26 20 10
984 1565 44 26 maj

237 1594 55 21 1901
317 1602 34 13 om
371 1595 125 26 inteckning
511 1596 7 20 i
534 1595 76 27 fartyg,
627 1595 34 26 lag
677 1602 35 14 om
728 1595 81 21 ändrad
824 1595 81 27 lydelse
922 1602 26 14 av
964 1595 13 20 8
993 1595 13 25 $
1022 1595 8 20 i

234 1625 150 26 förordningen
401 1625 41 21 den
460 1625 27 21 13
503 1625 54 27 april
575 1625 56 21 1883
648 1632 46 20 ang.
711 1625 204 26 förlagsinteckning
930 1626 56 19 samt
996 1625 34 25 lag

234 1661 35 14 om
289 1655 81 20 ändrad
386 1655 82 27 lydelse
484 1662 26 14 av
527 1655 12 20 2
556 1655 13 25 &
586 1655 7 20 i
609 1655 61 26 lagen
687 1655 41 21 den
745 1655 27 20 27
789 1655 47 27 juni
854 1654 57 21 1924
927 1661 34 14 om
978 1654 52 21 vård

235 1691 26 15 av
277 1685 114 27 omyndigs
407 1685 199 27 värdehandlingar.

190 1735 143 24 Dödsstraff.

220 1769 37 20 RD
273 1771 87 24 antager
376 1768 45 22 dels
437 1769 79 25 förslag
531 1769 33 20 till
575 1769 35 26 lag
621 1775 35 14 om
667 1769 91 26 ändring
768 1769 7 20 i
787 1769 56 20 vissa
855 1768 59 21 delar
924 1775 26 13 av
962 1768 66 20 straff-

235 1799 67 26 lagen,
317 1799 45 20 dels
378 1799 39 20 ock
433 1799 78 26 förslag
526 1798 34 21 till
576 1798 35 27 lag
623 1805 35 14 om
669 1798 91 27 ändring
770 1799 7 20 i
788 1799 56 20 vissa
855 1798 59 21 delar
925 1805 26 14 av
962 1798 68 21 straff-

235 1829 61 26 lagen
320 1829 32 20 för
375 1829 147 26 krigsmakten
544 1828 154 27 (dödsstraffets
722 1828 155 27 borttagande);
897 1828 81 21 motion
994 1834 34 14 om

235 1858 148 21 dödsstraffets
406 1859 132 26 utplånande
562 1860 54 19 även
639 1865 26 14 ur
688 1858 132 27 strafflagens
836 1858 33 20 för
884 1858 146 26 krigsmakten

235 1888 146 27 krigsartiklar
397 1889 52 20 eller
464 1888 115 27 utredning
594 1889 6 19 i
617 1888 75 21 sådant
709 1889 56 26 syfte
781 1888 74 21 avslås.

247 1923 24 18 Se
283 1924 50 17 även
346 1923 233 23 Ansvarighetslagen.

190 1968 66 27 Döss,
272 1970 28 26 J.,
318 1972 101 27 byråchef
434 1973 7 19 i
456 1972 244 27 generalpoststyrelsen.

220 2002 37 20 RD
265 2002 96 20 anhåller
367 2002 39 21 hos
413 2002 67 25 KM:t,
488 2004 32 18 att
526 2002 53 21 Döss
586 2002 33 20 för
626 2002 67 21 utfört
699 2002 227 26 organisationsarbete
933 2002 58 20 inom
998 2008 32 19 ge-

235 2032 223 27 neralpoststyrelsens
466 2032 167 27 postsparbanks
650 2032 39 20 och
696 2032 148 27 postgirobyrå
850 2032 66 20 måtte
924 2031 105 21 tillerkän-

236 2068 37 14 nas
285 2068 26 14 en
322 2062 122 27 ytterligare
452 2062 126 27 gottgörelse
587 2061 50 21 med
645 2062 85 27 belopp,
739 2068 47 14 som
794 2061 61 21 KM:t
861 2063 49 24 äger
918 2061 111 21 fastställa.
1039 2068 1 10 |

1143 223 17 19 7
1276 218 2 30 |
1501 230 53 18 Riks-

1066 254 17 26 =
1119 241 35 48 Få
1219 278 3 4 7
1326 244 102 43 Utskotts-
1491 256 73 31 dagens
1621 261 117 18 Kamrarnas

1065 284 18 26 Bale
1177 278 94 18 ORON
1310 278 72 47 RIS
1418 278 37 48 TÅ
1504 291 47 17 skri-
1561 275 24 45 |
1605 291 145 22 förhandlingar

1065 314 18 28 &
1119 312 41 33 ER
1298 313 46 13 eller
1357 313 92 13 memorial
1459 302 25 40 |
1497 320 62 18 velser

1061 346 17 25 3
1119 343 39 41 lg
1291 369 17 12 >

1119 375 35 19 188
1333 374 16 17 -
1437 370 18 32 [2
1547 376 17 19 22)
1593 375 56 17 Första
1665 370 24 32 |
1695 374 42 19 And

1066 390 11 9 =
1119 385 36 41 [73
1159 359 50 78 Jon
1222 363 45 70 lax
1291 382 59 44 Pl]
1386 386 17 28 a
1413 359 30 78 |
1445 397 18 25 B]
1547 396 17 25 (Bl
1590 380 71 37 ene)
1692 380 70 37 dne

1223 440 2 27 |

1045 456 55 46 1930
1223 468 1 31 |

1223 500 1 24 |

1223 527 1 26 |

1223 537 96 46 SER
1776 554 2 30 |

1223 584 1 9 |
1424 595 2 13 |
1776 592 2 29 |

1223 598 1 84 |
1318 584 2 104 |
1424 609 2 41 |
1776 632 2 10 |

1424 652 2 27 I
1776 659 2 23 |

1223 686 1 30 |
1424 680 2 41 |
1776 695 2 10 |

1223 717 1 28 |
1318 719 2 21 |

1223 752 1 33 |
1318 756 2 32 |

1223 810 1 36 |

1223 850 2 17 I
1318 851 2 11 I

1223 869 2 24 |
1318 871 2 21 |

1319 894 1 10 |

1223 917 2 10 |
1318 909 2 13 |

1223 930 2 20 [al
1318 930 2 24 |

1223 968 2 7 I
1318 959 2 11 |

1223 984 2 30 |
1318 986 2 8 I

1223 1022 2 25 |
1318 1018 2 33 |

1223 1058 2 34 |
1318 1071 2 12 I

1360 1352 1 19 |

1044 1413 56 23 1927]
1131 1414 12 19 9
1152 1399 29 46 |
1188 1413 81 21 65/122|
1296 1414 12 20 9)
1339 1414 10 20 1)
1387 1414 26 20 16
1500 1413 28 21 80)
1586 1415 85 21 |13:10d]
1696 1400 31 46 14:
1739 1414 26 21 4d

1476 1456 57 37 bed

1476 1495 57 25 fö]

1532 1529 1 8 |
1675 1522 1 31 |

1675 1565 1 39 |

1359 1608 1 12 I

1359 1632 2 15 |
1675 1629 1 28 |

1480 1733 2 31 |
1675 1723 2 9 |

1044 1765 54 23 1921|
1118 1766 41 20 144
1175 1766 40 21 1187
1296 1766 53 22 9)1|
1387 1766 26 20 37).
1480 1765 49 38 J224
1586 1767 33 21 32
1638 1735 39 65 od!
1695 1766 33 21 39:
1740 1767 26 20 cd

1480 1813 2 22 |
1676 1834 1 5 |

1360 1873 1 13 |
1532 1860 1 28 |
1676 1859 1 7 |

1532 1895 1 40 |
1676 1912 1 30 |

1045 1954 61 47 1930]
1228 1969 80 21 22116)
1339 1969 75 20 1/1038]
1488 1956 46 40 [174]
1587 1953 186 39 |24:+18d)26:170
