1873 2365
168 144 46 21 248
906 150 135 15 SAKREGISTER

1273 208 2 38 |
1368 237 12 16 är
1486 214 65 31 Riks-
1773 206 2 26 |

1274 256 1 10 |
1331 237 94 17 Utskotts-
1488 248 72 22 dagens
1618 244 117 32 Kamrarnas
1774 243 1 39 |

1774 284 1 12 I

1774 297 1 9 I

1166 268 1 4 |
1174 266 101 18 Motioner
1264 262 10 38 |
1309 262 125 42 utlåtanden
1494 270 54 34 skri-
1603 270 145 34 förhandlingar

1274 303 1 36 |
1296 296 47 18 eller
1356 296 98 18 memorial

1035 206 2 49 |

1035 276 2 57 |

1057 242 22 145 I8STLPSNIA

1115 289 17 105 T98[9ALLYS
1116 230 17 47 I9][9

1135 360 16 54 "doad
1135 278 22 74 sy:len”
1135 213 32 62 [8u3g

1693 361 65 18 Andra

1775 320 1 23 |

1582 358 77 30 Första
1775 346 1 38 |

1690 386 70 17 kamm.
1775 385 1 34 |

1775 420 1 31 |

1588 386 71 17 kamm.

187 428 145 28 Bergsskolor.

1220 350 1 18 I

1220 371 1 13 |

1220 390 1 30 |

1674 434 2 19 |

217 459 75 21 Såsom
309 459 74 34 bidrag
398 459 33 20 till
448 458 158 27 uppehållande
622 465 26 14 av
665 458 160 26 bergsskolorna
841 458 7 20 i
864 458 105 26 Filipstad
986 458 51 20 och
1019 454 14 35 |
1035 441 61 65 1924
1114 458 19 21 12
1143 444 25 37 8|
1220 428 2 99 |

1220 544 2 30 |

1357 430 1 14 |

1357 446 1 39 |
1399 459 69 21 8164
1488 429 78 50 Sand
1592 457 84 22 27:86
1663 449 20 40 |
1694 449 34 40 27:
1739 463 22 15 68
1775 453 1 3 |

232 489 69 20 Falun
317 489 85 21 anvisas
417 489 33 20 för
466 488 124 26 budgetåret
608 486 134 29 1924/1925:
760 489 70 20 såsom
847 488 74 26 bidrag
936 488 50 20 med
998 487 26 28 3/5
1035 482 2 20 |
1107 494 56 22 p-184
1422 496 1 8 I
1675 494 1 9 I
1776 469 1 62 |

232 519 33 20 till
287 519 143 20 kostnaderna
451 519 33 20 för
507 519 163 20 verksamheten
686 518 36 20 vid
738 518 100 21 skolorna
853 518 68 21 under
937 518 59 21 tiden
1014 506 23 34 1/
1357 501 1 43 |
1675 512 1 19 |
1776 533 1 9 |

231 549 42 27 juli
290 549 116 20 1924—30
422 549 47 27 juni
487 549 55 20 1925
560 550 29 19 ett
605 551 60 18 extra
681 548 73 26 anslag
770 555 26 13 av
812 548 27 20 45
850 548 42 20 210
904 548 39 24 kr.,
955 549 82 32 såsom
1023 544 17 41 |
1357 546 1 22 I
1675 560 1 9 I

232 579 87 20 särskilt
334 579 74 25 bidrag
423 579 50 21 med
484 578 27 28 ?/;
523 579 33 20 till
568 578 144 26 ålderstillägg
722 579 22 20 åt
754 578 67 21 lärare
832 579 39 19 och
882 578 144 21 vaktmästare
1167 585 1 23 |

233 611 31 19 ett
279 611 60 19 extra
355 609 73 26 anslag
444 616 26 13 av
487 608 63 21 1200
567 609 30 20 kr.
614 609 51 20 eller
680 608 92 27 tillhopa
788 609 27 19 46
825 608 42 20 410
884 608 31 21 kr.

218 664 75 20 Såsom
309 663 75 26 bidrag
399 663 33 20 till
448 662 158 27 uppehållande
622 669 26 14 av
664 662 162 26 bergsskolorna
842 663 6 19 i
864 662 106 26 Filipstad
987 662 39 20 och
1042 662 56 23 [19251]
1115 663 18 20 1:8
1144 661 24 22 |
1294 660 23 24 6)
1337 664 9 20 11
1399 654 101 29 818118
1510 664 52 19 Al99])
1594 663 68 20 19:56

232 693 69 21 Falun
321 694 84 20 anvisas
424 693 32 20 för
472 693 125 26 budgetåret
614 691 125 29 1925/1926
756 693 70 19 såsom
842 692 75 26 bidrag
932 692 50 20 med
999 691 26 29 ?/;
1106 687 57 37 p.216
1316 696 1 27 |

233 723 33 21 till
290 723 143 21 kostnaderna
454 723 33 20 för
505 723 163 20 verksamheten
687 722 37 21 vid
739 722 100 20 skolorna
854 722 68 20 under
938 722 59 20 tiden
1016 723 21 26 1/
1316 724 1 18 gl

232 753 41 27 juli
291 753 116 20 1925—30
423 753 48 27 juni
488 752 56 21 1926
561 754 30 19 ett
607 754 60 19 extra
682 752 74 26 anslag
772 759 26 13 av
814 752 27 20 45
852 751 42 21 210
905 752 40 24 kr.,
957 753 81 24 såsom
1021 747 19 37 |
1221 748 1 4 |
1316 744 1 24 |

168 781 1 29 I
232 783 87 21 särskilt
334 783 74 26 bidrag
419 783 50 20 med
485 781 26 29 ?/,
524 783 32 20 till
568 782 143 26 ålderstillägg
722 783 23 19 åt
755 782 67 20 lärare
833 782 39 20 och
883 780 155 22 vaktmästare
1021 776 15 38 |
1317 784 42 23 a
1423 797 1 3 I
1676 800 1 6 |

168 811 1 3 I
233 815 31 18 ett
279 815 60 18 extra
355 813 73 25 anslag
443 819 26 14 av
487 813 7 20 1
508 812 42 21 230
566 813 31 20 kr.
615 812 51 21 eller
681 812 92 26 tillhopa
789 812 27 20 46
826 812 43 19 440
885 812 31 20 kr.
1317 808 1 27 a
1475 821 1 3 ON
1676 809 1 8 |

1168 852 1 10 |
1423 851 1 3 I

219 867 75 20 Såsom
311 867 74 26 bidrag
400 867 33 20 till
450 866 158 27 uppehållande
625 873 25 13 av
667 865 161 27 bergsskolorna
843 866 7 19 i
866 865 106 27 Filipstad
988 866 39 19 och
1043 865 56 23 [19261
1116 867 18 20 1:8
1275 837 1 50 |
1295 867 23 22 6)
1339 867 7 20 1|
1400 860 101 27 8l1i7118
1511 867 57 19 Ala]
1593 866 84 27 28:95]

233 897 70 20 Falun
319 897 84 20 anvisas
418 897 33 20 för
467 896 124 26 budgetåret
608 895 125 28 1926/1927
751 895 45 21 dels
812 896 70 20 såsom
893 895 74 26 bidrag
978 895 49 20 med
1108 893 61 35 p.187/
1275 900 43 20 >
1424 900 1 18 I
1676 903 1 25 |

234 926 27 27 3/;
278 927 34 20 till
335 927 143 20 kostnaderna
492 927 33 19 för
540 926 164 21 verksamheten
719 925 37 21 vid
771 925 100 21 skolorna
886 925 68 20 under
969 925 58 20 tiden
1317 922 1 21 I
1532 933 1 8 I
1676 937 1 4 I

235 957 10 19 1
263 957 41 27 juli
322 957 116 20 1926—30
454 957 48 26 juni
520 956 55 20 1927
593 958 30 19 ett
639 958 60 18 extra
714 955 74 26 anslag
798 962 26 14 av
835 955 28 21 45
876 955 42 20 210
930 955 38 25 kr.,
982 955 46 20 dels

234 987 39 20 ock
289 987 70 20 såsom
376 986 86 21 särskilt
477 986 74 26 bidrag
566 986 50 20 med
633 984 27 29 ?/;
677 986 33 20 till
725 985 143 26 ålderstillägg
878 986 22 19 åt
911 985 66 21 lärare
988 985 39 20 och
1222 1000 1 3 |
1425 987 1 8 |
1677 989 1 23 |

235 1017 143 20 vaktmästare
389 1018 30 19 ett
430 1018 60 19 extra
502 1016 74 26 anslag
586 1023 26 14 av
625 1016 10 20 1
646 1015 42 21 230
700 1016 31 20 kr.
744 1016 51 20 eller
805 1015 91 27 tillhopa
907 1015 27 20 46
945 1015 42 20 440
996 1015 30 20 kr.
1276 1001 1 34 ja
1425 997 1 51 |
1677 1013 1 19 |

1317 1027 2 12 I

219 1070 75 21 Såsom
319 1070 74 26 bidrag
418 1069 49 21 med
491 1069 26 27 3/;
538 1076 26 14 av
580 1069 143 21 kostnaderna
739 1070 33 19 för
787 1068 158 27 uppehållande
961 1064 68 36 under
1037 1070 97 19 19271:
1145 1056 25 33 8
1276 1093 1 3 I
1296 1053 23 36 6/
1402 1065 100 26 811218
1512 1070 52 19 Also!
1597 1069 31 19 16:
1640 1074 25 15 20
1665 1061 19 36 |
1698 1069 32 19 17:
1742 1074 23 14 46
1764 1061 15 36 |

233 1100 59 20 tiden
318 1100 11 20 1
346 1100 41 27 juli
408 1099 115 21 1927—30
542 1100 49 26 juni
612 1099 55 20 1928
686 1106 26 13 av
728 1098 164 21 verksamheten
908 1098 36 21 vid
961 1095 78 29 bergs-
1026 1091 6 40 |
1108 1095 62 36 p.216)
1276 1101 1 3 far
1778 1096 2 5 |

234 1130 100 20 skolorna
348 1130 7 20 i
371 1129 106 27 Filipstad
493 1130 40 19 och
546 1129 69 20 Falun
626 1129 85 20 anvisas
721 1129 34 20 för
766 1128 124 26 budgetåret
903 1127 125 28 1927/1928
1223 1136 1 8 |
1318 1126 1 38 |

234 1162 31 18 ett
280 1161 60 19 extra
356 1160 74 25 anslag
445 1166 26 14 av
486 1159 28 20 46
525 1159 41 20 590
584 1159 29 20 kr.
1169 1147 1 19 |

220 1213 74 21 Såsom
318 1213 75 26 bidrag
415 1212 50 21 med
489 1211 26 28 ?/;
539 1219 26 14 av
580 1212 144 20 kostnaderna
739 1212 33 20 för
787 1211 158 27 uppehållande
961 1211 68 21 under
1044 1211 57 22 1928)
1117 1213 41 19 1:8
1297 1208 23 28 6)
1339 1213 10 20 1

234 1243 59 20 tiden
319 1243 9 20 1
354 1243 41 26 juli
416 1242 116 21 1928—30
548 1242 48 27 juni
613 1242 56 20 1929
687 1249 25 13 av
728 1241 164 21 verksamheten
908 1241 36 20 vid
950 1237 78 46 bergs:
1038 1256 2 23 |
1109 1253 18 16 p.
1223 1254 2 4 I
1319 1239 1 4 |

234 1273 100 20 skolorna
349 1273 7 19 i
372 1272 105 27 Filipstad
488 1272 40 20 och
539 1272 69 20 Falun
623 1272 83 20 anvisas
720 1272 32 20 för
766 1271 125 26 budgetåret
903 1270 125 28 1928/1929
1224 1281 1 8 |

234 1304 30 19 ett
280 1304 60 19 extra
355 1302 74 26 anslag
445 1308 26 14 av
487 1302 27 20 47
524 1301 43 21 040
584 1301 30 20 kr.
632 1303 31 19 att
679 1302 50 25 utgå
745 1301 68 20 under
824 1301 56 20 vissa
891 1301 86 23 villkor;
990 1301 39 20 och
1224 1301 1 21 |

234 1332 96 21 anhåller
349 1333 37 19 RD
403 1339 35 13 om
454 1331 115 26 utredning
585 1331 107 21 huruvida
707 1331 40 20 och
763 1330 69 21 under
847 1331 59 20 vilka
921 1331 108 20 förutsätt-
1224 1344 1 13 |

234 1363 75 25 ningar
316 1369 26 14 en
349 1362 196 26 sammanslagning
552 1368 26 14 av
584 1361 160 27 ifrågavarande
751 1360 132 27 bergsskolor
889 1361 36 20 må
932 1362 38 24 äga
977 1367 54 13 rum.
1040 1367 1 14 |
1170 1361 55 25 ed

1224 1396 1 17 I

221 1416 74 20 Såsom
319 1416 74 25 bidrag
416 1415 50 21 med
490 1414 26 27 ?/;
541 1422 26 13 av
583 1414 143 21 kostnaderna
741 1415 33 20 för
789 1414 159 27 uppehållande
964 1387 68 58 under
1040 1391 58 45 /1929
1147 1400 78 35 Sie
1298 1415 51 20 6):1

235 1446 59 21 tiden
303 1446 11 20 1
322 1446 41 26 juli
373 1445 116 21 1929—30
497 1445 48 27 juni
555 1444 56 21 1930
621 1451 25 14 av
655 1445 162 20 verksamheten
826 1444 35 20 vid
870 1444 162 26 bergsskolorna
1110 1450 57 22 p.238

235 1477 8 19 i
258 1476 106 26 Filipstad
380 1476 39 20 och
435 1475 69 21 Falun
516 1475 84 20 anvisas
612 1475 32 20 för
655 1474 125 26 budgetåret
792 1473 125 29 1929/1930
930 1476 30 19 ett
971 1476 60 18 extra
1171 1482 1 15 |
1319 1491 1 3 I

235 1506 74 26 anslag
325 1513 26 13 av
366 1506 27 19 47
404 1505 42 21 550
463 1505 31 20 kr.
512 1506 31 19 att
559 1505 51 26 utgå
625 1505 68 20 under
708 1505 57 20 vissa
780 1504 85 21 villkor.
1040 1519 1 39 |
1171 1508 1 22 |
1319 1508 2 24 |

220 1559 75 21 Såsom
311 1559 74 26 bidrag
400 1559 33 20 till
450 1558 159 28 uppehållande
625 1565 26 13 av
667 1558 163 20 verksamheten
846 1558 37 20 vid
894 1558 136 25 bergsskolan
1040 1557 63 23 1930]
1118 1558 42 20 1:8
1224 1566 2 14 I
1298 1559 23 23 6)
1340 1559 10 20 1|
1404 1548 68 31 818718
1541 1563 22 15 Alvil]
1598 1557 67 20 18:81
1679 1553 1 33 |
1699 1557 68 20 19:98

234 1590 8 20 i
258 1589 105 27 Filipstad
386 1589 85 21 anvisas
494 1589 34 20 för
550 1588 127 26 budgetåret
693 1587 123 26 1930/1931
836 1589 30 19 ett
882 1590 60 18 extra
957 1588 75 25 anslag
1102 1584 25 36 p-
1132 1582 40 37 243|
1224 1601 2 8 |
1320 1587 43 23 Rd
1427 1584 1 25 I
1535 1590 1 24 |

236 1626 26 14 av
286 1619 79 20 20000
382 1619 30 20 kr.
430 1621 31 18 att
477 1619 51 26 utgå
544 1618 69 20 under
628 1618 57 20 vissa
699 1618 87 24 villkor;
804 1618 39 20 och
859 1618 85 20 anvisas
960 1618 70 20 såsom
1427 1613 1 5 I

236 1649 75 26 bidrag
326 1649 50 20 med
387 1648 27 27 ?/;
427 1656 26 13 av
463 1648 144 20 kostnaderna
617 1648 33 20 för
661 1648 117 25 ersättning
788 1648 22 20 åt
821 1648 210 25 befattningshavare
1171 1657 1 3 I
1320 1652 1 13 |

236 1679 37 20 vid
295 1679 137 26 bergsskolan
448 1679 7 19 i
471 1678 68 20 Falun
564 1678 53 20 efter
633 1677 81 21 dennas
730 1677 143 26 nedläggning
888 1677 33 20 för
936 1677 96 20 nämnda
1171 1692 2 5 I
1320 1666 1 48 |

237 1709 102 25 budgetår
362 1710 30 19 ett
415 1711 59 18 extra
497 1708 74 25 anslag
596 1714 25 13 av
647 1707 78 20 10020
744 1707 31 20 kr.
793 1709 31 18 att
838 1707 51 26 utgå
905 1707 68 20 under
989 1707 42 20 viss
1781 1720 1 6 |

237 1735 161 34 förutsättning.
1172 1736 1 3 I

248 1773 23 18 Se
284 1773 35 17 ock
333 1773 171 23 Dyrtidstillägg
516 1772 95 22 (1921:11;
626 1772 50 17 1922:
686 1777 14 15 e;
714 1771 52 18 1923:
775 1777 15 15 9;
804 1771 51 18 1924:
865 1777 14 15 7;
893 1771 52 18 1925:
954 1777 16 14 4;
980 1771 51 18 1926:

1321 1768 1 8 |

261 1802 26 15 19;
308 1797 87 20 1927:10;
417 1796 76 19 1928:9;
515 1796 76 20 1929:0;
660 1782 44 41 12),
725 1795 201 22 Löneförbättring,
947 1795 86 22 tillfällig
1172 1800 1 4 I
1321 1782 1 40 |

259 1821 60 22 (1926:
328 1825 14 15 1;
356 1821 51 17 1927:
417 1826 14 15 5;
446 1820 51 18 1928:
506 1821 22 20 9),
541 1819 110 22 Olsson,
625 1815 31 32 A.
669 1819 65 22 (1925).
1321 1824 1 32 |

1321 1876 1 8 I

191 1874 168 26 Bergsstaten;
374 1882 22 14 se
413 1873 191 29 Bergshantering.

192 1933 158 27 Bergstrand,
366 1933 23 22 C.
406 1933 32 24 G.,
453 1935 15 19 f.
485 1934 20 20 d.
523 1936 60 18 extra
598 1933 134 21 lantmätare.

222 1966 53 25 Ang.
283 1965 90 26 pension
381 1965 80 20 åthans
469 1964 57 20 änka
534 1964 39 20 och
583 1963 78 25 dotter;
671 1970 22 14 se
702 1962 124 26 Pensioner,
836 1963 107 27 beviljade
950 1963 81 26 (1925).

192 2016 156 28 Bergstrand,
364 2017 24 21 E.
404 2016 33 28 A.,
453 2018 15 20 f.
485 2018 20 20 d.
522 2017 209 21 distriktsveterinär.

222 2049 53 26 Ang.
292 2049 90 26 pension
398 2049 22 19 åt
435 2048 54 21 hans
505 2048 64 24 änka;
587 2054 22 14 se
625 2046 124 26 Pensioner,
766 2047 106 26 beviljade
887 2047 81 26 (1922).
