1840 2351
169 70 42 20 364

188 249 117 26 Fångvård.

216 285 31 20 13.
264 285 61 20 RD:s
338 285 114 20 revisorers
464 291 58 14 anm.
536 286 40 19 rör.
589 285 102 26 åtgärder
703 285 5 19 i
721 285 57 26 syfte
790 286 35 19 att
838 285 117 26 nedbringa
969 285 37 20 det
1017 286 59 19 stora

186 315 84 20 antalet
284 315 217 26 fångförflyttningar
515 315 72 26 lägges
601 315 32 19 till
649 314 164 27 handlingarna.

215 344 41 20 RD
276 345 79 26 uppför
373 345 12 19 å
404 345 80 19 allmän
504 344 179 26 beredskapsstat
701 344 96 26 följande
816 344 81 26 anslag,
918 344 106 26 nämligen
1045 345 31 19 till

186 374 202 26 fångvårdsanstalt
400 374 59 20 invid
472 374 126 26 Jönköping
610 374 51 20 eller
672 374 156 20 motsvarande
842 374 7 20 1
861 374 41 20 500
910 374 41 20 000
964 374 39 23 kr.,
1016 374 61 26 fång-

185 404 150 20 vårdsanstalt
351 404 60 20 invid
429 400 81 24 Örebro
529 404 60 20 1500
598 404 41 20 000
656 404 39 23 kr.,
714 404 131 20 bostadshus
862 404 36 20 vid
915 404 161 26 sinnessjukav-

186 434 113 26 delningen
312 434 12 20 å
338 434 62 26 Håga
412 434 41 20 205
462 434 41 20 000
514 434 40 22 kr.,
567 434 229 26 gymnastikbyggnad
809 434 36 20 vid
859 434 216 26 ungdomsanstalten

186 464 6 20 i
208 464 96 26 Uppsala
322 464 38 20 100
369 464 41 20 000
424 464 40 22 kr.,
480 463 229 27 gymnastikbyggnad
725 464 36 19 vid
777 463 217 26 ungdomsanstalten
1010 464 6 20 i
1032 464 45 25 Ny-

185 494 81 26 köping
288 494 88 19 100000
395 494 32 19 kr.
448 495 57 18 samt
524 494 230 26 gymnastikbyggnad
775 493 36 20 vid
832 493 217 26 ungdomsanstalten
1070 493 6 20 i

186 524 70 19 Ystad
272 524 38 19 100
318 524 42 19 000
372 523 32 20 kr.

214 554 25 19 Se
257 553 39 20 ock
315 552 145 24 Alkololister,
480 553 174 26 Byggnadsväsen
673 553 70 25 (1946:
756 553 26 25 4),
802 553 174 25 Fastighetsfond,
996 554 81 19 Statens

185 583 109 20 allmänna
308 583 70 26 (1944:
391 586 17 20 2,
425 585 17 21 3,
461 585 29 21 13,
509 583 58 20 1945:
580 585 16 20 2,
614 583 58 19 1946:
686 585 16 20 2,
720 583 58 19 1947:
794 585 14 21 1,
826 583 58 20 1948:
897 585 17 21 2;
932 583 58 22 1949,
1008 583 67 25 1950);

186 613 151 26 Frihetsstraff,
350 613 148 22 Industrihem,
511 612 179 27 Interpellationer
699 613 69 25 (1942:
781 615 29 21 13,
823 612 58 20 1948:
891 615 31 20 65,
934 612 58 20 1949:
1004 615 31 20 40,
1045 615 30 20 46,

189 643 52 25 145),
259 642 244 27 Olycksfallsförsäkring
519 642 70 26 (1945:
602 643 26 25 7),
646 642 133 26 Olycksfalls-
790 642 36 20 och
837 642 239 26 yrkessjukdomsersätt-

184 673 53 25 ning
252 673 80 25 (1942),
348 672 210 26 Personlighetsvård,
573 672 162 26 Propositioner,
751 672 101 20 bebådade
867 672 69 26 (1947:
949 672 26 25 3),
986 672 91 26 Skydds-

184 702 52 24 hem,
261 702 203 26 Ungdomsfängelse,
489 702 310 26 Ungdomsfängelsenämnden,
825 702 109 26 Villkorlig
954 702 121 26 frigivning.

185 742 62 22 FÅR.
659 742 3 3 3

212 774 56 26 Ang.
288 775 46 19 rätt
352 775 35 19 att
405 774 101 26 utsläppa
526 774 33 19 får
579 774 26 26 på
624 775 136 25 gemensamt
779 774 55 23 bete;
854 780 21 13 se
898 773 179 27 Interpellationer

185 804 69 25 (1944:
269 804 39 26 18).

185 842 135 23 FÅRAVEL.

215 881 17 21 1,
248 881 40 20 Till
300 881 109 20 fåravelns
422 881 149 26 befrämjande
583 880 86 21 anvisas
682 881 26 20 28
717 881 41 20 000
769 881 32 19 kr.

212 941 20 20 2.
250 941 41 20 RD
307 941 72 20 avslår
393 940 108 20 motioner
515 947 34 13 om
565 941 101 26 åtgärder
680 941 34 19 för
728 947 25 13 en
769 941 69 19 snabb
853 940 81 26 ökning
948 946 28 14 av
991 940 85 20 landets

185 971 97 19 fårstam.

215 1012 16 20 1.
248 1012 40 20 Till
302 1012 108 20 fåravelns
424 1012 149 26 befrämjande
586 1011 87 20 anvisas
686 1012 23 19 31
721 1012 41 20 000
775 1012 31 19 kr.

212 1072 20 19 2.
249 1071 42 19 RD
304 1071 103 22 anhåller,
420 1072 35 18 att
467 1071 63 19 KM:t
542 1071 69 19 måtte
624 1072 49 24 taga
688 1070 68 20 under
767 1070 152 26 övervägande
931 1070 101 26 åtgärder
1045 1070 31 20 till

184 1100 117 26 stödjande
313 1107 27 13 av
353 1100 129 20 fårskötseln
495 1100 58 20 inom
566 1100 81 20 landet.

213 1131 26 19 Se
252 1130 40 20 ock
306 1130 70 20 Enkla
389 1130 69 26 frågor
470 1130 70 25 (1942:
555 1129 24 26 1),
593 1129 160 26 Husdjursavel,
771 1129 178 27 Interpellationer
962 1129 70 25 (1942:
1045 1132 31 20 56,

187 1160 58 20 1945:
258 1160 26 25 6),
296 1159 272 26 Lantbruksundervisning
580 1159 70 25 (1945:
663 1161 16 21 7,
696 1159 58 20 1946:
768 1159 25 25 7).

185 1197 159 28 FÅRÖSUND;
357 1207 22 14 se
392 1201 101 20 Marinen
507 1201 61 26 (1941
581 1201 27 19 H:
623 1203 29 21 10,
668 1200 58 20 1944:
739 1200 40 26 51).

185 1238 100 29 FÄGER,
298 1243 28 19 K.
340 1243 32 24 0.,
385 1243 15 19 f.
411 1243 20 20 d.
446 1243 150 19 banarbetare.

214 1278 41 20 RD
267 1278 72 20 avslår
350 1278 83 20 motion
446 1284 34 14 om
493 1278 89 26 pension
594 1278 23 20 åt
629 1278 86 20 honom.

185 1333 272 28 FÄLTARKEOLOGER;
477 1344 22 13 sc
522 1337 123 23 Viltterhets-,
666 1337 93 20 historie-
778 1337 36 20 och
834 1337 242 20 antikvitelsakademien

213 1367 69 25 (1945:
296 1367 26 25 2).

185 1404 219 29 FÄLTARTISTER;
417 1415 22 13 se
454 1409 163 20 Försvarsväsen
631 1408 69 26 (1943:
714 1408 39 25 23).

185 1446 280 28 FÄLTKRIGSRÄTTER;
477 1456 22 14 se
512 1450 134 26 Krigsrätter.

185 1487 236 25 FÄLTSJUKHUSET
432 1492 9 20 I
454 1492 107 23 KOREA;
574 1498 21 13 se
608 1491 76 20 Hälso-
696 1491 35 20 och
743 1491 100 26 sjukvård
855 1491 69 26 (1950:
937 1491 26 25 3).

185 1529 196 29 FÄLTSKÄRER;
395 1540 22 13 se
429 1533 156 20 Läkarkonsten
600 1533 79 26 (1945).

185 1570 260 29 FÄNGELSESTRAFF;
459 1581 21 14 se
495 1575 133 26 Straffarbete
641 1575 79 25 (1943).

185 1612 243 29 FÄNGELSEVÄSEN;
442 1623 21 13 se
478 1616 151 26 Frihetsstraff,
645 1616 118 26 Fångvård.

185 1654 218 25 FÄRJESTADENS
416 1658 273 24 JORDBRUKSKASSA;
702 1664 21 13 se
736 1657 183 21 Jordbrukskredit
932 1657 63 26 (1944
1006 1658 37 25 H).

185 1695 159 29 FÄRNGREN,
362 1700 20 20 J.
400 1700 34 24 A.,
451 1700 45 20 f.d.
515 1700 121 20 överlärare
654 1699 36 20 vid
708 1699 100 20 tekniska
826 1699 75 20 skolan
920 1699 5 20 i
944 1699 132 23 Stockholm;

213 1736 22 13 se
245 1730 116 20 Pensioner
372 1730 80 26 (1948).

186 1767 383 28 FÄRSKVARUTRANSPORTER;
583 1777 21 14 se
620 1771 179 26 Interpellationer
812 1771 69 25 (1942:
894 1771 40 25 51).

186 1808 140 25 FÄRÖISKA
338 1813 162 20 LAGTINGET.

214 1849 42 20 RD
277 1849 143 26 bemyndigar
439 1848 136 27 fullmäktige
596 1848 5 20 i
622 1848 209 26 riksgäldskontoret
850 1849 35 19 att
904 1854 28 14 av
952 1848 38 19 det
1010 1848 68 20 under

186 1878 140 21 huvudtiteln
344 1878 125 26 Riksdagen
487 1879 39 19 och
544 1878 47 20 dess
608 1878 53 20 verk
678 1884 28 14 m.
716 1884 29 13 m.
763 1878 108 26 uppförda
888 1877 190 26 förslagsanslaget

185 1908 32 20 till
230 1908 131 26 Riksdagen:
373 1904 80 30 Övriga
465 1908 155 20 omkostnader
631 1908 113 26 disponera
755 1909 34 18 ett
799 1907 78 26 belopp
888 1913 28 14 av
928 1908 63 25 högst
1001 1907 26 20 25
1036 1907 41 20 000

185 1938 32 20 kr.
229 1938 33 20 för
272 1938 145 20 anskaffande
428 1944 28 13 av
467 1944 26 13 en
506 1938 106 25 bokgåva,
624 1938 35 19 att
669 1938 71 19 såsom
752 1937 162 26 hyllningsgärd
926 1937 47 20 från
984 1937 93 20 svenska

186 1967 42 20 RD
242 1967 139 26 överbringas
393 1967 33 20 till
439 1968 38 19 det
489 1967 93 20 färöiska
596 1967 112 26 lagtinget.

214 2009 123 20 Kamrarna
348 2009 85 20 besluta
443 2009 45 20 låta
499 2009 31 26 sig
541 2010 158 25 representeras
709 2014 27 14 av
747 2008 46 20 sina
804 2008 83 20 talmän
898 2008 51 19 eller
959 2008 6 19 i
976 2008 101 20 händelse

185 2044 28 14 av
230 2039 72 20 förfall
319 2039 33 19 för
369 2039 55 22 dem,
442 2044 28 14 av
487 2038 120 20 ledamöter
623 2044 28 14 av
668 2038 123 23 kamrarna,
809 2044 46 13 som
872 2038 127 20 talmännen
1016 2037 6 20 i
1039 2038 39 19 sitt

185 2068 63 20 ställe
265 2070 55 21 utse,
337 2068 37 20 vid
392 2068 180 20 överlämnandet
588 2074 28 14 av
633 2068 41 20 den
692 2068 100 26 bokgåva
808 2067 33 20 till
858 2068 121 19 Färöarnas
996 2067 82 26 lagting

186 2104 46 14 som
246 2098 53 20 1949
312 2098 34 20 års
359 2098 42 20 RD
414 2098 103 20 beslutat.

1233 157 90 28 Motioner
1381 160 78 17 Utskott
1539 172 17 8 -
1624 160 94 16 Protokoll

1098 181 25 19 År
1120 177 16 32 |
1146 185 53 20 Prop.
1347 197 8 1 I

1227 214 32 16 FK
1266 210 19 30 |
1290 214 34 16 AK
1346 214 86 16 |SmllAvd!
1456 214 26 16 Nr
1602 215 32 15 FK
1700 214 34 16 AK

1096 286 28 20 501]
1166 298 27 1 —I
1237 297 27 2 —I
1301 297 28 2 —I
1364 285 124 20 61—11771]
1528 286 106 19 —I121:5
1680 286 68 19 21:82

1450 323 14 11 8.
1477 318 10 16 6

1107 351 8 13 »'
1131 341 18 35 |
1155 345 37 20 1261.
1237 357 27 2 —)
1302 345 249 20 —):61—]195:1-:371:1
1579 345 169 20 29::51:1-29::39

1147 382 15 11 s.
1175 377 24 17 43

1097 881 25 20 411
1154 881 39 19 1:91]
1236 893 28 2 —I
1302 880 122 20 —1101—
1478 881 7 19 1
1541 880 105 20 9115:14
1656 876 18 33 1
1681 880 67 19 15:38

1145 914 21 20 pt
1176 912 24 18 57
1443 912 47 17 s.37

1107 947 8 13 »
1123 935 28 36 |
1166 940 258 20 —]1181162110|]—1]
1465 940 24 20 461
1527 940 84 20 —]29:
1622 941 24 18 44
1678 939 33 20 130:
1723 941 25 17 47

1097 1012 26 19 42]
1155 1012 38 19 1:9
1210 1008 7 33 |]
1237 1024 27 2 —I
1302 1012 122 19 —]10/—
1478 1012 8 19 :
1541 1012 13 19 91
1581 1011 30 20 13:
1623 1011 39 20 53d|
1682 1011 24 19 12:
1727 1013 37 17 122

1145 1045 21 19 pt
1176 1043 25 17 59
1444 1043 46 17 s.54

1107 1077 8 12 »
1166 1082 27 2 —
1194 1065 19 35 1
1237 1071 26 20 57|
1301 1070 123 20 —]10!1—]
1462 1070 27 20 341
1513 1070 98 20 261118:
1623 1072 24 17 80
1652 1065 22 35 |
1682 1069 30 20 19:
1723 1072 23 16 61

1098 1248 27 20 481
1166 1260 27 2 —
1198 1243 18 34 I
1237 1248 91 20 —1205]
1364 1248 61 20 8I—1|
1465 1248 24 19 16]
1527 1247 119 21 —115:33
1655 1243 17 34 |
1681 1247 25 20 15:
1724 1249 25 17 99

1444 1285 15 11 s.
1469 1280 22 17 10

1098 1848 27 20 491]
1167 1859 26 3 —
1223 1847 106 21 1[22111951
1364 1848 61 19 81—]
1464 1848 26 19 201
1529 1859 27 2 —IJ
1583 1847 30 20 12:
1628 1849 36 18 1001
1684 1847 30 19 13:
1728 1849 37 17 107

1098 2008 27 20 SÖ
1167 2019 99 3 salar
1399 2019 93 2 ——]
1529 2019 28 2 —1
1595 2007 53 20 7:81
1655 2003 27 35 |
1695 2007 54 20 7:13
