1804 2331
138 69 38 18 236
824 68 223 20 SAKREGISTER

1061 180 15 20 A
1196 160 88 16 Motioner
1351 156 69 29 Utskott
1469 172 51 16 Skiv
1574 157 103 29 Protokoll

1077 188 9 12 r
1087 180 18 28 |
1109 184 52 20 Prop.
1487 200 22 12 KR

1192 214 29 16 FK
1227 210 23 29 |
1256 214 32 16 AK
1311 200 43 47 Smll
1356 200 45 47 Avd]
1420 214 26 16 Nr
1567 214 29 16 FK
1665 215 32 17 AK

155 254 76 20 Enkla
239 254 81 25 frågor

200 285 32 19 Nr
245 284 27 20 52
290 284 64 23 (herr
366 284 115 23 Håstad):
495 285 44 20 Om
553 284 216 25 upprätthållandet
782 290 28 14 av
823 284 175 25 sändningarna
1011 283 82 25 pål5ä6|
1134 298 26 3 —I
1204 299 26 2 —I
1269 298 26 3 —Il
1323 298 25 3 =—l
1371 299 25 2 —
1429 298 26 3 —I
1495 299 25 2 —I
1569 299 25 2 —
1635 288 36 20 132:
1687 293 10 15 9

200 314 97 25 kortvåg
306 314 35 20 till
351 314 112 20 utlandet.
1065 314 23 22 H

199 344 32 20 Nr
248 344 27 20 53
295 344 94 23 (fröken
408 344 186 23 Wetterström):
611 344 44 20 Om
672 344 43 20 den
731 343 232 21 otillfredsställande
979 344 61 19 löne-|
1063 344 30 22 56]
1133 358 26 2 —I|
1204 358 25 3 —|
1270 358 25 3 —I
1323 358 26 3 —A
1371 358 25 2 —
1429 358 26 3 —JI
1495 359 25 2 —I
1569 359 25 2 —
1636 347 35 21 132:
1688 352 21 15 14

200 374 142 20 situationen
357 374 36 20 för
406 373 203 21 heltidsanställda
624 373 103 20 musiker
741 373 37 20 vid
792 373 91 21 landets
897 373 143 20 statsunder-|
1065 374 23 22 H

200 404 83 20 stödda
292 403 247 26 orkesterföreningar.

200 433 31 20 Nr
247 433 28 20 54
293 433 65 23 (herr
372 433 131 25 Hagberg):
519 433 45 20 Om
579 433 107 25 åtgärder
701 435 47 19 mot
764 433 174 25 svårigheterna
952 434 34 20 att
1001 439 39 14 an-1
1063 433 30 22 56]
1134 447 25 3 —)
1204 448 25 2 —I
1270 448 25 2 —-I
1323 448 26 2 —I
1371 448 25 2 —
1429 448 26 2 —I
1495 448 25 2 —I
1569 448 25 2 —
1635 437 36 20 132:
1688 441 21 15 15

201 463 79 20 skaffa
290 463 54 25 olja.
1065 463 23 22 H

199 493 32 19 Nr
248 493 26 20 55
294 493 65 23 (herr
375 493 135 24 Almgren):
527 493 44 20 Om
587 493 152 25 värderingen
756 499 27 14 av
799 493 136 25 fastigheter,
950 493 38 20 vid
1003 493 90 22 be-1.56|
1108 489 22 33 .
1133 507 26 2 —I
1204 507 26 2 —I
1270 507 25 3 —I
1323 507 73 3 —=—!
1430 507 26 2 —h
1495 507 26 3 —Lh
1569 496 102 20 —-«<1!82:
1688 501 21 15 18

200 522 130 26 räkningen
340 529 28 13 av
379 522 154 25 folkpension.
1065 523 23 22 H

200 553 32 19 Nr
243 552 28 20 56
286 552 65 23 (herr
361 552 97 23 Helén):
471 553 44 20 Om
527 552 268 21 trafikrestriktionerna
806 552 74 20 under
890 552 45 25 jul-
945 553 44 20 och
1000 559 40 18 ny-1
1063 553 30 21 56]
1133 566 26 3 —I
1204 567 25 2 —I
1270 567 25 2 —-I
1323 567 25 2 —-
1371 567 25 2 —
1430 567 26 2 —I
1495 567 26 2 —I
1569 567 26 3 —
1636 556 35 20 133:
1687 560 22 15 49

199 578 157 33 årshelgerna.
1065 583 23 22 H

200 612 32 20 Nr
245 612 27 20 55
289 612 64 23 (herr
366 612 101 23 Cassel):
481 612 44 20 Om
539 612 177 25 förhandlingar
729 613 44 19 rör.
786 612 156 20 samfärdseln
955 612 84 20 mellan
1046 608 13 34 |
1063 613 30 21 56]
1134 626 25 3 —I
1204 626 25 3 —I
1270 626 25 3 —I
1323 626 26 3 —I
1370 626 26 2 —
1430 626 26 3 —I
1496 627 25 2 —I
1569 627 26 2 —
1636 615 35 21 133:
1687 620 20 15 51

200 642 75 25 Norge
284 642 44 20 och
338 642 97 25 Sverige.
1065 642 23 22 H

200 672 32 20 Nr
244 672 27 20 58
286 672 65 23 (herr
361 671 115 24 Kilsmo):
488 672 45 20 Om
544 672 27 20 de
583 678 45 19 nya
640 672 255 25 prisbestämmelserna
907 672 29 25 på
946 672 49 20 ved.
1063 672 30 22 56
1134 686 25 2 —
1164 668 37 36 1.
1204 686 25 3 —]
1293 686 2 3 I
1323 686 133 3 ———b
1496 686 25 2 —L|
1569 686 26 3 —
1636 675 35 20 138:
1688 680 21 15 53

1065 702 23 22 H

200 732 32 19 Nr
247 731 26 20 59
291 731 65 24 (herr
369 731 143 24 Senander):
527 731 44 21 Om
585 731 107 26 åtgärder
706 732 6 20 i
727 731 60 26 syfte
800 733 34 19 att
847 732 71 25 hejda
932 732 161 25 prissteg-156|.
1134 746 26 2 —I:
1204 746 26 2 —I|
1270 746 78 2 —I—I
1371 746 25 2 —
1430 746 26 2 —LJ
1496 746 25 2 —]1)
1570 746 25 2 4—:-
1636 735 35 20 138:
1688 739 21 16 55

201 755 88 35 ringen.
1065 762 23 22 H

200 791 32 20 Nr
249 791 27 20 60
298 791 64 23 (herr
380 791 101 23 Cassel):
500 791 44 20 Om
562 791 94 25 dispens
673 791 53 20 från
743 792 106 24 gällande
866 791 175 21 bestämmelser
1064 792 29 22 56]
1134 806 26 2 —I
1204 806 26 2 —I|
1270 805 25 3 —I
1324 805 25 3 —
1371 806 26 2 —
1430 805 26 3 —I
1496 806 25 2 —I
1569 805 26 3 —
1636 795 35 20 133:
1687 799 22 15 56

201 826 38 14 om
248 820 217 26 besiktningstvång
475 821 6 20 i
492 821 113 20 samband
616 822 51 19 med
678 821 207 26 återregistrering.
1065 822 23 22 H

200 851 32 19 Nr
245 851 25 20 61
288 851 64 23 (herr
363 851 93 20 Nilsson
468 851 7 20 i
487 851 207 23 Bästekille)
629 847 22 34 :
652 847 40 34 Om
706 851 107 25 åtgärder
824 852 7 19 i
843 851 85 20 kredit-
940 852 43 20 och
995 852 45 20 för-1
1064 852 29 22 56]
1134 866 26 2 —I
1204 865 26 3 —I
1270 865 26 3 —I
1324 865 25 3 —
1371 866 25 2 —
1430 865 26 2 —JI
1496 865 25 2 —JI
1569 865 26 3 —
1636 854 35 20 133:
1687 859 22 15 69

200 880 241 25 säkringshänseende
460 881 51 20 med
530 880 45 20 anl.
594 887 27 14 av
639 881 27 20 de
685 880 117 25 förluster,
820 887 50 14 som
888 882 43 20 den
949 882 92 20 senaste]
1066 882 22 22 H

201 911 103 19 stormen
316 910 38 20 vid
367 910 102 20 skånska
481 910 123 20 ostkusten
617 910 145 21 förorsakats
773 911 62 20 vissa
848 911 94 20 fiskare.

200 940 32 20 Nr
248 940 27 20 62
295 940 92 23 (herrar
401 940 151 24 Hjalmarson
568 941 43 19 och
627 940 96 24 Ohlin):
740 941 44 20 Om
800 941 241 25 försvarsberedning-|
1064 942 30 21 56]
1134 955 26 2 —I|
1205 955 25 2 —I
1270 955 26 2 —I
1324 954 25 3 —
1371 955 26 2 —
1431 954 25 2 —I
1496 954 26 3 —I
1570 954 25 3 —
1636 944 73 20 -:133:107

201 975 41 15 ens
253 969 110 21 fortsatta
373 969 78 21 arbete
461 970 43 20 och
515 970 224 25 ställningstagande
750 970 34 21 till
795 970 140 25 ÖB-planen.
1066 972 23 21 H

189 1016 39 34 Nr
244 1020 9 19 1
270 1020 64 22 (herr
344 1020 116 24 Elofsson,
472 1020 107 25 Gustaf):
591 1021 44 19 Om
646 1021 139 24 tidpunkten
797 1021 36 19 för
843 1021 160 24 frisläppande
1013 1028 28 13 avl
1064 1025 30 21 57]
1135 1037 25 2 —|
1205 1038 25 2 —I
1271 1038 25 2 —I
1324 1037 25 2 —d
1372 1037 25 3 —-
1431 1037 25 2 —I
1496 1037 25 2 —J
1551 1026 20 19 3:
1587 1030 21 15 23

201 1049 190 25 fruktimporten.

200 1079 33 19 Nr
246 1079 12 20 2
275 1079 65 23 (herr
352 1079 115 23 Sundin):
482 1079 44 20 Om
540 1079 107 25 åtgärder
660 1080 34 20 till
708 1080 168 20 förhindrande
889 1087 28 13 av
930 1080 111 21 industri-l
1064 1084 30 22 57]
1135 1097 25 2 —I|
1205 1097 25 2 —I|
1271 1097 25 2 —I
1324 1097 26 2 —l
1372 1097 25 2 —-
1431 1096 25 3 —I
1496 1096 26 3 —I
1551 1084 20 20 4:
1587 1089 10 15 7

201 1108 117 25 spionage.

200 1138 32 20 Nr
244 1138 13 20 3
272 1138 65 23 (herr
348 1138 148 24 Lindblom):
509 1139 44 20 Om
565 1139 156 20 tillkallandet
732 1145 28 14 av
771 1139 148 26 sakkunniga
931 1140 36 20 för
978 1141 63 19 över-I
1064 1144 30 21 57]
1135 1156 25 2 —)|
1205 1156 26 3 —I|
1271 1156 25 2 —I
1325 1156 25 2 —I
1372 1156 25 3 —-
1431 1156 25 2 —I
1496 1156 26 2 —J
1551 1143 20 20 4:
1589 1148 20 15 12

200 1173 43 20 syn
253 1174 28 14 av
290 1168 118 20 allmänna
417 1168 145 25 hyreslagen.

200 1198 33 19 Nr
246 1197 13 20 4
274 1197 50 23 (fru
336 1198 141 23 Svensson):
491 1198 45 20 Om
549 1198 230 25 tobaksmonopolets
792 1199 164 25 annonsering.
1064 1203 30 21 IR:
1135 1216 25 2 fara
1205 1216 26 2 Soest
1271 1216 25 2 teet
1325 1216 25 2 Aili
1372 1216 25 2 rörs]
1431 1215 25 2 ser
1496 1215 26 2 boten
1551 1203 21 20 RE

200 1227 33 20 Nr
246 1227 12 20 5
275 1227 64 23 (herr
351 1227 123 24 Pålsson):
488 1228 44 20 Om
545 1228 152 25 obligatorisk
710 1229 101 20 kontroll
824 1235 28 14 av
864 1229 162 21 bilbeståndet.
1049 1223 14 35 Il
1064 1233 30 21 57]
1135 1245 25 3 —I
1205 1245 26 3 —I|
1271 1246 25 2 —I
1346 1246 5 2 I
1372 1246 25 2 I
1431 1245 25 2 —I
1497 1245 25 2 —JI
1551 1233 20 20 9:
1587 1237 10 15 7

201 1257 32 19 Nr
245 1257 13 20 6
274 1257 65 23 (herr
351 1257 111 24 Osvald):
476 1258 44 20 Om
533 1257 242 26 bullerstörningarna
787 1258 53 20 från
853 1260 32 19 ett
898 1259 143 25 storflygfältl
1064 1263 30 21 57]
1135 1275 25 2 —I
1205 1275 26 2 —I
1303 1275 1 2 I
1325 1275 72 3 tot
1431 1275 25 2 —I
1496 1275 26 2 —JI
1551 1263 21 20 9:
1587 1267 21 15 8

201 1286 30 25 på
241 1286 142 26 Skå-Edeby.

201 1317 32 19 Nr
248 1317 12 19 7
279 1317 64 23 (herr
357 1317 98 23 Åman):
471 1318 45 19 Om
531 1317 175 25 framläggande
720 1324 28 14 av
762 1324 65 19 prop.
841 1318 148 21 beträffande
1004 1322 90 21 av-I57|
1135 1335 25 2 —I
1205 1335 25 2 —I
1271 1335 79 2 bot
1372 1335 25 2 ot
1431 1334 25 2 I
1497 1322 75 20 —H0:
1588 1326 9 16 7

200 1346 117 26 dragsrätt
327 1346 36 20 för
372 1347 212 20 studieunderstöd.

189 1372 40 35 Nr
242 1376 11 21 8
268 1376 65 24 (herr
342 1376 166 24 Osvald):
462 1372 41 35 Om
518 1377 57 20 visst
585 1377 136 21 förfarande
730 1384 28 14 av
768 1377 115 26 åklagare.
1064 1381 88 22 SR
1154 1394 77 3 IRIS
1271 1394 25 2 LED
1325 1395 25 2 TANT
1372 1394 150 3 OPERERAS
1538 1381 34 20 RN
1587 1386 22 15 aå

200 1406 32 19 Nr
247 1406 13 20 9
278 1406 65 23 (herr
356 1406 135 24 Edström):
507 1407 44 20 Om
566 1407 46 20 rätt
627 1408 33 20 att
675 1408 107 19 använda
796 1407 124 26 biologiskt
935 1408 105 20 materiall
1064 1412 30 21 ä57l
1135 1424 25 2 —I
1205 1424 26 3 —|
1271 1424 127 3 II
1456 1423 1 3 I
1496 1411 76 20 —H5:
1587 1416 22 15 62

201 1435 36 20 för
246 1435 101 21 botande
357 1442 27 14 av
394 1436 117 25 sjukdom.

201 1465 31 20 Nr
248 1465 25 20 10
291 1465 64 23 (herr
367 1466 117 23 Arrhén):
498 1466 44 20 Om
555 1466 62 20 vissa
630 1467 137 20 uttalanden
781 1467 44 20 rör.
839 1467 161 21 anordnandet
1013 1474 28 14 av|
1065 1471 29 21 57]
1135 1484 25 2 —I
1205 1484 26 2 —I|
1271 1483 25 3 —I
1345 1461 7 35 dt
1391 1484 6 2 I
1431 1483 25 2 —I
1497 1470 100 20 —H8:4

201 1495 118 25 fyraåriga
329 1495 69 25 linjer
407 1496 7 19 i
424 1495 139 21 realskolan.

200 1525 32 19 Nr
247 1524 24 20 11
290 1525 65 23 (herr
367 1525 87 23 Huss):
468 1526 45 20 Om
526 1525 171 26 förebyggande
710 1533 28 13 av
751 1526 194 26 förgiftningsfall
958 1532 82 20 genom]
1065 1530 29 22 57]
1135 1543 25 2 —I
1205 1543 26 3 —I
1271 1543 25 2 —I
1325 1543 25 3 —lI
1372 1543 25 2 —I
1431 1542 25 3 —JI
1497 1530 112 20 —|22:105

201 1554 131 25 parathion.

200 1585 33 20 Nr
245 1585 26 20 12
285 1585 65 23 (herr
360 1585 206 23 Braconier)
499 1581 23 34 :
523 1581 39 34 Om
577 1586 144 25 redogörelse
732 1586 36 20 för
778 1586 27 20 de
816 1586 107 25 åtgärder
933 1592 50 15 som
993 1586 48 21 vid-Il
1064 1589 30 22 57]
1135 1602 25 3 —I
1205 1603 26 2 —I
1271 1602 25 3 —-I
1345 1581 7 34 pt
1372 1603 25 2 —
1431 1602 25 2 —I
1496 1602 26 2 —I
1570 1601 26 2 —
1653 1589 19 20 1:
1688 1594 22 15 20

200 1615 70 25 tagits
288 1614 35 20 för
339 1616 34 19 att
388 1615 183 25 omhändertaga
586 1616 28 20 de
629 1616 117 24 ungerska
761 1616 136 25 flyktingar,
912 1622 49 14 som
977 1617 64 19 kom-

200 1645 43 20 mit
252 1645 35 20 till
297 1645 98 25 Sverige.

200 1676 32 19 Nr
247 1675 25 20 13
289 1675 65 23 (herr
367 1675 143 25 Königson):
525 1675 44 21 Om
583 1675 184 21 arbetstillstånd
780 1675 37 21 för
830 1676 44 20 den
887 1676 154 20 konstfrusnal
1064 1679 30 21 57]
1135 1691 25 3 —I
1205 1691 26 3 —I
1271 1691 25 3 —bl
1347 1671 14 34 tt
1456 1691 1 3 I
1496 1690 26 3 —I
1570 1690 25 3 —
1654 1678 56 20 1:43

199 1705 99 20 isbanan
308 1705 37 20 vid
356 1705 202 25 Rambergsvallen
568 1706 7 19 i
585 1705 120 25 Göteborg.

199 1735 33 20 Nr
248 1735 27 20 14
294 1735 95 23 (fröken
405 1735 97 25 Vinge):
518 1735 45 21 Om
579 1736 229 24 skogsstatistiskens
824 1736 159 25 organisation
998 1736 43 20 ochl
1065 1738 29 22 57]
1135 1751 26 3 —I
1205 1751 26 3 —I
1306 1731 14 34 Il
1325 1751 72 2 —I—!
1431 1750 25 3 —I
1496 1750 26 3 —|
1570 1750 26 2 —
1652 1738 46 20 28

200 1765 154 25 förläggning.

199 1795 32 19 Nr
251 1795 25 20 15
299 1794 95 24 (fröken
402 1790 14 35 i
413 1795 187 23 Wetterström):
619 1795 44 20 Om
680 1795 241 25 passagerartrafiken
938 1795 30 25 -på
984 1795 57 21 Göta
1050 1790 14 35 |
1065 1798 29 21 57
1135 1811 25 2 —I
1206 1811 24 2 =
1271 1810 26 3 ol
1325 1811 72 2 do
1465 1790 21 35 lo
1496 1810 26 2 —-b
1688 1802 10 15 8

200 1825 78 20 kanal.

200 1855 32 19 Nr
245 1855 25 20 16
285 1854 94 23 (fröken
392 1855 205 23 Wallerius):
550 1850 42 35 Om
608 1855 133 25 ytterligare
752 1855 175 25 hjälpåtgärder
939 1856 36 19 för
985 1860 56 20 ung-|
1065 1857 29 22 57]
1135 1870 25 2 —I|
1205 1870 26 3 —|
1271 1870 26 2 —I
1325 1869 131 3 —bpoh
1521 1850 38 35 ho
1570 1868 25 3 —
1651 1857 59 20 2:140

200 1884 68 20 erska
279 1884 135 25 flyktingar.

200 1915 32 19 Nr
245 1915 26 20 17
287 1915 65 22 (herr
364 1914 108 21 Carlsson
484 1915 6 19 i
503 1915 216 23 Stockholm)
651 1910 9 35 :
668 1910 47 35 Om
731 1915 133 20 lättnader
847 1910 23 35 i
878 1915 66 20 dets.
956 1915 21 20 k.
989 1915 52 20 sön-I
1065 1917 29 21 57]
1135 1930 25 2 —I]I
1205 1930 25 2 —|
1271 1930 25 2 —I
1325 1929 72 3 —|f
1430 1929 92 2 bebis
1570 1928 25 3 pe
1651 1917 21 20 3:
1688 1921 10 15 5

200 1944 167 25 dagsförbudet
379 1945 7 19 i
398 1944 83 25 början
493 1945 43 19 och
548 1945 70 20 slutet
630 1951 28 13 av
668 1944 290 25 vintersportlovsveckan.

200 1974 31 19 Nr
244 1974 27 20 18
286 1974 50 23 (fru
347 1974 157 25 Holmqvist):
517 1974 45 20 Om
573 1974 83 25 vidgad
669 1974 153 21 straffbarhet
834 1975 6 20 i
853 1974 87 21 sådana
952 1975 48 23 fall,
1012 1974 29 20 då
1048 1970 13 34 |
1065 1976 29 21 57]
1135 1989 25 3 —I
1205 1989 26 2 —I
1272 1989 24 2 —l
1325 1989 25 2 —
1372 1989 25 2 —-
1430 1988 26 2 —Ib
1496 1988 26 2 —I|
1570 1988 25 2 —
1652 1976 20 20 3:
1688 1980 22 15 33

200 2003 77 25 någon
292 2004 37 20 vid
342 2009 43 19 aga
398 2003 103 26 tillfogar
514 2004 27 20 de
554 2004 72 25 agade
639 2004 75 25 fysisk
727 2004 55 20 eller
794 2004 98 25 psykisk
906 2004 79 21 skada.

199 2033 32 20 Nr
248 2033 26 20 19
294 2033 95 24 (fröken
406 2033 96 25 Vinge):
519 2034 45 20 Om
580 2033 130 21 samarbete
727 2034 84 20 mellan
828 2034 93 25 statliga
937 2034 104 25 myndig-I|
1064 2035 30 22 57]
1135 2048 25 3 —I|
1205 2048 26 3 —I
1271 2048 26 2 —I
1325 2048 24 2 —l
1372 2048 25 2 —
1430 2047 26 3 —I
1496 2047 26 3 —I
1570 2047 25 2 —
1652 2035 20 20 3:
1688 2039 22 15 33

199 2063 65 20 heter
281 2063 43 20 och
341 2064 238 24 ortsrepresentanter
594 2064 8 20 i
619 2063 113 21 samband
749 2064 51 20 med
818 2063 179 25 lokaliseringen
1014 2069 27 14 av

201 2092 156 26 fångvårdens
366 2094 78 24 öppna
453 2093 93 26 platser.
