1839 2357
1624 73 43 21 237

84 253 70 20 Enkla
170 253 75 26 frågor.

112 289 32 20 Nr
162 289 24 20 13
202 288 128 27 (Svedman):
345 288 55 27 Ang.
415 288 102 26 åtgärder
530 288 33 20 för
577 288 57 20 ökad
648 288 155 26 lagerhållning
817 288 27 26 på
859 288 102 20 Gotland.

113 319 32 19 Nr
162 319 24 19 14
202 318 252 26 (Janson
292 313 19 35 i
314 318 140 26 Frändesta):
463 318 55 26 Ang.
527 324 28 14 av
563 318 282 26 riksvärderingsnämnden
853 317 124 21 fastställda

84 348 164 20 ackordssatser
258 348 34 20 för
302 348 57 20 vissa
371 348 45 26 slag
427 354 28 14 av
467 348 221 26 byggnadsarbetare.

113 378 32 20 Nr
162 378 24 20 15
202 378 124 26 (Pettersson
344 378 7 19 i
371 377 73 27 Dahl):
463 378 55 26 Ang.
537 377 94 26 tillfällig
649 377 201 27 hempermittering
868 383 28 14 av
914 379 64 18 värn-

86 408 91 26 pliktiga
192 407 150 26 jordbrukare.

113 437 32 20 Nr
162 437 24 20 16
203 437 46 26 (von
266 437 63 26 Seth):
345 437 55 26 Ang.
416 437 107 26 följderna
538 443 28 14 av
581 437 161 26 landsbygdens
757 436 144 20 arbetskrafts
916 436 62 26 drag-

86 467 51 26 ning
151 467 33 20 till
199 467 179 20 torvindustrien.

114 497 31 20 Nr
163 497 23 20 17
202 497 47 25 (von
275 496 103 26 Friesen):
402 496 55 26 Ang.
478 496 143 26 utredningen
640 498 41 18 rör.
702 496 57 20 vissa
778 496 176 26 överflygningar
972 496 6 19 i

86 526 111 21 Bohuslän
213 533 28 13 m.
251 532 29 14 m.

114 556 31 20 Nr
162 556 25 20 18
203 555 157 27 (Henriksson):
371 556 55 25 Ang.
437 555 109 20 eventuell
556 555 81 26 ökning
646 562 28 13 av
685 555 293 26 detaljhandelsmarginalen

86 586 27 25 på
125 585 76 26 mjölk.

113 615 32 20 Nr
162 615 24 19 19
202 615 100 25 (Larsson
315 615 7 19 i
335 611 136 29 Östersund):
486 614 54 26 Ang.
555 614 201 26 hempermittering
769 614 68 20 under
849 614 44 20 viss
905 614 32 20 tid
951 620 27 14 av

86 644 32 20 till
133 644 204 26 beredskapstjänst
351 644 109 20 inkallade
474 644 194 20 industriarbetare
683 644 39 19 och
736 643 117 21 likställda.

113 674 32 19 Nr
161 674 26 20 20
203 673 109 27 (Ekdahl):
333 674 55 26 Ang.
409 674 146 19 användande
574 679 28 14 av
622 673 158 26 strejkbrytare
799 673 37 20 vid
857 673 122 26 byggnads-

85 704 74 19 arbete
171 704 12 20 å
195 704 106 25 Tomarps
312 703 139 26 Kungsgård.

113 733 32 20 Nr
160 733 24 20 21
202 733 117 26 (Schlyter):
332 733 56 26 Ang.
400 732 138 27 lagstiftning
550 738 35 14 om
597 732 199 27 hunduppfödning
808 732 39 20 och
859 732 95 20 kontroll
966 732 12 20 å

86 763 156 20 hundhandeln
257 763 51 19 eller
321 763 134 19 åtminstone
469 762 129 20 effektivare
612 762 137 26 lagstiftning
763 768 35 14 om
812 762 166 26 okynneshund.

114 793 31 19 Nr
160 793 27 19 22
202 793 125 25 (Pettersson
342 792 6 20 i
365 792 73 26 Dahl):
454 792 55 26 Ang.
525 793 46 19 rätt
585 792 33 20 för
631 792 143 26 jordbrukare
789 792 50 20 eller
852 791 127 26 jordbruks-

86 822 99 20 arbetare
198 824 34 18 att
245 822 21 20 få
279 822 6 19 i
298 822 32 20 sin
343 822 166 26 beredskapstid
522 828 46 13 som
580 821 97 21 inkallad
689 821 134 27 värnpliktig
835 822 90 19 inräkna
938 821 39 23 tid,

87 852 68 20 under
166 852 73 20 vilken
252 852 42 20 han
307 852 93 25 åtnjutit
412 851 127 27 permission
551 851 34 20 för
596 851 153 20 skördearbete
761 857 28 14 m.
799 857 29 14 m.

114 881 31 20 Nr
160 882 26 19 23
203 881 106 26 (Wiberg):
322 882 55 25 Ang.
390 881 122 20 kontrollen
524 883 52 18 över
587 881 178 20 hundbeståndet
775 887 29 14 m.
814 887 28 14 m.

114 941 31 19 Nr
162 941 8 19 1
189 941 139 26 (Holmbäck):
342 941 55 25 Ang.
411 941 92 20 särskild
515 940 186 26 meritberäkning
713 940 34 20 för
758 940 53 26 juris
824 940 102 20 doktorer
939 940 39 20 och

86 971 109 19 docenter.

114 1000 32 20 Nr
161 1001 12 19 2
189 1000 148 26 (Sandström):
351 1000 55 26 Ang.
420 1000 92 26 ändring
525 1000 6 19 i
543 1000 287 26 taxeringsorganisationen
843 1006 29 13 m.
882 1005 28 14 m.

114 1030 32 20 Nr
161 1030 12 19 3
189 1030 43 25 (De
247 1029 64 26 Geer):
328 1030 55 26 Ang.
399 1030 78 20 harens
492 1029 149 26 skadegörelse
656 1029 7 20 i
677 1029 197 26 fruktträdgårdar.

114 1060 32 19 Nr
161 1060 11 19 4
189 1059 110 26 (Kilbom):
319 1059 55 26 Ang.
393 1059 100 26 gällande
511 1059 138 26 lagstiftning
666 1059 34 20 för
718 1059 154 20 förhindrande
890 1065 28 14 av
937 1059 42 19 för-

86 1089 110 26 falskning
210 1095 28 14 av
252 1089 127 20 konstverk.

114 1119 32 19 Nr
161 1119 12 20 5
189 1119 47 25 (von
249 1118 63 26 Seth):
323 1119 55 25 Ang.
390 1118 96 20 ändrade
497 1118 94 26 grunder
601 1118 33 20 för
644 1118 50 20 eller
703 1118 132 26 justeringar
844 1124 28 14 av
884 1118 95 26 dyrorts-

86 1148 166 26 grupperingen.

114 1178 32 20 Nr
161 1178 12 19 6
189 1177 117 27 (Paulsen):
318 1178 55 25 Ang.
385 1178 57 20 vissa
453 1177 153 26 försäljningar
616 1177 32 20 till
658 1177 84 20 kronan
752 1183 28 14 av
791 1177 130 26 egendomar
932 1177 47 20 från

87 1208 96 25 Revinge
196 1208 39 19 och
249 1207 105 21 Silvåkra.

114 1237 32 20 Nr
161 1237 11 20 7
189 1237 97 26 (Nilsson
301 1237 6 20 i
322 1236 180 27 Göingegården):
517 1237 55 26 Ang.
588 1237 146 26 upphävande
748 1242 28 14 av
790 1236 96 20 rådande
900 1236 78 20 förbud

86 1268 47 18 mot
145 1267 123 26 utfordring
280 1267 49 20 med
342 1266 137 27 småpotatis.

114 1296 32 20 Nr
160 1296 13 20 8
189 1296 97 26 (Nilsson
307 1297 6 19 i
334 1296 180 26 Göingegården):
535 1296 55 26 Ang.
611 1296 168 26 användningen
799 1302 28 14 av
848 1296 131 25 förefintliga

86 1328 68 18 större
165 1326 58 26 lager
232 1332 28 14 av
271 1326 76 20 vitkål.

115 1356 31 20 Nr
161 1356 13 19 9
190 1356 93 26 (Vougt):
299 1356 8 19 I
320 1356 42 20 anl.
375 1361 28 14 av
416 1355 41 20 den
470 1361 28 14 av
511 1355 101 20 brittiska
625 1355 123 26 regeringen
761 1355 94 26 avgivna
868 1356 111 25 protesten

87 1387 46 18 mot
146 1386 124 25 byggandet
282 1386 27 25 på
320 1385 93 20 svenska
424 1391 55 14 varv
489 1391 29 14 av
528 1386 33 19 ett
572 1384 61 21 antal
644 1385 120 20 fiskebåtar
774 1385 33 19 för
818 1385 51 26 tysk
880 1385 98 25 räkning.

115 1415 31 20 Nr
163 1415 25 20 10
204 1415 101 26 (Jonsson
316 1415 6 19 i
332 1415 142 25 Eskilstuna):
485 1415 55 25 Ang.
550 1414 122 20 eventuella
682 1415 151 25 förändringar
842 1415 136 19 beträffande

87 1445 25 19 de
123 1445 92 19 svenska
226 1445 105 19 villkoren
341 1445 33 19 för
382 1444 185 26 kurirflygningar
576 1446 51 18 över
636 1444 90 20 svenskt
736 1444 94 20 område.

115 1474 31 20 Nr
163 1475 21 19 11
203 1474 107 26 (Håstad):
320 1475 55 25 Ang.
384 1474 133 26 vidtagande
525 1480 28 14 av
560 1474 114 26 åtgärder
657 1470 22 34 i
683 1474 57 26 syfte
748 1475 34 18 att
789 1474 85 19 minska
883 1474 95 19 riskerna

87 1504 36 20 vid
136 1504 95 20 militära
244 1504 106 25 övningar
362 1504 49 19 med
424 1505 166 25 sprängämnen.

114 1533 32 20 Nr
163 1534 25 19 12
203 1534 98 26 (Persson
316 1534 5 19 i
336 1533 143 26 Stockholm):
493 1534 55 25 Ang.
564 1533 146 26 upphävande
724 1539 28 14 av
766 1533 26 19 de
806 1533 50 19 åren
872 1533 53 20 1935
939 1533 39 19 och

88 1563 53 20 1936
163 1563 113 20 beslutade
298 1563 172 26 skärpningarna
491 1568 28 15 av
541 1562 197 27 utskyldsstrecket
755 1562 71 20 såsom
844 1562 135 20 valbarhets-

87 1593 39 19 och
140 1592 218 26 behörighetsvillkor
370 1592 33 20 för
415 1592 57 20 vissa
484 1592 141 20 kommunala
638 1592 231 26 förtroendeuppdrag.

115 1622 31 20 Nr
163 1623 24 19 13
204 1622 96 26 (Nilsson
318 1623 6 19 i
340 1622 181 26 Göingegården):
541 1622 7 19 I
566 1622 42 20 anl.
625 1627 29 15 av
670 1622 97 19 Svenska
784 1622 195 26 spannmålsaktie-

87 1652 97 25 bolagets
198 1654 82 24 vägran
293 1653 35 19 att
341 1652 95 25 godtaga
450 1657 28 14 av
491 1651 58 20 vissa
563 1651 140 20 lantbrukare
717 1652 6 19 i
737 1651 86 26 vanliga
837 1651 52 20 brev
903 1651 75 26 gjorda

87 1681 95 20 hembud
199 1687 28 14 av
244 1681 139 26 beslagtagen
400 1681 89 26 potatis.

114 1711 32 20 Nr
163 1711 25 20 14
204 1711 141 26 (Hallagård):
361 1711 55 26 Ang.
432 1710 304 27 avsättningsförhållandena
752 1711 27 25 på
795 1710 184 26 potatismarkna-

86 1741 49 19 den.

114 1770 32 20 Nr
163 1770 25 20 15
203 1770 124 26 (Pettersson
339 1770 6 20 i
358 1770 73 26 Dahl):
443 1770 55 26 Ang.
511 1770 41 20 den
564 1770 111 26 pågående
686 1770 108 26 importen
805 1776 28 14 av
845 1770 76 20 vitkål.

114 1800 32 20 Nr
163 1800 25 20 16
204 1800 112 26 (Svensson
328 1800 6 20 i
345 1799 141 27 Ljungskile):
498 1800 56 26 Ang.
566 1799 133 26 vidtagande
709 1805 29 14 av
749 1800 101 26 åtgärder
860 1800 6 19 i
877 1799 57 27 syfte
945 1801 35 19 att

87 1829 78 20 bereda
176 1830 58 20 vissa
243 1830 84 20 mindre
336 1829 143 26 jordbrukare
489 1829 85 20 tillfälle
583 1831 35 18 att
627 1829 68 20 utöka
705 1829 32 20 sin
747 1829 189 20 sockerbetsareal.

114 1859 32 20 Nr
163 1859 24 20 17
204 1859 125 26 (Pettersson
342 1859 6 20 i
362 1859 72 26 Dahl):
447 1859 55 26 Ang.
515 1859 44 20 viss
572 1859 144 26 begränsning
727 1865 29 14 av
768 1859 118 26 begreppet
896 1859 83 20 butiks-

87 1889 156 20 handelsvaror
255 1889 68 26 enligt
334 1889 154 26 förordningen
501 1895 35 13 om
548 1888 81 21 allmän
642 1889 214 26 omsättningsskatt.

114 1919 32 20 Nr
163 1919 25 19 18
204 1918 110 26 (Hedlund
327 1918 5 20 i
348 1919 101 25 Rådom):
464 1919 55 25 Ang.
535 1918 26 20 de
575 1918 86 23 former,
677 1918 68 20 under
757 1918 59 20 vilka
831 1918 148 27 priskontroll-

87 1948 121 20 nämndens
219 1948 71 20 behov
301 1954 28 14 av
340 1948 97 26 opartisk
448 1948 141 26 sakkunskap
600 1948 64 20 blivit
674 1948 141 26 tillgodosett.

114 1977 32 21 Nr
163 1978 24 19 19
204 1978 107 26 (Håstad):
324 1978 55 26 Ang.
392 1978 127 26 dröjsmålet
530 1978 49 20 med
592 1977 340 26 hemortsförsvarssakkunnigas
944 1978 35 19 be-

87 2007 111 20 tänkande
208 2008 40 19 och
258 2008 60 20 tiden
328 2007 32 20 för
369 2007 163 26 framläggande
541 2007 33 20 för
584 2007 41 20 RD
634 2013 29 14 av
672 2007 215 20 hemortsförsvarets
896 2007 83 26 organi-

86 2037 79 20 sation.

115 2066 31 20 Nr
161 2066 27 20 20
204 2066 107 26 (Håstad):
323 2066 9 20 I
341 2066 42 20 anl.
394 2066 68 20 därav
470 2068 35 18 att
514 2066 79 26 förslag
601 2066 47 20 icke
657 2066 102 26 förelagts
769 2066 41 20 RD
820 2072 48 20 ang.
878 2066 102 26 åtgärder

87 2097 46 19 mot
145 2096 155 26 statsfientliga
312 2096 58 20 inom
382 2096 104 20 försvars-
498 2096 39 19 och
550 2096 167 26 polisväsendet.

996 182 25 20 År

1044 186 54 20 Prop.

1130 163 91 16 Motioner

1278 162 80 17 Utskott

1402 174 57 17 Skriv.

1520 162 95 17 Protokoll

1125 216 33 16 FK
1162 212 23 30 |
1187 216 36 16 AK

1245 216 84 16 SmllAvd]
1353 216 26 16 Nr

1420 203 22 11 nr

1498 216 33 16 FK
1597 217 36 16 AK

1502 300 28 2 —
1555 284 18 34 |
1580 288 53 20 11:3

1502 330 28 2 —
1553 314 18 34 |
1580 318 31 20 12:

1502 389 27 3 —
1580 377 31 20 118:

1503 449 27 2 —
1580 437 31 20 119:

1480 1000 31 20 16:
1522 1002 11 17 8

1480 1029 31 21 16:
1524 1032 21 17 11

1503 1813 27 2 —
1554 1797 18 34 |
1581 1801 31 21 14:

1608 799 4 13 :
1619 794 28 18 93

1608 888 4 13 :
1626 883 37 18 195

1608 2075 4 13 :
1624 2070 24 17 96

1624 1122 9 16 (CA
