<?xml version="1.0" encoding="UTF-8"?>
<alto xmlns="http://www.loc.gov/standards/alto/ns-v3#" xmlns:xlink="http://www.w3.org/1999/xlink" xmlns:xsi="http://www.w3.org/2001/XMLSchema-instance" xsi:schemaLocation="http://www.loc.gov/standards/alto/ns-v3# http://www.loc.gov/alto/v3/alto-3-0.xsd">
	<Description>
		<MeasurementUnit>pixel</MeasurementUnit>
		<sourceImageInformation>
			<fileName></fileName>
		</sourceImageInformation>
		<OCRProcessing ID="OCR_0">
			<ocrProcessingStep>
				<processingSoftware>
					<softwareName>tesseract 4.1.1</softwareName>
				</processingSoftware>
			</ocrProcessingStep>
		</OCRProcessing>
	</Description>
	<Layout>
		<Page WIDTH="1851" HEIGHT="2370" PHYSICAL_IMG_NR="0" ID="page_0">
			<PrintSpace HPOS="0" VPOS="0" WIDTH="1851" HEIGHT="2370">
				<ComposedBlock ID="cblock_0" HPOS="3" VPOS="514" WIDTH="11" HEIGHT="1201">
					<TextBlock ID="block_0" HPOS="3" VPOS="514" WIDTH="11" HEIGHT="1201">
						<TextLine ID="line_0" HPOS="3" VPOS="514" WIDTH="11" HEIGHT="1201">
							<String ID="string_0" HPOS="3" VPOS="514" WIDTH="11" HEIGHT="1201" WC="0.95" CONTENT=" "/>
						</TextLine>
					</TextBlock>
				</ComposedBlock>
				<ComposedBlock ID="cblock_1" HPOS="71" VPOS="789" WIDTH="30" HEIGHT="26">
					<TextBlock ID="block_1" HPOS="71" VPOS="789" WIDTH="30" HEIGHT="26">
						<TextLine ID="line_1" HPOS="71" VPOS="789" WIDTH="30" HEIGHT="26">
							<String ID="string_1" HPOS="71" VPOS="789" WIDTH="30" HEIGHT="26" WC="0.87" CONTENT="14"/>
						</TextLine>
					</TextBlock>
				</ComposedBlock>
				<ComposedBlock ID="cblock_2" HPOS="81" VPOS="1106" WIDTH="22" HEIGHT="15">
					<TextBlock ID="block_2" HPOS="81" VPOS="1106" WIDTH="22" HEIGHT="15">
						<TextLine ID="line_2" HPOS="81" VPOS="1106" WIDTH="22" HEIGHT="15">
							<String ID="string_2" HPOS="81" VPOS="1106" WIDTH="22" HEIGHT="15" WC="0.96" CONTENT="16"/>
						</TextLine>
					</TextBlock>
				</ComposedBlock>
				<ComposedBlock ID="cblock_3" HPOS="80" VPOS="1942" WIDTH="22" HEIGHT="15">
					<TextBlock ID="block_3" HPOS="80" VPOS="1942" WIDTH="22" HEIGHT="15">
						<TextLine ID="line_3" HPOS="80" VPOS="1942" WIDTH="22" HEIGHT="15">
							<String ID="string_3" HPOS="80" VPOS="1942" WIDTH="22" HEIGHT="15" WC="0.96" CONTENT="21"/>
						</TextLine>
					</TextBlock>
				</ComposedBlock>
				<ComposedBlock ID="cblock_4" HPOS="352" VPOS="2" WIDTH="1490" HEIGHT="5">
					<TextBlock ID="block_4" HPOS="352" VPOS="2" WIDTH="1490" HEIGHT="5">
						<TextLine ID="line_4" HPOS="352" VPOS="2" WIDTH="1490" HEIGHT="5">
							<String ID="string_4" HPOS="352" VPOS="2" WIDTH="1490" HEIGHT="5" WC="0.95" CONTENT=" "/>
						</TextLine>
					</TextBlock>
				</ComposedBlock>
				<ComposedBlock ID="cblock_5" HPOS="113" VPOS="201" WIDTH="1563" HEIGHT="9">
					<TextBlock ID="block_5" HPOS="113" VPOS="201" WIDTH="1563" HEIGHT="9">
						<TextLine ID="line_5" HPOS="113" VPOS="201" WIDTH="1563" HEIGHT="9">
							<String ID="string_5" HPOS="113" VPOS="201" WIDTH="1563" HEIGHT="9" WC="0.95" CONTENT=" "/>
						</TextLine>
					</TextBlock>
				</ComposedBlock>
				<ComposedBlock ID="cblock_6" HPOS="113" VPOS="204" WIDTH="1562" HEIGHT="7">
					<TextBlock ID="block_6" HPOS="113" VPOS="204" WIDTH="1562" HEIGHT="7">
						<TextLine ID="line_6" HPOS="113" VPOS="204" WIDTH="1562" HEIGHT="7">
							<String ID="string_6" HPOS="113" VPOS="204" WIDTH="1562" HEIGHT="7" WC="0.95" CONTENT=" "/>
						</TextLine>
					</TextBlock>
				</ComposedBlock>
				<ComposedBlock ID="cblock_7" HPOS="113" VPOS="204" WIDTH="1562" HEIGHT="7">
					<TextBlock ID="block_7" HPOS="113" VPOS="204" WIDTH="1562" HEIGHT="7">
						<TextLine ID="line_7" HPOS="113" VPOS="204" WIDTH="1562" HEIGHT="7">
							<String ID="string_7" HPOS="113" VPOS="204" WIDTH="1562" HEIGHT="7" WC="0.95" CONTENT=" "/>
						</TextLine>
					</TextBlock>
				</ComposedBlock>
				<ComposedBlock ID="cblock_8" HPOS="541" VPOS="209" WIDTH="1134" HEIGHT="6">
					<TextBlock ID="block_8" HPOS="541" VPOS="209" WIDTH="1134" HEIGHT="6">
						<TextLine ID="line_8" HPOS="541" VPOS="209" WIDTH="1134" HEIGHT="6">
							<String ID="string_8" HPOS="541" VPOS="209" WIDTH="1134" HEIGHT="6" WC="0.95" CONTENT=" "/>
						</TextLine>
					</TextBlock>
				</ComposedBlock>
				<ComposedBlock ID="cblock_9" HPOS="1068" VPOS="360" WIDTH="1" HEIGHT="40">
					<TextBlock ID="block_9" HPOS="1068" VPOS="360" WIDTH="1" HEIGHT="40">
						<TextLine ID="line_9" HPOS="1068" VPOS="360" WIDTH="1" HEIGHT="40">
							<String ID="string_9" HPOS="1068" VPOS="360" WIDTH="1" HEIGHT="40" WC="0.95" CONTENT=" "/>
						</TextLine>
					</TextBlock>
				</ComposedBlock>
				<ComposedBlock ID="cblock_10" HPOS="942" VPOS="430" WIDTH="727" HEIGHT="6">
					<TextBlock ID="block_10" HPOS="942" VPOS="430" WIDTH="727" HEIGHT="6">
						<TextLine ID="line_10" HPOS="942" VPOS="430" WIDTH="727" HEIGHT="6">
							<String ID="string_10" HPOS="942" VPOS="430" WIDTH="727" HEIGHT="6" WC="0.95" CONTENT=" "/>
						</TextLine>
					</TextBlock>
				</ComposedBlock>
				<ComposedBlock ID="cblock_11" HPOS="1122" VPOS="431" WIDTH="4" HEIGHT="692">
					<TextBlock ID="block_11" HPOS="1122" VPOS="431" WIDTH="4" HEIGHT="692">
						<TextLine ID="line_11" HPOS="1122" VPOS="431" WIDTH="4" HEIGHT="692">
							<String ID="string_11" HPOS="1122" VPOS="431" WIDTH="4" HEIGHT="692" WC="0.95" CONTENT=" "/>
						</TextLine>
					</TextBlock>
				</ComposedBlock>
				<ComposedBlock ID="cblock_12" HPOS="71" VPOS="148" WIDTH="1609" HEIGHT="1846">
					<TextBlock ID="block_12" HPOS="71" VPOS="148" WIDTH="1609" HEIGHT="1846">
						<TextLine ID="line_12" HPOS="810" VPOS="148" WIDTH="867" HEIGHT="36">
							<String ID="string_12" HPOS="810" VPOS="148" WIDTH="135" HEIGHT="36" WC="0.92" CONTENT="SAKREGISTER"/><SP WIDTH="690" VPOS="148" HPOS="945"/>
							<String ID="string_13" HPOS="1635" VPOS="153" WIDTH="42" HEIGHT="21" WC="0.96" CONTENT="383"/>
						</TextLine>
						<TextLine ID="line_13" HPOS="964" VPOS="213" WIDTH="713" HEIGHT="60">
							<String ID="string_14" HPOS="964" VPOS="250" WIDTH="17" HEIGHT="16" WC="0.67" CONTENT="w"/><SP WIDTH="37" VPOS="250" HPOS="981"/>
							<String ID="string_15" HPOS="1018" VPOS="238" WIDTH="11" HEIGHT="10" WC="0.41" CONTENT="le"/><SP WIDTH="12" VPOS="238" HPOS="1029"/>
							<String ID="string_16" HPOS="1041" VPOS="220" WIDTH="17" HEIGHT="31" WC="0.9" CONTENT="3"/><SP WIDTH="10" VPOS="220" HPOS="1058"/>
							<String ID="string_17" HPOS="1068" VPOS="213" WIDTH="16" HEIGHT="24" WC="0.78" CONTENT="|"/><SP WIDTH="91" VPOS="213" HPOS="1084"/>
							<String ID="string_18" HPOS="1175" VPOS="216" WIDTH="1" HEIGHT="7" WC="0.76" CONTENT="|"/><SP WIDTH="47" VPOS="216" HPOS="1176"/>
							<String ID="string_19" HPOS="1223" VPOS="242" WIDTH="98" HEIGHT="31" WC="0.51" CONTENT="Utskotts"/><SP WIDTH="54" VPOS="242" HPOS="1321"/>
							<String ID="string_20" HPOS="1375" VPOS="217" WIDTH="6" HEIGHT="45" WC="0.73" CONTENT="I"/><SP WIDTH="24" VPOS="217" HPOS="1381"/>
							<String ID="string_21" HPOS="1405" VPOS="228" WIDTH="47" HEIGHT="17" WC="0.15" CONTENT="08"/><SP WIDTH="223" VPOS="228" HPOS="1452"/>
							<String ID="string_22" HPOS="1675" VPOS="217" WIDTH="2" HEIGHT="10" WC="0.83" CONTENT="|"/>
						</TextLine>
						<TextLine ID="line_14" HPOS="1035" VPOS="250" WIDTH="291" HEIGHT="15">
							<String ID="string_23" HPOS="1035" VPOS="250" WIDTH="18" HEIGHT="15" WC="0.32" CONTENT="5"/><SP WIDTH="270" VPOS="250" HPOS="1053"/>
							<String ID="string_24" HPOS="1323" VPOS="256" WIDTH="3" HEIGHT="2" WC="0.0" CONTENT="K"/>
						</TextLine>
						<TextLine ID="line_15" HPOS="964" VPOS="254" WIDTH="673" HEIGHT="31">
							<String ID="string_25" HPOS="964" VPOS="270" WIDTH="17" HEIGHT="6" WC="0.82" CONTENT="="/><SP WIDTH="37" VPOS="270" HPOS="981"/>
							<String ID="string_26" HPOS="1018" VPOS="264" WIDTH="40" HEIGHT="21" WC="0.33" CONTENT="[208"/><SP WIDTH="59" VPOS="264" HPOS="1058"/>
							<String ID="string_27" HPOS="1117" VPOS="275" WIDTH="3" HEIGHT="3" WC="0.0" CONTENT="z"/><SP WIDTH="55" VPOS="275" HPOS="1120"/>
							<String ID="string_28" HPOS="1175" VPOS="282" WIDTH="1" HEIGHT="3" WC="0.64" CONTENT="|"/><SP WIDTH="214" VPOS="282" HPOS="1176"/>
							<String ID="string_29" HPOS="1390" VPOS="254" WIDTH="72" HEIGHT="30" WC="0.96" CONTENT="dagens"/><SP WIDTH="57" VPOS="254" HPOS="1462"/>
							<String ID="string_30" HPOS="1519" VPOS="258" WIDTH="118" HEIGHT="17" WC="0.90" CONTENT="Kamrarnas"/>
						</TextLine>
						<TextLine ID="line_16" HPOS="964" VPOS="270" WIDTH="685" HEIGHT="52">
							<String ID="string_31" HPOS="964" VPOS="281" WIDTH="17" HEIGHT="26" WC="0.67" CONTENT="7"/><SP WIDTH="46" VPOS="281" HPOS="981"/>
							<String ID="string_32" HPOS="1027" VPOS="276" WIDTH="31" HEIGHT="43" WC="0.50" CONTENT="a"/><SP WIDTH="17" VPOS="276" HPOS="1058"/>
							<String ID="string_33" HPOS="1075" VPOS="270" WIDTH="92" HEIGHT="39" WC="0.94" CONTENT="Motioner"/><SP WIDTH="8" VPOS="270" HPOS="1167"/>
							<String ID="string_34" HPOS="1175" VPOS="290" WIDTH="1" HEIGHT="15" WC="0.94" CONTENT="|"/><SP WIDTH="33" VPOS="290" HPOS="1176"/>
							<String ID="string_35" HPOS="1209" VPOS="275" WIDTH="126" HEIGHT="47" WC="0.35" CONTENT="SER"/><SP WIDTH="41" VPOS="275" HPOS="1335"/>
							<String ID="string_36" HPOS="1376" VPOS="279" WIDTH="5" HEIGHT="38" WC="0.71" CONTENT="|"/><SP WIDTH="23" VPOS="279" HPOS="1381"/>
							<String ID="string_37" HPOS="1404" VPOS="288" WIDTH="47" HEIGHT="17" WC="0.32" CONTENT="skri:"/><SP WIDTH="54" VPOS="288" HPOS="1451"/>
							<String ID="string_38" HPOS="1505" VPOS="272" WIDTH="144" HEIGHT="42" WC="0.95" CONTENT="förhandlingar"/>
						</TextLine>
						<TextLine ID="line_17" HPOS="964" VPOS="306" WIDTH="713" HEIGHT="43">
							<String ID="string_39" HPOS="964" VPOS="311" WIDTH="17" HEIGHT="27" WC="0.80" CONTENT="&gt;"/><SP WIDTH="17" VPOS="311" HPOS="981"/>
							<String ID="string_40" HPOS="998" VPOS="307" WIDTH="16" HEIGHT="41" WC="0.0" CONTENT="|"/><SP WIDTH="4" VPOS="307" HPOS="1014"/>
							<String ID="string_41" HPOS="1018" VPOS="314" WIDTH="40" HEIGHT="22" WC="0.0" CONTENT="32"/><SP WIDTH="117" VPOS="314" HPOS="1058"/>
							<String ID="string_42" HPOS="1175" VPOS="317" WIDTH="1" HEIGHT="14" WC="0.78" CONTENT="|"/><SP WIDTH="21" VPOS="317" HPOS="1176"/>
							<String ID="string_43" HPOS="1197" VPOS="311" WIDTH="47" HEIGHT="12" WC="0.89" CONTENT="eller"/><SP WIDTH="12" VPOS="311" HPOS="1244"/>
							<String ID="string_44" HPOS="1256" VPOS="306" WIDTH="98" HEIGHT="17" WC="0.96" CONTENT="memorial"/><SP WIDTH="22" VPOS="306" HPOS="1354"/>
							<String ID="string_45" HPOS="1376" VPOS="313" WIDTH="6" HEIGHT="36" WC="0.91" CONTENT="|"/><SP WIDTH="15" VPOS="313" HPOS="1382"/>
							<String ID="string_46" HPOS="1397" VPOS="318" WIDTH="62" HEIGHT="18" WC="0.90" CONTENT="velser"/><SP WIDTH="217" VPOS="318" HPOS="1459"/>
							<String ID="string_47" HPOS="1676" VPOS="324" WIDTH="1" HEIGHT="14" WC="0.86" CONTENT="|"/>
						</TextLine>
						<TextLine ID="line_18" HPOS="959" VPOS="333" WIDTH="718" HEIGHT="29">
							<String ID="string_48" HPOS="959" VPOS="338" WIDTH="139" HEIGHT="24" WC="0.0" CONTENT="(NR"/><SP WIDTH="77" VPOS="338" HPOS="1098"/>
							<String ID="string_49" HPOS="1175" VPOS="333" WIDTH="163" HEIGHT="23" WC="0.1" CONTENT="jaaa"/><SP WIDTH="24" VPOS="333" HPOS="1338"/>
							<String ID="string_50" HPOS="1362" VPOS="348" WIDTH="19" HEIGHT="8" WC="0.16" CONTENT="|"/><SP WIDTH="53" VPOS="348" HPOS="1381"/>
							<String ID="string_51" HPOS="1434" VPOS="355" WIDTH="56" HEIGHT="1" WC="0.6" CONTENT="eng"/><SP WIDTH="186" VPOS="355" HPOS="1490"/>
							<String ID="string_52" HPOS="1676" VPOS="342" WIDTH="1" HEIGHT="6" WC="0.63" CONTENT="|"/>
						</TextLine>
						<TextLine ID="line_19" HPOS="964" VPOS="356" WIDTH="713" HEIGHT="45">
							<String ID="string_53" HPOS="964" VPOS="357" WIDTH="17" HEIGHT="38" WC="0.71" CONTENT="&gt;"/><SP WIDTH="37" VPOS="357" HPOS="981"/>
							<String ID="string_54" HPOS="1018" VPOS="363" WIDTH="35" HEIGHT="28" WC="0.33" CONTENT="3"/><SP WIDTH="45" VPOS="363" HPOS="1053"/>
							<String ID="string_55" HPOS="1098" VPOS="381" WIDTH="25" HEIGHT="19" WC="0.0" CONTENT="ol"/><SP WIDTH="164" VPOS="381" HPOS="1123"/>
							<String ID="string_56" HPOS="1287" VPOS="356" WIDTH="76" HEIGHT="45" WC="0.4" CONTENT="Sulla"/><SP WIDTH="131" VPOS="356" HPOS="1363"/>
							<String ID="string_57" HPOS="1494" VPOS="364" WIDTH="66" HEIGHT="35" WC="0.96" CONTENT="Första"/><SP WIDTH="14" VPOS="364" HPOS="1560"/>
							<String ID="string_58" HPOS="1574" VPOS="382" WIDTH="1" HEIGHT="13" WC="0.94" CONTENT="|"/><SP WIDTH="18" VPOS="382" HPOS="1575"/>
							<String ID="string_59" HPOS="1593" VPOS="364" WIDTH="64" HEIGHT="35" WC="0.96" CONTENT="Andra"/><SP WIDTH="19" VPOS="364" HPOS="1657"/>
							<String ID="string_60" HPOS="1676" VPOS="370" WIDTH="1" HEIGHT="3" WC="0.96" CONTENT="|"/>
						</TextLine>
						<TextLine ID="line_20" HPOS="71" VPOS="388" WIDTH="1606" HEIGHT="42">
							<String ID="string_61" HPOS="149" VPOS="410" WIDTH="3" HEIGHT="1" WC="0.0" CONTENT="a"/><SP WIDTH="866" VPOS="410" HPOS="152"/>
							<String ID="string_62" HPOS="1018" VPOS="392" WIDTH="105" HEIGHT="36" WC="0.3" CONTENT="SER"/><SP WIDTH="32" VPOS="392" HPOS="1123"/>
							<String ID="string_63" HPOS="1155" VPOS="390" WIDTH="106" HEIGHT="39" WC="0.19" CONTENT="RE"/><SP WIDTH="26" VPOS="390" HPOS="1261"/>
							<String ID="string_64" HPOS="1287" VPOS="393" WIDTH="74" HEIGHT="37" WC="0.10" CONTENT="EE"/><SP WIDTH="15" VPOS="393" HPOS="1361"/>
							<String ID="string_65" HPOS="1376" VPOS="404" WIDTH="6" HEIGHT="26" WC="0.69" CONTENT="|"/><SP WIDTH="18" VPOS="404" HPOS="1382"/>
							<String ID="string_66" HPOS="1400" VPOS="388" WIDTH="63" HEIGHT="41" WC="0.5" CONTENT="OS"/><SP WIDTH="27" VPOS="388" HPOS="1463"/>
							<String ID="string_67" HPOS="1490" VPOS="396" WIDTH="62" HEIGHT="17" WC="0.13" CONTENT="SE"/><SP WIDTH="36" VPOS="396" HPOS="1552"/>
							<String ID="string_68" HPOS="1588" VPOS="396" WIDTH="46" HEIGHT="32" WC="0.4" CONTENT="Ar"/>
						</TextLine>
						<TextLine ID="line_21" HPOS="71" VPOS="436" WIDTH="1505" HEIGHT="27">
							<String ID="string_69" HPOS="71" VPOS="436" WIDTH="1" HEIGHT="17" WC="0.90" CONTENT="|"/><SP WIDTH="19" VPOS="436" HPOS="72"/>
							<String ID="string_70" HPOS="91" VPOS="436" WIDTH="179" HEIGHT="27" WC="0.86" CONTENT="Dyrtidstillägg."/><SP WIDTH="947" VPOS="436" HPOS="270"/>
							<String ID="string_71" HPOS="1217" VPOS="439" WIDTH="2" HEIGHT="7" WC="0.49" CONTENT="I"/><SP WIDTH="213" VPOS="439" HPOS="1219"/>
							<String ID="string_72" HPOS="1432" VPOS="440" WIDTH="1" HEIGHT="3" WC="0.72" CONTENT="I"/><SP WIDTH="142" VPOS="440" HPOS="1433"/>
							<String ID="string_73" HPOS="1575" VPOS="446" WIDTH="1" HEIGHT="14" WC="0.68" CONTENT="|"/>
						</TextLine>
						<TextLine ID="line_22" HPOS="135" VPOS="466" WIDTH="864" HEIGHT="27">
							<String ID="string_74" HPOS="135" VPOS="468" WIDTH="50" HEIGHT="21" WC="0.96" CONTENT="tare,"/><SP WIDTH="24" VPOS="468" HPOS="185"/>
							<String ID="string_75" HPOS="209" VPOS="473" WIDTH="45" HEIGHT="14" WC="0.96" CONTENT="som"/><SP WIDTH="25" VPOS="473" HPOS="254"/>
							<String ID="string_76" HPOS="279" VPOS="466" WIDTH="130" HEIGHT="20" WC="0.89" CONTENT="fortfarande"/><SP WIDTH="23" VPOS="466" HPOS="409"/>
							<String ID="string_77" HPOS="432" VPOS="469" WIDTH="64" HEIGHT="18" WC="0.95" CONTENT="utöva"/><SP WIDTH="20" VPOS="469" HPOS="496"/>
							<String ID="string_78" HPOS="516" VPOS="467" WIDTH="96" HEIGHT="26" WC="0.96" CONTENT="praktisk"/><SP WIDTH="17" VPOS="467" HPOS="612"/>
							<String ID="string_79" HPOS="629" VPOS="467" WIDTH="143" HEIGHT="24" WC="0.96" CONTENT="verksamhet;"/><SP WIDTH="18" VPOS="467" HPOS="772"/>
							<String ID="string_80" HPOS="790" VPOS="467" WIDTH="39" HEIGHT="20" WC="0.96" CONTENT="och"/><SP WIDTH="16" VPOS="467" HPOS="829"/>
							<String ID="string_81" HPOS="845" VPOS="467" WIDTH="84" HEIGHT="20" WC="0.96" CONTENT="anvisas"/><SP WIDTH="9" VPOS="467" HPOS="929"/>
							<String ID="string_82" HPOS="938" VPOS="466" WIDTH="61" HEIGHT="21" WC="0.95" CONTENT="1926"/>
						</TextLine>
						<TextLine ID="line_23" HPOS="136" VPOS="496" WIDTH="803" HEIGHT="27">
							<String ID="string_83" HPOS="136" VPOS="497" WIDTH="31" HEIGHT="19" WC="0.96" CONTENT="för"/><SP WIDTH="24" VPOS="497" HPOS="167"/>
							<String ID="string_84" HPOS="191" VPOS="503" WIDTH="29" HEIGHT="13" WC="0.96" CONTENT="nu"/><SP WIDTH="24" VPOS="503" HPOS="220"/>
							<String ID="string_85" HPOS="244" VPOS="497" WIDTH="91" HEIGHT="26" WC="0.96" CONTENT="angivna"/><SP WIDTH="23" VPOS="497" HPOS="335"/>
							<String ID="string_86" HPOS="358" VPOS="496" WIDTH="100" HEIGHT="21" WC="0.96" CONTENT="ändamål"/><SP WIDTH="22" VPOS="496" HPOS="458"/>
							<String ID="string_87" HPOS="480" VPOS="497" WIDTH="69" HEIGHT="20" WC="0.95" CONTENT="såsom"/><SP WIDTH="17" VPOS="497" HPOS="549"/>
							<String ID="string_88" HPOS="566" VPOS="497" WIDTH="92" HEIGHT="20" WC="0.95" CONTENT="tillskott"/><SP WIDTH="15" VPOS="497" HPOS="658"/>
							<String ID="string_89" HPOS="673" VPOS="497" WIDTH="33" HEIGHT="20" WC="0.93" CONTENT="till"/><SP WIDTH="17" VPOS="497" HPOS="706"/>
							<String ID="string_90" HPOS="723" VPOS="496" WIDTH="157" HEIGHT="27" WC="0.92" CONTENT="dyrtidstillägg"/><SP WIDTH="16" VPOS="496" HPOS="880"/>
							<String ID="string_91" HPOS="896" VPOS="497" WIDTH="43" HEIGHT="20" WC="0.0" CONTENT="till"/><SP WIDTH="-11" VPOS="497" HPOS="939"/>
							<String ID="string_92" HPOS="928" VPOS="492" WIDTH="9" HEIGHT="35" WC="0.0" CONTENT="|"/>
						</TextLine>
						<TextLine ID="line_24" HPOS="135" VPOS="525" WIDTH="804" HEIGHT="28">
							<String ID="string_93" HPOS="135" VPOS="527" WIDTH="56" HEIGHT="19" WC="0.96" CONTENT="vissa"/><SP WIDTH="23" VPOS="527" HPOS="191"/>
							<String ID="string_94" HPOS="214" VPOS="526" WIDTH="127" HEIGHT="21" WC="0.95" CONTENT="lantmätare"/><SP WIDTH="23" VPOS="526" HPOS="341"/>
							<String ID="string_95" HPOS="364" VPOS="527" WIDTH="32" HEIGHT="20" WC="0.96" CONTENT="för"/><SP WIDTH="24" VPOS="527" HPOS="396"/>
							<String ID="string_96" HPOS="420" VPOS="526" WIDTH="123" HEIGHT="26" WC="0.92" CONTENT="budgetåret"/><SP WIDTH="25" VPOS="526" HPOS="543"/>
							<String ID="string_97" HPOS="568" VPOS="525" WIDTH="124" HEIGHT="28" WC="0.92" CONTENT="1926/1927"/><SP WIDTH="18" VPOS="525" HPOS="692"/>
							<String ID="string_98" HPOS="710" VPOS="529" WIDTH="30" HEIGHT="18" WC="0.96" CONTENT="ett"/><SP WIDTH="16" VPOS="529" HPOS="740"/>
							<String ID="string_99" HPOS="756" VPOS="529" WIDTH="58" HEIGHT="18" WC="0.93" CONTENT="extra"/><SP WIDTH="17" VPOS="529" HPOS="814"/>
							<String ID="string_100" HPOS="831" VPOS="527" WIDTH="108" HEIGHT="25" WC="0.57" CONTENT="förslags-"/><SP WIDTH="-10" VPOS="527" HPOS="939"/>
							<String ID="string_101" HPOS="929" VPOS="521" WIDTH="15" HEIGHT="36" WC="0.57" CONTENT="|"/>
						</TextLine>
						<TextLine ID="line_25" HPOS="135" VPOS="555" WIDTH="988" HEIGHT="28">
							<String ID="string_102" HPOS="135" VPOS="556" WIDTH="73" HEIGHT="27" WC="0.95" CONTENT="anslag"/><SP WIDTH="16" VPOS="556" HPOS="208"/>
							<String ID="string_103" HPOS="224" VPOS="563" WIDTH="25" HEIGHT="13" WC="0.96" CONTENT="av"/><SP WIDTH="18" VPOS="563" HPOS="249"/>
							<String ID="string_104" HPOS="267" VPOS="556" WIDTH="42" HEIGHT="20" WC="0.96" CONTENT="360"/><SP WIDTH="9" VPOS="556" HPOS="309"/>
							<String ID="string_105" HPOS="318" VPOS="556" WIDTH="42" HEIGHT="21" WC="0.96" CONTENT="000"/><SP WIDTH="17" VPOS="556" HPOS="360"/>
							<String ID="string_106" HPOS="377" VPOS="557" WIDTH="30" HEIGHT="20" WC="0.94" CONTENT="kr."/><SP WIDTH="531" VPOS="557" HPOS="407"/>
							<String ID="string_107" HPOS="938" VPOS="569" WIDTH="1" HEIGHT="3" WC="0.94" CONTENT="|"/><SP WIDTH="183" VPOS="569" HPOS="939"/>
							<String ID="string_108" HPOS="1122" VPOS="555" WIDTH="1" HEIGHT="23" WC="0.77" CONTENT="|"/>
						</TextLine>
						<TextLine ID="line_26" HPOS="120" VPOS="600" WIDTH="1544" HEIGHT="49">
							<String ID="string_109" HPOS="120" VPOS="616" WIDTH="41" HEIGHT="20" WC="0.96" CONTENT="Till"/><SP WIDTH="17" VPOS="616" HPOS="161"/>
							<String ID="string_110" HPOS="178" VPOS="616" WIDTH="103" HEIGHT="20" WC="0.96" CONTENT="täckande"/><SP WIDTH="17" VPOS="616" HPOS="281"/>
							<String ID="string_111" HPOS="298" VPOS="623" WIDTH="26" HEIGHT="13" WC="0.96" CONTENT="av"/><SP WIDTH="16" VPOS="623" HPOS="324"/>
							<String ID="string_112" HPOS="340" VPOS="616" WIDTH="114" HEIGHT="20" WC="0.96" CONTENT="kostnader"/><SP WIDTH="16" VPOS="616" HPOS="454"/>
							<String ID="string_113" HPOS="470" VPOS="617" WIDTH="32" HEIGHT="20" WC="0.93" CONTENT="för"/><SP WIDTH="16" VPOS="617" HPOS="502"/>
							<String ID="string_114" HPOS="518" VPOS="617" WIDTH="157" HEIGHT="26" WC="0.91" CONTENT="dyrtidstillägg"/><SP WIDTH="13" VPOS="617" HPOS="675"/>
							<String ID="string_115" HPOS="688" VPOS="618" WIDTH="22" HEIGHT="19" WC="0.95" CONTENT="åt"/><SP WIDTH="13" VPOS="618" HPOS="710"/>
							<String ID="string_116" HPOS="723" VPOS="600" WIDTH="202" HEIGHT="49" WC="0.92" CONTENT="befattningshavare"/><SP WIDTH="13" VPOS="600" HPOS="925"/>
							<String ID="string_117" HPOS="938" VPOS="604" WIDTH="1" HEIGHT="3" WC="0.70" CONTENT="|"/><SP WIDTH="28" VPOS="604" HPOS="939"/>
							<String ID="string_118" HPOS="967" VPOS="624" WIDTH="8" HEIGHT="9" WC="0.59" CONTENT="»"/><SP WIDTH="34" VPOS="624" HPOS="975"/>
							<String ID="string_119" HPOS="1009" VPOS="615" WIDTH="55" HEIGHT="21" WC="0.33" CONTENT="11:10"/><SP WIDTH="132" VPOS="615" HPOS="1064"/>
							<String ID="string_120" HPOS="1196" VPOS="616" WIDTH="22" HEIGHT="21" WC="0.50" CONTENT="61"/><SP WIDTH="20" VPOS="616" HPOS="1218"/>
							<String ID="string_121" HPOS="1238" VPOS="618" WIDTH="10" HEIGHT="19" WC="0.14" CONTENT="11"/><SP WIDTH="40" VPOS="618" HPOS="1248"/>
							<String ID="string_122" HPOS="1288" VPOS="618" WIDTH="37" HEIGHT="20" WC="0.4" CONTENT="101|"/><SP WIDTH="20" VPOS="618" HPOS="1325"/>
							<String ID="string_123" HPOS="1345" VPOS="618" WIDTH="119" HEIGHT="20" WC="0.0" CONTENT="21l10Al10]"/><SP WIDTH="31" VPOS="618" HPOS="1464"/>
							<String ID="string_124" HPOS="1495" VPOS="617" WIDTH="68" HEIGHT="21" WC="0.48" CONTENT="21:88)"/><SP WIDTH="33" VPOS="617" HPOS="1563"/>
							<String ID="string_125" HPOS="1596" VPOS="618" WIDTH="68" HEIGHT="20" WC="0.95" CONTENT="21:28"/>
						</TextLine>
						<TextLine ID="line_27" HPOS="135" VPOS="646" WIDTH="1190" HEIGHT="27">
							<String ID="string_126" HPOS="135" VPOS="646" WIDTH="36" HEIGHT="20" WC="0.92" CONTENT="vid"/><SP WIDTH="30" VPOS="646" HPOS="171"/>
							<String ID="string_127" HPOS="201" VPOS="648" WIDTH="80" HEIGHT="24" WC="0.91" CONTENT="patent-"/><SP WIDTH="31" VPOS="648" HPOS="281"/>
							<String ID="string_128" HPOS="312" VPOS="646" WIDTH="39" HEIGHT="20" WC="0.90" CONTENT="och"/><SP WIDTH="32" VPOS="646" HPOS="351"/>
							<String ID="string_129" HPOS="383" VPOS="646" WIDTH="218" HEIGHT="26" WC="0.40" CONTENT=" registreringsverket"/><SP WIDTH="31" VPOS="646" HPOS="601"/>
							<String ID="string_130" HPOS="632" VPOS="647" WIDTH="84" HEIGHT="20" WC="0.96" CONTENT="anvisas"/><SP WIDTH="31" VPOS="647" HPOS="716"/>
							<String ID="string_131" HPOS="747" VPOS="647" WIDTH="32" HEIGHT="20" WC="0.95" CONTENT="för"/><SP WIDTH="26" VPOS="647" HPOS="779"/>
							<String ID="string_132" HPOS="805" VPOS="646" WIDTH="124" HEIGHT="26" WC="0.96" CONTENT="budgetåret"/><SP WIDTH="84" VPOS="646" HPOS="929"/>
							<String ID="string_133" HPOS="1013" VPOS="651" WIDTH="46" HEIGHT="22" WC="0.40" CONTENT="p.16"/><SP WIDTH="158" VPOS="651" HPOS="1059"/>
							<String ID="string_134" HPOS="1217" VPOS="655" WIDTH="1" HEIGHT="4" WC="0.65" CONTENT="I"/><SP WIDTH="106" VPOS="655" HPOS="1218"/>
							<String ID="string_135" HPOS="1324" VPOS="653" WIDTH="1" HEIGHT="3" WC="0.73" CONTENT="I"/>
						</TextLine>
						<TextLine ID="line_28" HPOS="137" VPOS="675" WIDTH="790" HEIGHT="28">
							<String ID="string_136" HPOS="137" VPOS="675" WIDTH="124" HEIGHT="28" WC="0.92" CONTENT="1926/1927"/><SP WIDTH="18" VPOS="675" HPOS="261"/>
							<String ID="string_137" HPOS="279" VPOS="678" WIDTH="31" HEIGHT="18" WC="0.96" CONTENT="ett"/><SP WIDTH="15" VPOS="678" HPOS="310"/>
							<String ID="string_138" HPOS="325" VPOS="677" WIDTH="60" HEIGHT="19" WC="0.93" CONTENT="extra"/><SP WIDTH="16" VPOS="677" HPOS="385"/>
							<String ID="string_139" HPOS="401" VPOS="677" WIDTH="215" HEIGHT="25" WC="0.90" CONTENT="reservationsanslag"/><SP WIDTH="13" VPOS="677" HPOS="616"/>
							<String ID="string_140" HPOS="629" VPOS="683" WIDTH="26" HEIGHT="14" WC="0.96" CONTENT="av"/><SP WIDTH="15" VPOS="683" HPOS="655"/>
							<String ID="string_141" HPOS="670" VPOS="676" WIDTH="41" HEIGHT="21" WC="0.96" CONTENT="125"/><SP WIDTH="11" VPOS="676" HPOS="711"/>
							<String ID="string_142" HPOS="722" VPOS="676" WIDTH="42" HEIGHT="21" WC="0.96" CONTENT="000"/><SP WIDTH="11" VPOS="676" HPOS="764"/>
							<String ID="string_143" HPOS="775" VPOS="676" WIDTH="31" HEIGHT="21" WC="0.96" CONTENT="kr."/><SP WIDTH="12" VPOS="676" HPOS="806"/>
							<String ID="string_144" HPOS="818" VPOS="678" WIDTH="32" HEIGHT="19" WC="0.96" CONTENT="att"/><SP WIDTH="10" VPOS="678" HPOS="850"/>
							<String ID="string_145" HPOS="860" VPOS="676" WIDTH="67" HEIGHT="20" WC="0.96" CONTENT="direkt"/>
						</TextLine>
						<TextLine ID="line_29" HPOS="135" VPOS="706" WIDTH="794" HEIGHT="27">
							<String ID="string_146" HPOS="135" VPOS="706" WIDTH="51" HEIGHT="26" WC="0.95" CONTENT="utgå"/><SP WIDTH="26" VPOS="706" HPOS="186"/>
							<String ID="string_147" HPOS="212" VPOS="712" WIDTH="25" HEIGHT="14" WC="0.92" CONTENT="av"/><SP WIDTH="27" VPOS="712" HPOS="237"/>
							<String ID="string_148" HPOS="264" VPOS="708" WIDTH="79" HEIGHT="24" WC="0.90" CONTENT="patent-"/><SP WIDTH="27" VPOS="708" HPOS="343"/>
							<String ID="string_149" HPOS="370" VPOS="706" WIDTH="38" HEIGHT="20" WC="0.93" CONTENT="och"/><SP WIDTH="27" VPOS="706" HPOS="408"/>
							<String ID="string_150" HPOS="435" VPOS="707" WIDTH="144" HEIGHT="20" WC="0.91" CONTENT="varumärkes-"/><SP WIDTH="27" VPOS="707" HPOS="579"/>
							<String ID="string_151" HPOS="606" VPOS="709" WIDTH="55" HEIGHT="18" WC="0.92" CONTENT="samt"/><SP WIDTH="24" VPOS="709" HPOS="661"/>
							<String ID="string_152" HPOS="685" VPOS="707" WIDTH="244" HEIGHT="26" WC="0.91" CONTENT="registreringsavgifters"/>
						</TextLine>
						<TextLine ID="line_30" HPOS="136" VPOS="736" WIDTH="76" HEIGHT="20">
							<String ID="string_153" HPOS="136" VPOS="736" WIDTH="76" HEIGHT="20" WC="0.96" CONTENT="medel."/>
						</TextLine>
						<TextLine ID="line_31" HPOS="119" VPOS="784" WIDTH="1560" HEIGHT="42">
							<String ID="string_154" HPOS="119" VPOS="796" WIDTH="42" HEIGHT="20" WC="0.96" CONTENT="Till"/><SP WIDTH="16" VPOS="796" HPOS="161"/>
							<String ID="string_155" HPOS="177" VPOS="795" WIDTH="104" HEIGHT="21" WC="0.96" CONTENT="täckande"/><SP WIDTH="17" VPOS="795" HPOS="281"/>
							<String ID="string_156" HPOS="298" VPOS="803" WIDTH="25" HEIGHT="13" WC="0.96" CONTENT="av"/><SP WIDTH="16" VPOS="803" HPOS="323"/>
							<String ID="string_157" HPOS="339" VPOS="796" WIDTH="114" HEIGHT="20" WC="0.95" CONTENT="kostnader"/><SP WIDTH="16" VPOS="796" HPOS="453"/>
							<String ID="string_158" HPOS="469" VPOS="796" WIDTH="33" HEIGHT="20" WC="0.93" CONTENT="för"/><SP WIDTH="15" VPOS="796" HPOS="502"/>
							<String ID="string_159" HPOS="517" VPOS="796" WIDTH="157" HEIGHT="26" WC="0.92" CONTENT="dyrtidstillägg"/><SP WIDTH="15" VPOS="796" HPOS="674"/>
							<String ID="string_160" HPOS="689" VPOS="797" WIDTH="23" HEIGHT="20" WC="0.93" CONTENT="åt"/><SP WIDTH="11" VPOS="797" HPOS="712"/>
							<String ID="string_161" HPOS="723" VPOS="797" WIDTH="216" HEIGHT="25" WC="0.91" CONTENT="befattningshavare"/><SP WIDTH="28" VPOS="797" HPOS="939"/>
							<String ID="string_162" HPOS="967" VPOS="803" WIDTH="8" HEIGHT="10" WC="0.59" CONTENT="&gt;»"/><SP WIDTH="35" VPOS="803" HPOS="975"/>
							<String ID="string_163" HPOS="1010" VPOS="795" WIDTH="17" HEIGHT="20" WC="0.52" CONTENT="|:"/><SP WIDTH="13" VPOS="795" HPOS="1027"/>
							<String ID="string_164" HPOS="1040" VPOS="794" WIDTH="23" HEIGHT="21" WC="0.70" CONTENT="10"/><SP WIDTH="59" VPOS="794" HPOS="1063"/>
							<String ID="string_165" HPOS="1122" VPOS="797" WIDTH="2" HEIGHT="29" WC="0.59" CONTENT="i"/><SP WIDTH="72" VPOS="797" HPOS="1124"/>
							<String ID="string_166" HPOS="1196" VPOS="792" WIDTH="23" HEIGHT="27" WC="0.76" CONTENT="6|"/><SP WIDTH="20" VPOS="792" HPOS="1219"/>
							<String ID="string_167" HPOS="1239" VPOS="796" WIDTH="6" HEIGHT="19" WC="0.34" CONTENT="11"/><SP WIDTH="43" VPOS="796" HPOS="1245"/>
							<String ID="string_168" HPOS="1288" VPOS="797" WIDTH="25" HEIGHT="19" WC="0.75" CONTENT="10/"/><SP WIDTH="33" VPOS="797" HPOS="1313"/>
							<String ID="string_169" HPOS="1346" VPOS="797" WIDTH="118" HEIGHT="20" WC="0.0" CONTENT="25l10Al12]"/><SP WIDTH="31" VPOS="797" HPOS="1464"/>
							<String ID="string_170" HPOS="1495" VPOS="797" WIDTH="68" HEIGHT="20" WC="0.86" CONTENT="21:38"/><SP WIDTH="13" VPOS="797" HPOS="1563"/>
							<String ID="string_171" HPOS="1576" VPOS="784" WIDTH="1" HEIGHT="34" WC="0.85" CONTENT="|"/><SP WIDTH="19" VPOS="784" HPOS="1577"/>
							<String ID="string_172" HPOS="1596" VPOS="796" WIDTH="83" HEIGHT="21" WC="0.66" CONTENT="21:28]"/>
						</TextLine>
						<TextLine ID="line_32" HPOS="134" VPOS="823" WIDTH="990" HEIGHT="34">
							<String ID="string_173" HPOS="134" VPOS="826" WIDTH="7" HEIGHT="19" WC="0.93" CONTENT="i"/><SP WIDTH="16" VPOS="826" HPOS="141"/>
							<String ID="string_174" HPOS="157" VPOS="826" WIDTH="281" HEIGHT="26" WC="0.91" CONTENT="försäkringsinspektionen"/><SP WIDTH="23" VPOS="826" HPOS="438"/>
							<String ID="string_175" HPOS="461" VPOS="826" WIDTH="84" HEIGHT="21" WC="0.96" CONTENT="anvisas"/><SP WIDTH="23" VPOS="826" HPOS="545"/>
							<String ID="string_176" HPOS="568" VPOS="826" WIDTH="33" HEIGHT="20" WC="0.96" CONTENT="för"/><SP WIDTH="16" VPOS="826" HPOS="601"/>
							<String ID="string_177" HPOS="617" VPOS="826" WIDTH="125" HEIGHT="26" WC="0.93" CONTENT="budgetåret"/><SP WIDTH="17" VPOS="826" HPOS="742"/>
							<String ID="string_178" HPOS="759" VPOS="826" WIDTH="124" HEIGHT="27" WC="0.92" CONTENT="1926/1927"/><SP WIDTH="17" VPOS="826" HPOS="883"/>
							<String ID="string_179" HPOS="900" VPOS="828" WIDTH="30" HEIGHT="18" WC="0.96" CONTENT="ett"/><SP WIDTH="84" VPOS="828" HPOS="930"/>
							<String ID="string_180" HPOS="1014" VPOS="830" WIDTH="45" HEIGHT="22" WC="0.33" CONTENT="p.19"/><SP WIDTH="-1" VPOS="830" HPOS="1059"/>
							<String ID="string_181" HPOS="1058" VPOS="823" WIDTH="10" HEIGHT="34" WC="0.33" CONTENT="|"/><SP WIDTH="55" VPOS="823" HPOS="1068"/>
							<String ID="string_182" HPOS="1123" VPOS="828" WIDTH="1" HEIGHT="11" WC="0.51" CONTENT="|"/>
						</TextLine>
						<TextLine ID="line_33" HPOS="134" VPOS="855" WIDTH="1248" HEIGHT="36">
							<String ID="string_183" HPOS="134" VPOS="857" WIDTH="60" HEIGHT="18" WC="0.93" CONTENT="extra"/><SP WIDTH="15" VPOS="857" HPOS="194"/>
							<String ID="string_184" HPOS="209" VPOS="855" WIDTH="216" HEIGHT="26" WC="0.91" CONTENT="reservationsanslag"/><SP WIDTH="16" VPOS="855" HPOS="425"/>
							<String ID="string_185" HPOS="441" VPOS="863" WIDTH="25" HEIGHT="13" WC="0.96" CONTENT="av"/><SP WIDTH="18" VPOS="863" HPOS="466"/>
							<String ID="string_186" HPOS="484" VPOS="856" WIDTH="27" HEIGHT="20" WC="0.84" CONTENT="14"/><SP WIDTH="10" VPOS="856" HPOS="511"/>
							<String ID="string_187" HPOS="521" VPOS="856" WIDTH="42" HEIGHT="20" WC="0.84" CONTENT="000"/><SP WIDTH="17" VPOS="856" HPOS="563"/>
							<String ID="string_188" HPOS="580" VPOS="856" WIDTH="30" HEIGHT="20" WC="0.95" CONTENT="kr."/><SP WIDTH="18" VPOS="856" HPOS="610"/>
							<String ID="string_189" HPOS="628" VPOS="858" WIDTH="31" HEIGHT="18" WC="0.96" CONTENT="att"/><SP WIDTH="16" VPOS="858" HPOS="659"/>
							<String ID="string_190" HPOS="675" VPOS="856" WIDTH="70" HEIGHT="20" WC="0.96" CONTENT="direkt"/><SP WIDTH="14" VPOS="856" HPOS="745"/>
							<String ID="string_191" HPOS="759" VPOS="857" WIDTH="48" HEIGHT="24" WC="0.96" CONTENT="utgå"/><SP WIDTH="13" VPOS="857" HPOS="807"/>
							<String ID="string_192" HPOS="820" VPOS="863" WIDTH="25" HEIGHT="13" WC="0.96" CONTENT="av"/><SP WIDTH="11" VPOS="863" HPOS="845"/>
							<String ID="string_193" HPOS="856" VPOS="856" WIDTH="74" HEIGHT="25" WC="0.96" CONTENT="bidrag"/><SP WIDTH="139" VPOS="856" HPOS="930"/>
							<String ID="string_194" HPOS="1069" VPOS="857" WIDTH="1" HEIGHT="3" WC="0.64" CONTENT="I"/><SP WIDTH="307" VPOS="857" HPOS="1070"/>
							<String ID="string_195" HPOS="1377" VPOS="869" WIDTH="5" HEIGHT="22" WC="0.61" CONTENT="|"/>
						</TextLine>
						<TextLine ID="line_34" HPOS="135" VPOS="885" WIDTH="1247" HEIGHT="33">
							<String ID="string_196" HPOS="135" VPOS="885" WIDTH="32" HEIGHT="20" WC="0.93" CONTENT="till"/><SP WIDTH="18" VPOS="885" HPOS="167"/>
							<String ID="string_197" HPOS="185" VPOS="885" WIDTH="287" HEIGHT="26" WC="0.90" CONTENT="försäkringsinspektionen."/><SP WIDTH="746" VPOS="885" HPOS="472"/>
							<String ID="string_198" HPOS="1218" VPOS="889" WIDTH="1" HEIGHT="29" WC="0.95" CONTENT="|"/><SP WIDTH="162" VPOS="889" HPOS="1219"/>
							<String ID="string_199" HPOS="1381" VPOS="896" WIDTH="1" HEIGHT="11" WC="0.80" CONTENT="|"/>
						</TextLine>
						<TextLine ID="line_35" HPOS="1218" VPOS="914" WIDTH="164" HEIGHT="17">
							<String ID="string_200" HPOS="1218" VPOS="920" WIDTH="1" HEIGHT="7" WC="0.66" CONTENT="I"/><SP WIDTH="162" VPOS="920" HPOS="1219"/>
							<String ID="string_201" HPOS="1381" VPOS="914" WIDTH="1" HEIGHT="17" WC="0.75" CONTENT="|"/>
						</TextLine>
						<TextLine ID="line_36" HPOS="1070" VPOS="934" WIDTH="149" HEIGHT="12">
							<String ID="string_202" HPOS="1070" VPOS="940" WIDTH="1" HEIGHT="6" WC="0.73" CONTENT="I"/><SP WIDTH="147" VPOS="940" HPOS="1071"/>
							<String ID="string_203" HPOS="1218" VPOS="934" WIDTH="1" HEIGHT="12" WC="0.86" CONTENT="I"/>
						</TextLine>
						<TextLine ID="line_37" HPOS="120" VPOS="935" WIDTH="1545" HEIGHT="48">
							<String ID="string_204" HPOS="120" VPOS="951" WIDTH="41" HEIGHT="20" WC="0.96" CONTENT="Till"/><SP WIDTH="16" VPOS="951" HPOS="161"/>
							<String ID="string_205" HPOS="177" VPOS="951" WIDTH="104" HEIGHT="21" WC="0.96" CONTENT="täckande"/><SP WIDTH="17" VPOS="951" HPOS="281"/>
							<String ID="string_206" HPOS="298" VPOS="958" WIDTH="26" HEIGHT="13" WC="0.96" CONTENT="av"/><SP WIDTH="16" VPOS="958" HPOS="324"/>
							<String ID="string_207" HPOS="340" VPOS="951" WIDTH="115" HEIGHT="21" WC="0.96" CONTENT="kostnader"/><SP WIDTH="15" VPOS="951" HPOS="455"/>
							<String ID="string_208" HPOS="470" VPOS="952" WIDTH="33" HEIGHT="19" WC="0.93" CONTENT="för"/><SP WIDTH="16" VPOS="952" HPOS="503"/>
							<String ID="string_209" HPOS="519" VPOS="951" WIDTH="158" HEIGHT="27" WC="0.90" CONTENT="dyrtidstillägg"/><SP WIDTH="13" VPOS="951" HPOS="677"/>
							<String ID="string_210" HPOS="690" VPOS="952" WIDTH="21" HEIGHT="20" WC="0.93" CONTENT="åt"/><SP WIDTH="12" VPOS="952" HPOS="711"/>
							<String ID="string_211" HPOS="723" VPOS="952" WIDTH="217" HEIGHT="26" WC="0.67" CONTENT="befattningshavare|"/><SP WIDTH="29" VPOS="952" HPOS="940"/>
							<String ID="string_212" HPOS="969" VPOS="958" WIDTH="7" HEIGHT="10" WC="0.54" CONTENT="&gt;»"/><SP WIDTH="42" VPOS="958" HPOS="976"/>
							<String ID="string_213" HPOS="1018" VPOS="947" WIDTH="53" HEIGHT="23" WC="0.0" CONTENT="|1:7&#39;"/><SP WIDTH="126" VPOS="947" HPOS="1071"/>
							<String ID="string_214" HPOS="1197" VPOS="950" WIDTH="22" HEIGHT="20" WC="0.79" CONTENT="6)"/><SP WIDTH="21" VPOS="950" HPOS="1219"/>
							<String ID="string_215" HPOS="1240" VPOS="951" WIDTH="8" HEIGHT="20" WC="0.32" CONTENT="11"/><SP WIDTH="41" VPOS="951" HPOS="1248"/>
							<String ID="string_216" HPOS="1289" VPOS="940" WIDTH="37" HEIGHT="32" WC="0.85" CONTENT="791"/><SP WIDTH="55" VPOS="940" HPOS="1326"/>
							<String ID="string_217" HPOS="1381" VPOS="935" WIDTH="53" HEIGHT="48" WC="0.29" CONTENT="[147]"/><SP WIDTH="61" VPOS="935" HPOS="1434"/>
							<String ID="string_218" HPOS="1495" VPOS="952" WIDTH="33" HEIGHT="20" WC="0.74" CONTENT="24:"/><SP WIDTH="14" VPOS="952" HPOS="1528"/>
							<String ID="string_219" HPOS="1542" VPOS="956" WIDTH="21" HEIGHT="16" WC="0.74" CONTENT="17"/><SP WIDTH="4" VPOS="956" HPOS="1563"/>
							<String ID="string_220" HPOS="1567" VPOS="948" WIDTH="19" HEIGHT="35" WC="0.94" CONTENT="|"/><SP WIDTH="11" VPOS="948" HPOS="1586"/>
							<String ID="string_221" HPOS="1597" VPOS="952" WIDTH="68" HEIGHT="19" WC="0.93" CONTENT="24:19"/>
						</TextLine>
						<TextLine ID="line_38" HPOS="135" VPOS="974" WIDTH="1248" HEIGHT="34">
							<String ID="string_222" HPOS="135" VPOS="981" WIDTH="6" HEIGHT="19" WC="0.96" CONTENT="i"/><SP WIDTH="17" VPOS="981" HPOS="141"/>
							<String ID="string_223" HPOS="158" VPOS="983" WIDTH="80" HEIGHT="18" WC="0.95" CONTENT="statens"/><SP WIDTH="16" VPOS="983" HPOS="238"/>
							<String ID="string_224" HPOS="254" VPOS="982" WIDTH="67" HEIGHT="26" WC="0.95" CONTENT="tjänst"/><SP WIDTH="16" VPOS="982" HPOS="321"/>
							<String ID="string_225" HPOS="337" VPOS="981" WIDTH="36" HEIGHT="21" WC="0.96" CONTENT="vid"/><SP WIDTH="16" VPOS="981" HPOS="373"/>
							<String ID="string_226" HPOS="389" VPOS="981" WIDTH="26" HEIGHT="20" WC="0.95" CONTENT="de"/><SP WIDTH="17" VPOS="981" HPOS="415"/>
							<String ID="string_227" HPOS="432" VPOS="981" WIDTH="33" HEIGHT="21" WC="0.92" CONTENT="till"/><SP WIDTH="16" VPOS="981" HPOS="465"/>
							<String ID="string_228" HPOS="481" VPOS="981" WIDTH="240" HEIGHT="27" WC="0.91" CONTENT="finansdepartementet"/><SP WIDTH="15" VPOS="981" HPOS="721"/>
							<String ID="string_229" HPOS="736" VPOS="982" WIDTH="94" HEIGHT="20" WC="0.93" CONTENT="hörande"/><SP WIDTH="11" VPOS="982" HPOS="830"/>
							<String ID="string_230" HPOS="841" VPOS="982" WIDTH="99" HEIGHT="20" WC="0.84" CONTENT="ämbets-"/><SP WIDTH="-11" VPOS="982" HPOS="940"/>
							<String ID="string_231" HPOS="929" VPOS="977" WIDTH="10" HEIGHT="36" WC="0.55" CONTENT="|"/><SP WIDTH="77" VPOS="977" HPOS="939"/>
							<String ID="string_232" HPOS="1016" VPOS="984" WIDTH="42" HEIGHT="22" WC="0.73" CONTENT="p.38"/><SP WIDTH="12" VPOS="984" HPOS="1058"/>
							<String ID="string_233" HPOS="1070" VPOS="986" WIDTH="1" HEIGHT="7" WC="0.88" CONTENT="|"/><SP WIDTH="148" VPOS="986" HPOS="1071"/>
							<String ID="string_234" HPOS="1219" VPOS="981" WIDTH="1" HEIGHT="27" WC="0.72" CONTENT="|"/><SP WIDTH="161" VPOS="981" HPOS="1220"/>
							<String ID="string_235" HPOS="1381" VPOS="974" WIDTH="2" HEIGHT="32" WC="0.93" CONTENT="|"/>
						</TextLine>
						<TextLine ID="line_39" HPOS="136" VPOS="1010" WIDTH="1247" HEIGHT="34">
							<String ID="string_236" HPOS="136" VPOS="1011" WIDTH="50" HEIGHT="20" WC="0.96" CONTENT="verk"/><SP WIDTH="19" VPOS="1011" HPOS="186"/>
							<String ID="string_237" HPOS="205" VPOS="1011" WIDTH="39" HEIGHT="20" WC="0.96" CONTENT="och"/><SP WIDTH="16" VPOS="1011" HPOS="244"/>
							<String ID="string_238" HPOS="260" VPOS="1011" WIDTH="62" HEIGHT="20" WC="0.96" CONTENT="kårer"/><SP WIDTH="15" VPOS="1011" HPOS="322"/>
							<String ID="string_239" HPOS="337" VPOS="1012" WIDTH="84" HEIGHT="20" WC="0.96" CONTENT="anvisas"/><SP WIDTH="17" VPOS="1012" HPOS="421"/>
							<String ID="string_240" HPOS="438" VPOS="1011" WIDTH="32" HEIGHT="20" WC="0.96" CONTENT="för"/><SP WIDTH="16" VPOS="1011" HPOS="470"/>
							<String ID="string_241" HPOS="486" VPOS="1011" WIDTH="125" HEIGHT="26" WC="0.93" CONTENT="budgetåret"/><SP WIDTH="17" VPOS="1011" HPOS="611"/>
							<String ID="string_242" HPOS="628" VPOS="1010" WIDTH="124" HEIGHT="29" WC="0.92" CONTENT="1926/1927"/><SP WIDTH="18" VPOS="1010" HPOS="752"/>
							<String ID="string_243" HPOS="770" VPOS="1013" WIDTH="31" HEIGHT="19" WC="0.96" CONTENT="ett"/><SP WIDTH="15" VPOS="1013" HPOS="801"/>
							<String ID="string_244" HPOS="816" VPOS="1013" WIDTH="60" HEIGHT="19" WC="0.93" CONTENT="extra"/><SP WIDTH="15" VPOS="1013" HPOS="876"/>
							<String ID="string_245" HPOS="891" VPOS="1012" WIDTH="39" HEIGHT="20" WC="0.91" CONTENT="för-"/><SP WIDTH="289" VPOS="1012" HPOS="930"/>
							<String ID="string_246" HPOS="1219" VPOS="1016" WIDTH="1" HEIGHT="28" WC="0.94" CONTENT="|"/><SP WIDTH="161" VPOS="1016" HPOS="1220"/>
							<String ID="string_247" HPOS="1381" VPOS="1019" WIDTH="2" HEIGHT="25" WC="0.49" CONTENT="|"/>
						</TextLine>
						<TextLine ID="line_40" HPOS="137" VPOS="1041" WIDTH="1083" HEIGHT="59">
							<String ID="string_248" HPOS="137" VPOS="1041" WIDTH="129" HEIGHT="26" WC="0.90" CONTENT="slagsanslag"/><SP WIDTH="16" VPOS="1041" HPOS="266"/>
							<String ID="string_249" HPOS="282" VPOS="1048" WIDTH="26" HEIGHT="13" WC="0.96" CONTENT="av"/><SP WIDTH="17" VPOS="1048" HPOS="308"/>
							<String ID="string_250" HPOS="325" VPOS="1041" WIDTH="12" HEIGHT="20" WC="0.92" CONTENT="3"/><SP WIDTH="10" VPOS="1041" HPOS="337"/>
							<String ID="string_251" HPOS="347" VPOS="1041" WIDTH="42" HEIGHT="20" WC="0.96" CONTENT="200"/><SP WIDTH="10" VPOS="1041" HPOS="389"/>
							<String ID="string_252" HPOS="399" VPOS="1041" WIDTH="42" HEIGHT="20" WC="0.96" CONTENT="000"/><SP WIDTH="17" VPOS="1041" HPOS="441"/>
							<String ID="string_253" HPOS="458" VPOS="1041" WIDTH="30" HEIGHT="20" WC="0.96" CONTENT="kr."/><SP WIDTH="731" VPOS="1041" HPOS="488"/>
							<String ID="string_254" HPOS="1219" VPOS="1066" WIDTH="1" HEIGHT="34" WC="0.76" CONTENT="|"/>
						</TextLine>
						<TextLine ID="line_41" HPOS="121" VPOS="1099" WIDTH="1529" HEIGHT="34">
							<String ID="string_255" HPOS="121" VPOS="1101" WIDTH="41" HEIGHT="20" WC="0.96" CONTENT="Till"/><SP WIDTH="17" VPOS="1101" HPOS="162"/>
							<String ID="string_256" HPOS="179" VPOS="1101" WIDTH="105" HEIGHT="20" WC="0.96" CONTENT="täckande"/><SP WIDTH="16" VPOS="1101" HPOS="284"/>
							<String ID="string_257" HPOS="300" VPOS="1108" WIDTH="25" HEIGHT="14" WC="0.96" CONTENT="av"/><SP WIDTH="17" VPOS="1108" HPOS="325"/>
							<String ID="string_258" HPOS="342" VPOS="1101" WIDTH="114" HEIGHT="21" WC="0.96" CONTENT="kostnader"/><SP WIDTH="15" VPOS="1101" HPOS="456"/>
							<String ID="string_259" HPOS="471" VPOS="1101" WIDTH="33" HEIGHT="21" WC="0.93" CONTENT="för"/><SP WIDTH="16" VPOS="1101" HPOS="504"/>
							<String ID="string_260" HPOS="520" VPOS="1101" WIDTH="157" HEIGHT="27" WC="0.91" CONTENT="dyrtidstillägg"/><SP WIDTH="13" VPOS="1101" HPOS="677"/>
							<String ID="string_261" HPOS="690" VPOS="1102" WIDTH="22" HEIGHT="20" WC="0.93" CONTENT="åt"/><SP WIDTH="12" VPOS="1102" HPOS="712"/>
							<String ID="string_262" HPOS="724" VPOS="1102" WIDTH="217" HEIGHT="25" WC="0.91" CONTENT="befattningshavare"/><SP WIDTH="-7" VPOS="1102" HPOS="941"/>
							<String ID="string_263" HPOS="934" VPOS="1095" WIDTH="19" HEIGHT="38" WC="0.71" CONTENT="|"/><SP WIDTH="17" VPOS="1095" HPOS="953"/>
							<String ID="string_264" HPOS="970" VPOS="1108" WIDTH="7" HEIGHT="10" WC="0.59" CONTENT="&gt;"/><SP WIDTH="35" VPOS="1108" HPOS="977"/>
							<String ID="string_265" HPOS="1012" VPOS="1099" WIDTH="55" HEIGHT="21" WC="0.0" CONTENT="11:10"/><SP WIDTH="130" VPOS="1099" HPOS="1067"/>
							<String ID="string_266" HPOS="1197" VPOS="1101" WIDTH="23" HEIGHT="32" WC="0.46" CONTENT="61)"/><SP WIDTH="20" VPOS="1101" HPOS="1220"/>
							<String ID="string_267" HPOS="1240" VPOS="1101" WIDTH="75" HEIGHT="20" WC="0.78" CONTENT="11-83"/><SP WIDTH="73" VPOS="1101" HPOS="1315"/>
							<String ID="string_268" HPOS="1388" VPOS="1102" WIDTH="41" HEIGHT="19" WC="0.96" CONTENT="232"/><SP WIDTH="66" VPOS="1102" HPOS="1429"/>
							<String ID="string_269" HPOS="1495" VPOS="1101" WIDTH="51" HEIGHT="20" WC="0.91" CONTENT="26:1"/><SP WIDTH="17" VPOS="1101" HPOS="1546"/>
							<String ID="string_270" HPOS="1563" VPOS="1097" WIDTH="23" HEIGHT="36" WC="0.84" CONTENT="|"/><SP WIDTH="11" VPOS="1097" HPOS="1586"/>
							<String ID="string_271" HPOS="1597" VPOS="1101" WIDTH="33" HEIGHT="20" WC="0.0" CONTENT="26:"/><SP WIDTH="11" VPOS="1101" HPOS="1630"/>
							<String ID="string_272" HPOS="1641" VPOS="1108" WIDTH="3" HEIGHT="12" WC="0.0" CONTENT="3"/>
						</TextLine>
						<TextLine ID="line_42" HPOS="136" VPOS="1126" WIDTH="1243" HEIGHT="33">
							<String ID="string_273" HPOS="136" VPOS="1131" WIDTH="6" HEIGHT="20" WC="0.96" CONTENT="i"/><SP WIDTH="17" VPOS="1131" HPOS="142"/>
							<String ID="string_274" HPOS="159" VPOS="1133" WIDTH="80" HEIGHT="19" WC="0.96" CONTENT="statens"/><SP WIDTH="17" VPOS="1133" HPOS="239"/>
							<String ID="string_275" HPOS="256" VPOS="1132" WIDTH="66" HEIGHT="26" WC="0.96" CONTENT="tjänst"/><SP WIDTH="15" VPOS="1132" HPOS="322"/>
							<String ID="string_276" HPOS="337" VPOS="1131" WIDTH="36" HEIGHT="21" WC="0.96" CONTENT="vid"/><SP WIDTH="11" VPOS="1131" HPOS="373"/>
							<String ID="string_277" HPOS="384" VPOS="1131" WIDTH="26" HEIGHT="20" WC="0.96" CONTENT="de"/><SP WIDTH="11" VPOS="1131" HPOS="410"/>
							<String ID="string_278" HPOS="421" VPOS="1131" WIDTH="34" HEIGHT="20" WC="0.93" CONTENT="till"/><SP WIDTH="11" VPOS="1131" HPOS="455"/>
							<String ID="string_279" HPOS="466" VPOS="1131" WIDTH="260" HEIGHT="28" WC="0.91" CONTENT="handelsdepartementet"/><SP WIDTH="11" VPOS="1131" HPOS="726"/>
							<String ID="string_280" HPOS="737" VPOS="1132" WIDTH="94" HEIGHT="20" WC="0.91" CONTENT="hörande"/><SP WIDTH="10" VPOS="1132" HPOS="831"/>
							<String ID="string_281" HPOS="841" VPOS="1132" WIDTH="89" HEIGHT="20" WC="0.91" CONTENT="ämbets-"/><SP WIDTH="10" VPOS="1132" HPOS="930"/>
							<String ID="string_282" HPOS="940" VPOS="1129" WIDTH="1" HEIGHT="8" WC="0.77" CONTENT="|"/><SP WIDTH="75" VPOS="1129" HPOS="941"/>
							<String ID="string_283" HPOS="1016" VPOS="1140" WIDTH="17" HEIGHT="17" WC="0.31" CONTENT="p."/><SP WIDTH="7" VPOS="1140" HPOS="1033"/>
							<String ID="string_284" HPOS="1040" VPOS="1134" WIDTH="22" HEIGHT="17" WC="0.31" CONTENT="68"/><SP WIDTH="62" VPOS="1134" HPOS="1062"/>
							<String ID="string_285" HPOS="1124" VPOS="1126" WIDTH="2" HEIGHT="23" WC="0.64" CONTENT="I"/><SP WIDTH="93" VPOS="1126" HPOS="1126"/>
							<String ID="string_286" HPOS="1219" VPOS="1142" WIDTH="1" HEIGHT="8" WC="0.71" CONTENT="I"/><SP WIDTH="157" VPOS="1142" HPOS="1220"/>
							<String ID="string_287" HPOS="1377" VPOS="1145" WIDTH="2" HEIGHT="3" WC="0.60" CONTENT="I"/>
						</TextLine>
						<TextLine ID="line_43" HPOS="136" VPOS="1161" WIDTH="794" HEIGHT="28">
							<String ID="string_288" HPOS="136" VPOS="1161" WIDTH="51" HEIGHT="20" WC="0.96" CONTENT="verk"/><SP WIDTH="16" VPOS="1161" HPOS="187"/>
							<String ID="string_289" HPOS="203" VPOS="1161" WIDTH="39" HEIGHT="20" WC="0.96" CONTENT="och"/><SP WIDTH="17" VPOS="1161" HPOS="242"/>
							<String ID="string_290" HPOS="259" VPOS="1161" WIDTH="61" HEIGHT="21" WC="0.95" CONTENT="kårer"/><SP WIDTH="16" VPOS="1161" HPOS="320"/>
							<String ID="string_291" HPOS="336" VPOS="1161" WIDTH="84" HEIGHT="20" WC="0.96" CONTENT="anvisas"/><SP WIDTH="16" VPOS="1161" HPOS="420"/>
							<String ID="string_292" HPOS="436" VPOS="1161" WIDTH="33" HEIGHT="20" WC="0.96" CONTENT="för"/><SP WIDTH="18" VPOS="1161" HPOS="469"/>
							<String ID="string_293" HPOS="487" VPOS="1161" WIDTH="125" HEIGHT="26" WC="0.93" CONTENT="budgetåret"/><SP WIDTH="17" VPOS="1161" HPOS="612"/>
							<String ID="string_294" HPOS="629" VPOS="1161" WIDTH="124" HEIGHT="28" WC="0.92" CONTENT="1926/1927"/><SP WIDTH="18" VPOS="1161" HPOS="753"/>
							<String ID="string_295" HPOS="771" VPOS="1163" WIDTH="29" HEIGHT="19" WC="0.96" CONTENT="ett"/><SP WIDTH="17" VPOS="1163" HPOS="800"/>
							<String ID="string_296" HPOS="817" VPOS="1163" WIDTH="59" HEIGHT="19" WC="0.93" CONTENT="extra"/><SP WIDTH="16" VPOS="1163" HPOS="876"/>
							<String ID="string_297" HPOS="892" VPOS="1162" WIDTH="38" HEIGHT="19" WC="0.93" CONTENT="för-"/>
						</TextLine>
						<TextLine ID="line_44" HPOS="137" VPOS="1191" WIDTH="1247" HEIGHT="44">
							<String ID="string_298" HPOS="137" VPOS="1191" WIDTH="130" HEIGHT="26" WC="0.89" CONTENT="slagsanslag"/><SP WIDTH="16" VPOS="1191" HPOS="267"/>
							<String ID="string_299" HPOS="283" VPOS="1198" WIDTH="25" HEIGHT="14" WC="0.96" CONTENT="av"/><SP WIDTH="18" VPOS="1198" HPOS="308"/>
							<String ID="string_300" HPOS="326" VPOS="1191" WIDTH="64" HEIGHT="21" WC="0.75" CONTENT="1000"/><SP WIDTH="10" VPOS="1191" HPOS="390"/>
							<String ID="string_301" HPOS="400" VPOS="1191" WIDTH="42" HEIGHT="21" WC="0.92" CONTENT="000"/><SP WIDTH="17" VPOS="1191" HPOS="442"/>
							<String ID="string_302" HPOS="459" VPOS="1191" WIDTH="31" HEIGHT="21" WC="0.96" CONTENT="kr."/><SP WIDTH="892" VPOS="1191" HPOS="490"/>
							<String ID="string_303" HPOS="1382" VPOS="1192" WIDTH="2" HEIGHT="43" WC="0.92" CONTENT="|"/>
						</TextLine>
						<TextLine ID="line_45" HPOS="121" VPOS="1240" WIDTH="1529" HEIGHT="38">
							<String ID="string_304" HPOS="121" VPOS="1251" WIDTH="42" HEIGHT="20" WC="0.96" CONTENT="Till"/><SP WIDTH="17" VPOS="1251" HPOS="163"/>
							<String ID="string_305" HPOS="180" VPOS="1251" WIDTH="104" HEIGHT="20" WC="0.96" CONTENT="täckande"/><SP WIDTH="16" VPOS="1251" HPOS="284"/>
							<String ID="string_306" HPOS="300" VPOS="1258" WIDTH="26" HEIGHT="13" WC="0.96" CONTENT="av"/><SP WIDTH="17" VPOS="1258" HPOS="326"/>
							<String ID="string_307" HPOS="343" VPOS="1251" WIDTH="114" HEIGHT="20" WC="0.96" CONTENT="kostnader"/><SP WIDTH="15" VPOS="1251" HPOS="457"/>
							<String ID="string_308" HPOS="472" VPOS="1251" WIDTH="33" HEIGHT="21" WC="0.93" CONTENT="för"/><SP WIDTH="16" VPOS="1251" HPOS="505"/>
							<String ID="string_309" HPOS="521" VPOS="1251" WIDTH="157" HEIGHT="27" WC="0.91" CONTENT="dyrtidstillägg"/><SP WIDTH="13" VPOS="1251" HPOS="678"/>
							<String ID="string_310" HPOS="691" VPOS="1252" WIDTH="22" HEIGHT="20" WC="0.93" CONTENT="åt"/><SP WIDTH="12" VPOS="1252" HPOS="713"/>
							<String ID="string_311" HPOS="725" VPOS="1251" WIDTH="217" HEIGHT="26" WC="0.90" CONTENT="befattningshavare"/><SP WIDTH="-7" VPOS="1251" HPOS="942"/>
							<String ID="string_312" HPOS="935" VPOS="1245" WIDTH="15" HEIGHT="37" WC="0.82" CONTENT="|"/><SP WIDTH="20" VPOS="1245" HPOS="950"/>
							<String ID="string_313" HPOS="970" VPOS="1258" WIDTH="8" HEIGHT="10" WC="0.78" CONTENT="»"/><SP WIDTH="42" VPOS="1258" HPOS="978"/>
							<String ID="string_314" HPOS="1020" VPOS="1249" WIDTH="40" HEIGHT="20" WC="0.82" CONTENT="|1:3"/><SP WIDTH="139" VPOS="1249" HPOS="1060"/>
							<String ID="string_315" HPOS="1199" VPOS="1250" WIDTH="11" HEIGHT="20" WC="0.28" CONTENT="Of"/><SP WIDTH="78" VPOS="1250" HPOS="1210"/>
							<String ID="string_316" HPOS="1288" VPOS="1251" WIDTH="27" HEIGHT="20" WC="0.23" CONTENT="kasse"/><SP WIDTH="67" VPOS="1251" HPOS="1315"/>
							<String ID="string_317" HPOS="1382" VPOS="1240" WIDTH="48" HEIGHT="31" WC="0.67" CONTENT="188"/><SP WIDTH="66" VPOS="1240" HPOS="1430"/>
							<String ID="string_318" HPOS="1496" VPOS="1251" WIDTH="53" HEIGHT="19" WC="0.6" CONTENT="26:83:"/><SP WIDTH="17" VPOS="1251" HPOS="1549"/>
							<String ID="string_319" HPOS="1566" VPOS="1245" WIDTH="18" HEIGHT="35" WC="0.6" CONTENT="|"/><SP WIDTH="13" VPOS="1245" HPOS="1584"/>
							<String ID="string_320" HPOS="1597" VPOS="1251" WIDTH="53" HEIGHT="20" WC="0.90" CONTENT="26:5"/>
						</TextLine>
						<TextLine ID="line_46" HPOS="136" VPOS="1278" WIDTH="1248" HEIGHT="35">
							<String ID="string_321" HPOS="136" VPOS="1281" WIDTH="7" HEIGHT="19" WC="0.96" CONTENT="i"/><SP WIDTH="17" VPOS="1281" HPOS="143"/>
							<String ID="string_322" HPOS="160" VPOS="1283" WIDTH="80" HEIGHT="18" WC="0.96" CONTENT="statens"/><SP WIDTH="19" VPOS="1283" HPOS="240"/>
							<String ID="string_323" HPOS="259" VPOS="1282" WIDTH="73" HEIGHT="26" WC="0.96" CONTENT="tjänst,"/><SP WIDTH="20" VPOS="1282" HPOS="332"/>
							<String ID="string_324" HPOS="352" VPOS="1281" WIDTH="129" HEIGHT="20" WC="0.93" CONTENT="tillhörande"/><SP WIDTH="19" VPOS="1281" HPOS="481"/>
							<String ID="string_325" HPOS="500" VPOS="1281" WIDTH="251" HEIGHT="26" WC="0.91" CONTENT="utrikesdepartementet"/><SP WIDTH="15" VPOS="1281" HPOS="751"/>
							<String ID="string_326" HPOS="766" VPOS="1283" WIDTH="56" HEIGHT="19" WC="0.93" CONTENT="samt"/><SP WIDTH="16" VPOS="1283" HPOS="822"/>
							<String ID="string_327" HPOS="838" VPOS="1281" WIDTH="93" HEIGHT="21" WC="0.93" CONTENT="beskick-"/><SP WIDTH="87" VPOS="1281" HPOS="931"/>
							<String ID="string_328" HPOS="1018" VPOS="1290" WIDTH="16" HEIGHT="16" WC="0.47" CONTENT="p."/><SP WIDTH="4" VPOS="1290" HPOS="1034"/>
							<String ID="string_329" HPOS="1038" VPOS="1278" WIDTH="22" HEIGHT="35" WC="0.47" CONTENT="31"/><SP WIDTH="318" VPOS="1278" HPOS="1060"/>
							<String ID="string_330" HPOS="1378" VPOS="1280" WIDTH="6" HEIGHT="31" WC="0.72" CONTENT="I"/>
						</TextLine>
						<TextLine ID="line_47" HPOS="138" VPOS="1311" WIDTH="1246" HEIGHT="35">
							<String ID="string_331" HPOS="138" VPOS="1311" WIDTH="74" HEIGHT="25" WC="0.96" CONTENT="ningar"/><SP WIDTH="16" VPOS="1311" HPOS="212"/>
							<String ID="string_332" HPOS="228" VPOS="1311" WIDTH="38" HEIGHT="20" WC="0.96" CONTENT="och"/><SP WIDTH="17" VPOS="1311" HPOS="266"/>
							<String ID="string_333" HPOS="283" VPOS="1311" WIDTH="107" HEIGHT="24" WC="0.96" CONTENT="konsulat,"/><SP WIDTH="18" VPOS="1311" HPOS="390"/>
							<String ID="string_334" HPOS="408" VPOS="1311" WIDTH="89" HEIGHT="26" WC="0.96" CONTENT="beviljas"/><SP WIDTH="17" VPOS="1311" HPOS="497"/>
							<String ID="string_335" HPOS="514" VPOS="1311" WIDTH="32" HEIGHT="20" WC="0.96" CONTENT="för"/><SP WIDTH="16" VPOS="1311" HPOS="546"/>
							<String ID="string_336" HPOS="562" VPOS="1311" WIDTH="125" HEIGHT="26" WC="0.96" CONTENT="budgetåret"/><SP WIDTH="18" VPOS="1311" HPOS="687"/>
							<String ID="string_337" HPOS="705" VPOS="1311" WIDTH="55" HEIGHT="20" WC="0.96" CONTENT="1926"/><SP WIDTH="17" VPOS="1311" HPOS="760"/>
							<String ID="string_338" HPOS="777" VPOS="1313" WIDTH="31" HEIGHT="18" WC="0.96" CONTENT="ett"/><SP WIDTH="15" VPOS="1313" HPOS="808"/>
							<String ID="string_339" HPOS="823" VPOS="1313" WIDTH="60" HEIGHT="18" WC="0.93" CONTENT="extra"/><SP WIDTH="10" VPOS="1313" HPOS="883"/>
							<String ID="string_340" HPOS="893" VPOS="1311" WIDTH="38" HEIGHT="20" WC="0.92" CONTENT="för-"/><SP WIDTH="447" VPOS="1311" HPOS="931"/>
							<String ID="string_341" HPOS="1378" VPOS="1312" WIDTH="6" HEIGHT="34" WC="0.71" CONTENT="I"/>
						</TextLine>
						<TextLine ID="line_48" HPOS="137" VPOS="1340" WIDTH="1542" HEIGHT="51">
							<String ID="string_342" HPOS="137" VPOS="1340" WIDTH="130" HEIGHT="26" WC="0.90" CONTENT="slagsanslag"/><SP WIDTH="16" VPOS="1340" HPOS="267"/>
							<String ID="string_343" HPOS="283" VPOS="1347" WIDTH="26" HEIGHT="14" WC="0.96" CONTENT="av"/><SP WIDTH="17" VPOS="1347" HPOS="309"/>
							<String ID="string_344" HPOS="326" VPOS="1340" WIDTH="41" HEIGHT="21" WC="0.84" CONTENT="300"/><SP WIDTH="9" VPOS="1340" HPOS="367"/>
							<String ID="string_345" HPOS="376" VPOS="1340" WIDTH="43" HEIGHT="21" WC="0.84" CONTENT="000"/><SP WIDTH="16" VPOS="1340" HPOS="419"/>
							<String ID="string_346" HPOS="435" VPOS="1341" WIDTH="31" HEIGHT="20" WC="0.95" CONTENT="kr."/><SP WIDTH="917" VPOS="1341" HPOS="466"/>
							<String ID="string_347" HPOS="1383" VPOS="1342" WIDTH="1" HEIGHT="49" WC="0.85" CONTENT="|"/><SP WIDTH="294" VPOS="1342" HPOS="1384"/>
							<String ID="string_348" HPOS="1678" VPOS="1363" WIDTH="1" HEIGHT="3" WC="0.66" CONTENT="|"/>
						</TextLine>
						<TextLine ID="line_49" HPOS="701" VPOS="1370" WIDTH="978" HEIGHT="31">
							<String ID="string_349" HPOS="701" VPOS="1373" WIDTH="1" HEIGHT="3" WC="0.3" CONTENT=":"/><SP WIDTH="370" VPOS="1373" HPOS="702"/>
							<String ID="string_350" HPOS="1072" VPOS="1370" WIDTH="1" HEIGHT="24" WC="0.88" CONTENT="|"/><SP WIDTH="189" VPOS="1370" HPOS="1073"/>
							<String ID="string_351" HPOS="1262" VPOS="1376" WIDTH="1" HEIGHT="25" WC="0.86" CONTENT="|"/><SP WIDTH="171" VPOS="1376" HPOS="1263"/>
							<String ID="string_352" HPOS="1434" VPOS="1381" WIDTH="1" HEIGHT="3" WC="0.9" CONTENT="4"/><SP WIDTH="243" VPOS="1381" HPOS="1435"/>
							<String ID="string_353" HPOS="1678" VPOS="1370" WIDTH="1" HEIGHT="29" WC="0.82" CONTENT="|"/>
						</TextLine>
						<TextLine ID="line_50" HPOS="122" VPOS="1399" WIDTH="1557" HEIGHT="38">
							<String ID="string_354" HPOS="122" VPOS="1400" WIDTH="40" HEIGHT="20" WC="0.96" CONTENT="För"/><SP WIDTH="17" VPOS="1400" HPOS="162"/>
							<String ID="string_355" HPOS="179" VPOS="1400" WIDTH="118" HEIGHT="21" WC="0.96" CONTENT="beredande"/><SP WIDTH="16" VPOS="1400" HPOS="297"/>
							<String ID="string_356" HPOS="313" VPOS="1400" WIDTH="69" HEIGHT="20" WC="0.96" CONTENT="under"/><SP WIDTH="16" VPOS="1400" HPOS="382"/>
							<String ID="string_357" HPOS="398" VPOS="1400" WIDTH="58" HEIGHT="21" WC="0.96" CONTENT="tiden"/><SP WIDTH="19" VPOS="1400" HPOS="456"/>
							<String ID="string_358" HPOS="475" VPOS="1400" WIDTH="10" HEIGHT="20" WC="0.95" CONTENT="1"/><SP WIDTH="12" VPOS="1400" HPOS="485"/>
							<String ID="string_359" HPOS="497" VPOS="1401" WIDTH="41" HEIGHT="26" WC="0.92" CONTENT="juli"/><SP WIDTH="14" VPOS="1401" HPOS="538"/>
							<String ID="string_360" HPOS="552" VPOS="1400" WIDTH="115" HEIGHT="21" WC="0.90" CONTENT="1926—30"/><SP WIDTH="11" VPOS="1400" HPOS="667"/>
							<String ID="string_361" HPOS="678" VPOS="1401" WIDTH="48" HEIGHT="26" WC="0.96" CONTENT="juni"/><SP WIDTH="12" VPOS="1401" HPOS="726"/>
							<String ID="string_362" HPOS="738" VPOS="1400" WIDTH="55" HEIGHT="21" WC="0.96" CONTENT="1927"/><SP WIDTH="13" VPOS="1400" HPOS="793"/>
							<String ID="string_363" HPOS="806" VPOS="1407" WIDTH="26" HEIGHT="13" WC="0.93" CONTENT="av"/><SP WIDTH="11" VPOS="1407" HPOS="832"/>
							<String ID="string_364" HPOS="843" VPOS="1400" WIDTH="88" HEIGHT="27" WC="0.40" CONTENT="dyrtids-"/><SP WIDTH="5" VPOS="1400" HPOS="931"/>
							<String ID="string_365" HPOS="936" VPOS="1395" WIDTH="15" HEIGHT="37" WC="0.40" CONTENT="|"/><SP WIDTH="20" VPOS="1395" HPOS="951"/>
							<String ID="string_366" HPOS="971" VPOS="1402" WIDTH="17" HEIGHT="15" WC="0.74" CONTENT="»&#39;"/><SP WIDTH="32" VPOS="1402" HPOS="988"/>
							<String ID="string_367" HPOS="1020" VPOS="1399" WIDTH="41" HEIGHT="20" WC="0.51" CONTENT="11:8"/><SP WIDTH="138" VPOS="1399" HPOS="1061"/>
							<String ID="string_368" HPOS="1199" VPOS="1399" WIDTH="174" HEIGHT="21" WC="0.0" CONTENT="GRENESTNe0"/><SP WIDTH="10" VPOS="1399" HPOS="1373"/>
							<String ID="string_369" HPOS="1383" VPOS="1400" WIDTH="21" HEIGHT="37" WC="0.28" CONTENT="8"/><SP WIDTH="10" VPOS="1400" HPOS="1404"/>
							<String ID="string_370" HPOS="1414" VPOS="1401" WIDTH="51" HEIGHT="20" WC="0.9" CONTENT="Als71"/><SP WIDTH="31" VPOS="1401" HPOS="1465"/>
							<String ID="string_371" HPOS="1496" VPOS="1400" WIDTH="68" HEIGHT="20" WC="0.36" CONTENT="28:12]"/><SP WIDTH="33" VPOS="1400" HPOS="1564"/>
							<String ID="string_372" HPOS="1597" VPOS="1400" WIDTH="32" HEIGHT="19" WC="0.77" CONTENT="28:"/><SP WIDTH="16" VPOS="1400" HPOS="1629"/>
							<String ID="string_373" HPOS="1645" VPOS="1401" WIDTH="34" HEIGHT="23" WC="0.67" CONTENT="84]"/>
						</TextLine>
						<TextLine ID="line_51" HPOS="137" VPOS="1430" WIDTH="1542" HEIGHT="28">
							<String ID="string_374" HPOS="137" VPOS="1430" WIDTH="74" HEIGHT="26" WC="0.95" CONTENT="tillägg"/><SP WIDTH="15" VPOS="1430" HPOS="211"/>
							<String ID="string_375" HPOS="226" VPOS="1431" WIDTH="22" HEIGHT="19" WC="0.96" CONTENT="åt"/><SP WIDTH="16" VPOS="1431" HPOS="248"/>
							<String ID="string_376" HPOS="264" VPOS="1430" WIDTH="99" HEIGHT="20" WC="0.95" CONTENT="nordiska"/><SP WIDTH="18" VPOS="1430" HPOS="363"/>
							<String ID="string_377" HPOS="381" VPOS="1432" WIDTH="93" HEIGHT="18" WC="0.96" CONTENT="museets"/><SP WIDTH="16" VPOS="1432" HPOS="474"/>
							<String ID="string_378" HPOS="490" VPOS="1430" WIDTH="98" HEIGHT="27" WC="0.96" CONTENT="personal"/><SP WIDTH="16" VPOS="1430" HPOS="588"/>
							<String ID="string_379" HPOS="604" VPOS="1430" WIDTH="50" HEIGHT="21" WC="0.96" CONTENT="med"/><SP WIDTH="14" VPOS="1430" HPOS="654"/>
							<String ID="string_380" HPOS="668" VPOS="1430" WIDTH="109" HEIGHT="26" WC="0.95" CONTENT="undantag"/><SP WIDTH="10" VPOS="1430" HPOS="777"/>
							<String ID="string_381" HPOS="787" VPOS="1437" WIDTH="26" HEIGHT="13" WC="0.93" CONTENT="av"/><SP WIDTH="11" VPOS="1437" HPOS="813"/>
							<String ID="string_382" HPOS="824" VPOS="1430" WIDTH="57" HEIGHT="20" WC="0.92" CONTENT="vakt-"/><SP WIDTH="12" VPOS="1430" HPOS="881"/>
							<String ID="string_383" HPOS="893" VPOS="1430" WIDTH="38" HEIGHT="20" WC="0.96" CONTENT="och"/><SP WIDTH="87" VPOS="1430" HPOS="931"/>
							<String ID="string_384" HPOS="1018" VPOS="1435" WIDTH="44" HEIGHT="21" WC="0.77" CONTENT="p.27"/><SP WIDTH="616" VPOS="1435" HPOS="1062"/>
							<String ID="string_385" HPOS="1678" VPOS="1455" WIDTH="1" HEIGHT="3" WC="0.53" CONTENT="|"/>
						</TextLine>
						<TextLine ID="line_52" HPOS="136" VPOS="1460" WIDTH="1543" HEIGHT="29">
							<String ID="string_386" HPOS="136" VPOS="1460" WIDTH="209" HEIGHT="26" WC="0.91" CONTENT="arbetarpersonalen"/><SP WIDTH="20" VPOS="1460" HPOS="345"/>
							<String ID="string_387" HPOS="365" VPOS="1460" WIDTH="36" HEIGHT="20" WC="0.92" CONTENT="vid"/><SP WIDTH="19" VPOS="1460" HPOS="401"/>
							<String ID="string_388" HPOS="420" VPOS="1460" WIDTH="224" HEIGHT="26" WC="0.90" CONTENT="friluftsavdelningen"/><SP WIDTH="17" VPOS="1460" HPOS="644"/>
							<String ID="string_389" HPOS="661" VPOS="1461" WIDTH="12" HEIGHT="19" WC="0.89" CONTENT="å"/><SP WIDTH="16" VPOS="1461" HPOS="673"/>
							<String ID="string_390" HPOS="689" VPOS="1461" WIDTH="95" HEIGHT="20" WC="0.96" CONTENT="Skansen"/><SP WIDTH="17" VPOS="1461" HPOS="784"/>
							<String ID="string_391" HPOS="801" VPOS="1460" WIDTH="83" HEIGHT="20" WC="0.95" CONTENT="anvisas"/><SP WIDTH="16" VPOS="1460" HPOS="884"/>
							<String ID="string_392" HPOS="900" VPOS="1460" WIDTH="33" HEIGHT="20" WC="0.96" CONTENT="för"/><SP WIDTH="745" VPOS="1460" HPOS="933"/>
							<String ID="string_393" HPOS="1678" VPOS="1480" WIDTH="1" HEIGHT="9" WC="0.72" CONTENT="|"/>
						</TextLine>
						<TextLine ID="line_53" HPOS="138" VPOS="1488" WIDTH="1247" HEIGHT="36">
							<String ID="string_394" HPOS="138" VPOS="1489" WIDTH="124" HEIGHT="27" WC="0.93" CONTENT="budgetåret"/><SP WIDTH="25" VPOS="1489" HPOS="262"/>
							<String ID="string_395" HPOS="287" VPOS="1488" WIDTH="125" HEIGHT="29" WC="0.91" CONTENT="1926/1927"/><SP WIDTH="21" VPOS="1488" HPOS="412"/>
							<String ID="string_396" HPOS="433" VPOS="1492" WIDTH="30" HEIGHT="18" WC="0.96" CONTENT="ett"/><SP WIDTH="19" VPOS="1492" HPOS="463"/>
							<String ID="string_397" HPOS="482" VPOS="1492" WIDTH="60" HEIGHT="18" WC="0.96" CONTENT="extra"/><SP WIDTH="20" VPOS="1492" HPOS="542"/>
							<String ID="string_398" HPOS="562" VPOS="1491" WIDTH="73" HEIGHT="25" WC="0.96" CONTENT="anslag"/><SP WIDTH="16" VPOS="1491" HPOS="635"/>
							<String ID="string_399" HPOS="651" VPOS="1497" WIDTH="26" HEIGHT="13" WC="0.96" CONTENT="av"/><SP WIDTH="16" VPOS="1497" HPOS="677"/>
							<String ID="string_400" HPOS="693" VPOS="1490" WIDTH="28" HEIGHT="20" WC="0.89" CONTENT="44"/><SP WIDTH="10" VPOS="1490" HPOS="721"/>
							<String ID="string_401" HPOS="731" VPOS="1490" WIDTH="41" HEIGHT="20" WC="0.89" CONTENT="000"/><SP WIDTH="17" VPOS="1490" HPOS="772"/>
							<String ID="string_402" HPOS="789" VPOS="1490" WIDTH="30" HEIGHT="20" WC="0.96" CONTENT="kr."/><SP WIDTH="18" VPOS="1490" HPOS="819"/>
							<String ID="string_403" HPOS="837" VPOS="1492" WIDTH="31" HEIGHT="18" WC="0.95" CONTENT="att"/><SP WIDTH="15" VPOS="1492" HPOS="868"/>
							<String ID="string_404" HPOS="883" VPOS="1491" WIDTH="50" HEIGHT="25" WC="0.96" CONTENT="utgå"/><SP WIDTH="330" VPOS="1491" HPOS="933"/>
							<String ID="string_405" HPOS="1263" VPOS="1494" WIDTH="1" HEIGHT="30" WC="0.91" CONTENT="|"/><SP WIDTH="115" VPOS="1494" HPOS="1264"/>
							<String ID="string_406" HPOS="1379" VPOS="1496" WIDTH="6" HEIGHT="20" WC="0.43" CONTENT="II"/>
						</TextLine>
						<TextLine ID="line_54" HPOS="138" VPOS="1515" WIDTH="1247" HEIGHT="45">
							<String ID="string_407" HPOS="138" VPOS="1519" WIDTH="66" HEIGHT="21" WC="0.96" CONTENT="under"/><SP WIDTH="15" VPOS="1519" HPOS="204"/>
							<String ID="string_408" HPOS="219" VPOS="1520" WIDTH="137" HEIGHT="26" WC="0.96" CONTENT="iakttagande"/><SP WIDTH="16" VPOS="1520" HPOS="356"/>
							<String ID="string_409" HPOS="372" VPOS="1520" WIDTH="7" HEIGHT="19" WC="0.95" CONTENT="i"/><SP WIDTH="16" VPOS="1520" HPOS="379"/>
							<String ID="string_410" HPOS="395" VPOS="1520" WIDTH="130" HEIGHT="26" WC="0.96" CONTENT="tillämpliga"/><SP WIDTH="15" VPOS="1520" HPOS="525"/>
							<String ID="string_411" HPOS="540" VPOS="1520" WIDTH="59" HEIGHT="20" WC="0.96" CONTENT="delar"/><SP WIDTH="16" VPOS="1520" HPOS="599"/>
							<String ID="string_412" HPOS="615" VPOS="1527" WIDTH="25" HEIGHT="14" WC="0.96" CONTENT="av"/><SP WIDTH="15" VPOS="1527" HPOS="640"/>
							<String ID="string_413" HPOS="655" VPOS="1520" WIDTH="25" HEIGHT="21" WC="0.96" CONTENT="de"/><SP WIDTH="13" VPOS="1520" HPOS="680"/>
							<String ID="string_414" HPOS="693" VPOS="1520" WIDTH="98" HEIGHT="26" WC="0.96" CONTENT="grunder,"/><SP WIDTH="12" VPOS="1520" HPOS="791"/>
							<String ID="string_415" HPOS="803" VPOS="1526" WIDTH="45" HEIGHT="14" WC="0.96" CONTENT="som"/><SP WIDTH="11" VPOS="1526" HPOS="848"/>
							<String ID="string_416" HPOS="859" VPOS="1520" WIDTH="84" HEIGHT="24" WC="0.96" CONTENT="kunna"/><SP WIDTH="-17" VPOS="1520" HPOS="943"/>
							<String ID="string_417" HPOS="926" VPOS="1515" WIDTH="18" HEIGHT="36" WC="0.95" CONTENT="|"/><SP WIDTH="319" VPOS="1515" HPOS="944"/>
							<String ID="string_418" HPOS="1263" VPOS="1525" WIDTH="1" HEIGHT="21" WC="0.77" CONTENT="|"/><SP WIDTH="115" VPOS="1525" HPOS="1264"/>
							<String ID="string_419" HPOS="1379" VPOS="1515" WIDTH="6" HEIGHT="45" WC="0.64" CONTENT="|"/>
						</TextLine>
						<TextLine ID="line_55" HPOS="137" VPOS="1549" WIDTH="1127" HEIGHT="28">
							<String ID="string_420" HPOS="137" VPOS="1549" WIDTH="65" HEIGHT="21" WC="0.91" CONTENT="varda"/><SP WIDTH="16" VPOS="1549" HPOS="202"/>
							<String ID="string_421" HPOS="218" VPOS="1550" WIDTH="110" HEIGHT="20" WC="0.96" CONTENT="bestämda"/><SP WIDTH="17" VPOS="1550" HPOS="328"/>
							<String ID="string_422" HPOS="345" VPOS="1550" WIDTH="132" HEIGHT="20" WC="0.93" CONTENT="beträffande"/><SP WIDTH="16" VPOS="1550" HPOS="477"/>
							<String ID="string_423" HPOS="493" VPOS="1550" WIDTH="158" HEIGHT="27" WC="0.93" CONTENT="dyrtidstillägg"/><SP WIDTH="12" VPOS="1550" HPOS="651"/>
							<String ID="string_424" HPOS="663" VPOS="1550" WIDTH="68" HEIGHT="21" WC="0.96" CONTENT="under"/><SP WIDTH="11" VPOS="1550" HPOS="731"/>
							<String ID="string_425" HPOS="742" VPOS="1550" WIDTH="148" HEIGHT="20" WC="0.96" CONTENT="motsvarande"/><SP WIDTH="12" VPOS="1550" HPOS="890"/>
							<String ID="string_426" HPOS="902" VPOS="1549" WIDTH="31" HEIGHT="21" WC="0.96" CONTENT="tid"/><SP WIDTH="330" VPOS="1549" HPOS="933"/>
							<String ID="string_427" HPOS="1263" VPOS="1549" WIDTH="1" HEIGHT="14" WC="0.73" CONTENT="|"/>
						</TextLine>
						<TextLine ID="line_56" HPOS="137" VPOS="1576" WIDTH="1543" HEIGHT="31">
							<String ID="string_428" HPOS="137" VPOS="1580" WIDTH="22" HEIGHT="19" WC="0.93" CONTENT="åt"/><SP WIDTH="18" VPOS="1580" HPOS="159"/>
							<String ID="string_429" HPOS="177" VPOS="1580" WIDTH="210" HEIGHT="25" WC="0.91" CONTENT="befattningshavare"/><SP WIDTH="16" VPOS="1580" HPOS="387"/>
							<String ID="string_430" HPOS="403" VPOS="1580" WIDTH="7" HEIGHT="19" WC="0.96" CONTENT="i"/><SP WIDTH="16" VPOS="1580" HPOS="410"/>
							<String ID="string_431" HPOS="426" VPOS="1582" WIDTH="81" HEIGHT="18" WC="0.96" CONTENT="statens"/><SP WIDTH="15" VPOS="1582" HPOS="507"/>
							<String ID="string_432" HPOS="522" VPOS="1580" WIDTH="47" HEIGHT="20" WC="0.93" CONTENT="icke"/><SP WIDTH="16" VPOS="1580" HPOS="569"/>
							<String ID="string_433" HPOS="585" VPOS="1580" WIDTH="137" HEIGHT="27" WC="0.91" CONTENT="nyreglerade"/><SP WIDTH="16" VPOS="1580" HPOS="722"/>
							<String ID="string_434" HPOS="738" VPOS="1580" WIDTH="56" HEIGHT="22" WC="0.95" CONTENT="verk,"/><SP WIDTH="17" VPOS="1580" HPOS="794"/>
							<String ID="string_435" HPOS="811" VPOS="1580" WIDTH="39" HEIGHT="20" WC="0.96" CONTENT="och"/><SP WIDTH="17" VPOS="1580" HPOS="850"/>
							<String ID="string_436" HPOS="867" VPOS="1580" WIDTH="66" HEIGHT="25" WC="0.96" CONTENT="enligt"/><SP WIDTH="450" VPOS="1580" HPOS="933"/>
							<String ID="string_437" HPOS="1383" VPOS="1578" WIDTH="2" HEIGHT="24" WC="0.87" CONTENT="|"/><SP WIDTH="293" VPOS="1578" HPOS="1385"/>
							<String ID="string_438" HPOS="1678" VPOS="1576" WIDTH="2" HEIGHT="31" WC="0.60" CONTENT="|"/>
						</TextLine>
						<TextLine ID="line_57" HPOS="137" VPOS="1609" WIDTH="1543" HEIGHT="30">
							<String ID="string_439" HPOS="137" VPOS="1609" WIDTH="26" HEIGHT="20" WC="0.96" CONTENT="de"/><SP WIDTH="16" VPOS="1609" HPOS="163"/>
							<String ID="string_440" HPOS="179" VPOS="1611" WIDTH="97" HEIGHT="19" WC="0.96" CONTENT="närmare"/><SP WIDTH="18" VPOS="1611" HPOS="276"/>
							<String ID="string_441" HPOS="294" VPOS="1610" WIDTH="167" HEIGHT="23" WC="0.96" CONTENT="bestämmelser,"/><SP WIDTH="18" VPOS="1610" HPOS="461"/>
							<String ID="string_442" HPOS="479" VPOS="1616" WIDTH="45" HEIGHT="14" WC="0.95" CONTENT="som"/><SP WIDTH="17" VPOS="1616" HPOS="524"/>
							<String ID="string_443" HPOS="541" VPOS="1611" WIDTH="36" HEIGHT="19" WC="0.95" CONTENT="må"/><SP WIDTH="16" VPOS="1611" HPOS="577"/>
							<String ID="string_444" HPOS="593" VPOS="1617" WIDTH="26" HEIGHT="13" WC="0.93" CONTENT="av"/><SP WIDTH="15" VPOS="1617" HPOS="619"/>
							<String ID="string_445" HPOS="634" VPOS="1610" WIDTH="62" HEIGHT="20" WC="0.92" CONTENT="KM:t"/><SP WIDTH="16" VPOS="1610" HPOS="696"/>
							<String ID="string_446" HPOS="712" VPOS="1610" WIDTH="114" HEIGHT="20" WC="0.96" CONTENT="meddelas."/><SP WIDTH="557" VPOS="1610" HPOS="826"/>
							<String ID="string_447" HPOS="1383" VPOS="1635" WIDTH="2" HEIGHT="4" WC="0.85" CONTENT="|"/><SP WIDTH="293" VPOS="1635" HPOS="1385"/>
							<String ID="string_448" HPOS="1678" VPOS="1613" WIDTH="2" HEIGHT="25" WC="0.65" CONTENT="I"/>
						</TextLine>
						<TextLine ID="line_58" HPOS="123" VPOS="1653" WIDTH="1557" HEIGHT="48">
							<String ID="string_449" HPOS="123" VPOS="1669" WIDTH="40" HEIGHT="20" WC="0.96" CONTENT="För"/><SP WIDTH="17" VPOS="1669" HPOS="163"/>
							<String ID="string_450" HPOS="180" VPOS="1669" WIDTH="118" HEIGHT="20" WC="0.96" CONTENT="beredande"/><SP WIDTH="17" VPOS="1669" HPOS="298"/>
							<String ID="string_451" HPOS="315" VPOS="1676" WIDTH="25" HEIGHT="14" WC="0.92" CONTENT="av"/><SP WIDTH="17" VPOS="1676" HPOS="340"/>
							<String ID="string_452" HPOS="357" VPOS="1669" WIDTH="158" HEIGHT="27" WC="0.91" CONTENT="dyrtidstillägg"/><SP WIDTH="16" VPOS="1669" HPOS="515"/>
							<String ID="string_453" HPOS="531" VPOS="1670" WIDTH="21" HEIGHT="20" WC="0.93" CONTENT="åt"/><SP WIDTH="16" VPOS="1670" HPOS="552"/>
							<String ID="string_454" HPOS="568" VPOS="1670" WIDTH="209" HEIGHT="26" WC="0.91" CONTENT="befattningshavare"/><SP WIDTH="10" VPOS="1670" HPOS="777"/>
							<String ID="string_455" HPOS="787" VPOS="1670" WIDTH="37" HEIGHT="20" WC="0.96" CONTENT="vid"/><SP WIDTH="10" VPOS="1670" HPOS="824"/>
							<String ID="string_456" HPOS="834" VPOS="1669" WIDTH="99" HEIGHT="21" WC="0.96" CONTENT="tekniska"/><SP WIDTH="87" VPOS="1669" HPOS="933"/>
							<String ID="string_457" HPOS="1020" VPOS="1669" WIDTH="53" HEIGHT="23" WC="0.28" CONTENT="1:8]|"/><SP WIDTH="127" VPOS="1669" HPOS="1073"/>
							<String ID="string_458" HPOS="1200" VPOS="1667" WIDTH="64" HEIGHT="21" WC="0.13" CONTENT="ONE"/><SP WIDTH="64" VPOS="1667" HPOS="1264"/>
							<String ID="string_459" HPOS="1328" VPOS="1672" WIDTH="44" HEIGHT="17" WC="0.35" CONTENT="GE"/><SP WIDTH="11" VPOS="1672" HPOS="1372"/>
							<String ID="string_460" HPOS="1383" VPOS="1653" WIDTH="14" HEIGHT="48" WC="0.39" CONTENT="[8"/><SP WIDTH="16" VPOS="1653" HPOS="1397"/>
							<String ID="string_461" HPOS="1413" VPOS="1656" WIDTH="57" HEIGHT="33" WC="0.26" CONTENT="Azar]"/><SP WIDTH="27" VPOS="1656" HPOS="1470"/>
							<String ID="string_462" HPOS="1497" VPOS="1668" WIDTH="68" HEIGHT="21" WC="0.85" CONTENT="28:95"/><SP WIDTH="2" VPOS="1668" HPOS="1565"/>
							<String ID="string_463" HPOS="1567" VPOS="1652" WIDTH="19" HEIGHT="47" WC="0.30" CONTENT="|"/><SP WIDTH="4" VPOS="1652" HPOS="1586"/>
							<String ID="string_464" HPOS="1590" VPOS="1668" WIDTH="33" HEIGHT="20" WC="0.27" CONTENT="28:"/><SP WIDTH="3" VPOS="1668" HPOS="1623"/>
							<String ID="string_465" HPOS="1626" VPOS="1652" WIDTH="13" HEIGHT="47" WC="0.27" CONTENT="1"/><SP WIDTH="13" VPOS="1652" HPOS="1639"/>
							<String ID="string_466" HPOS="1652" VPOS="1661" WIDTH="28" HEIGHT="33" WC="0.26" CONTENT="17]"/>
						</TextLine>
						<TextLine ID="line_59" HPOS="138" VPOS="1697" WIDTH="1247" HEIGHT="34">
							<String ID="string_467" HPOS="138" VPOS="1699" WIDTH="73" HEIGHT="20" WC="0.96" CONTENT="skolan"/><SP WIDTH="18" VPOS="1699" HPOS="211"/>
							<String ID="string_468" HPOS="229" VPOS="1699" WIDTH="6" HEIGHT="20" WC="0.96" CONTENT="i"/><SP WIDTH="17" VPOS="1699" HPOS="235"/>
							<String ID="string_469" HPOS="252" VPOS="1699" WIDTH="133" HEIGHT="25" WC="0.93" CONTENT="Stockholm,"/><SP WIDTH="25" VPOS="1699" HPOS="385"/>
							<String ID="string_470" HPOS="410" VPOS="1699" WIDTH="161" HEIGHT="26" WC="0.91" CONTENT="bergsskolorna"/><SP WIDTH="16" VPOS="1699" HPOS="571"/>
							<String ID="string_471" HPOS="587" VPOS="1700" WIDTH="7" HEIGHT="19" WC="0.96" CONTENT="i"/><SP WIDTH="16" VPOS="1700" HPOS="594"/>
							<String ID="string_472" HPOS="610" VPOS="1699" WIDTH="105" HEIGHT="27" WC="0.96" CONTENT="Filipstad"/><SP WIDTH="22" VPOS="1699" HPOS="715"/>
							<String ID="string_473" HPOS="737" VPOS="1700" WIDTH="40" HEIGHT="20" WC="0.96" CONTENT="och"/><SP WIDTH="16" VPOS="1700" HPOS="777"/>
							<String ID="string_474" HPOS="793" VPOS="1699" WIDTH="68" HEIGHT="21" WC="0.96" CONTENT="Falun"/><SP WIDTH="17" VPOS="1699" HPOS="861"/>
							<String ID="string_475" HPOS="878" VPOS="1701" WIDTH="56" HEIGHT="18" WC="0.96" CONTENT="samt"/><SP WIDTH="79" VPOS="1701" HPOS="934"/>
							<String ID="string_476" HPOS="1013" VPOS="1709" WIDTH="16" HEIGHT="16" WC="0.40" CONTENT="p."/><SP WIDTH="3" VPOS="1709" HPOS="1029"/>
							<String ID="string_477" HPOS="1032" VPOS="1697" WIDTH="37" HEIGHT="34" WC="0.92" CONTENT="189"/><SP WIDTH="314" VPOS="1697" HPOS="1069"/>
							<String ID="string_478" HPOS="1383" VPOS="1698" WIDTH="2" HEIGHT="28" WC="0.78" CONTENT="|"/>
						</TextLine>
						<TextLine ID="line_60" HPOS="138" VPOS="1728" WIDTH="795" HEIGHT="28">
							<String ID="string_479" HPOS="138" VPOS="1729" WIDTH="117" HEIGHT="20" WC="0.92" CONTENT="vävskolan"/><SP WIDTH="15" VPOS="1729" HPOS="255"/>
							<String ID="string_480" HPOS="270" VPOS="1729" WIDTH="7" HEIGHT="20" WC="0.96" CONTENT="i"/><SP WIDTH="18" VPOS="1729" HPOS="277"/>
							<String ID="string_481" HPOS="295" VPOS="1729" WIDTH="64" HEIGHT="20" WC="0.96" CONTENT="Borås"/><SP WIDTH="23" VPOS="1729" HPOS="359"/>
							<String ID="string_482" HPOS="382" VPOS="1730" WIDTH="85" HEIGHT="20" WC="0.96" CONTENT="anvisas"/><SP WIDTH="22" VPOS="1730" HPOS="467"/>
							<String ID="string_483" HPOS="489" VPOS="1730" WIDTH="33" HEIGHT="19" WC="0.96" CONTENT="för"/><SP WIDTH="19" VPOS="1730" HPOS="522"/>
							<String ID="string_484" HPOS="541" VPOS="1729" WIDTH="124" HEIGHT="26" WC="0.93" CONTENT="budgetåret"/><SP WIDTH="22" VPOS="1729" HPOS="665"/>
							<String ID="string_485" HPOS="687" VPOS="1728" WIDTH="124" HEIGHT="28" WC="0.91" CONTENT="1926/1927"/><SP WIDTH="17" VPOS="1728" HPOS="811"/>
							<String ID="string_486" HPOS="828" VPOS="1731" WIDTH="31" HEIGHT="19" WC="0.97" CONTENT="ett"/><SP WIDTH="15" VPOS="1731" HPOS="859"/>
							<String ID="string_487" HPOS="874" VPOS="1731" WIDTH="59" HEIGHT="18" WC="0.95" CONTENT="extra"/>
						</TextLine>
						<TextLine ID="line_61" HPOS="137" VPOS="1759" WIDTH="1243" HEIGHT="25">
							<String ID="string_488" HPOS="137" VPOS="1759" WIDTH="165" HEIGHT="25" WC="0.91" CONTENT="förslagsanslag"/><SP WIDTH="16" VPOS="1759" HPOS="302"/>
							<String ID="string_489" HPOS="318" VPOS="1765" WIDTH="26" HEIGHT="14" WC="0.96" CONTENT="av"/><SP WIDTH="16" VPOS="1765" HPOS="344"/>
							<String ID="string_490" HPOS="360" VPOS="1759" WIDTH="28" HEIGHT="20" WC="0.96" CONTENT="42"/><SP WIDTH="10" VPOS="1759" HPOS="388"/>
							<String ID="string_491" HPOS="398" VPOS="1759" WIDTH="42" HEIGHT="20" WC="0.96" CONTENT="000"/><SP WIDTH="17" VPOS="1759" HPOS="440"/>
							<String ID="string_492" HPOS="457" VPOS="1759" WIDTH="30" HEIGHT="20" WC="0.96" CONTENT="kr."/><SP WIDTH="892" VPOS="1759" HPOS="487"/>
							<String ID="string_493" HPOS="1379" VPOS="1760" WIDTH="1" HEIGHT="15" WC="0.72" CONTENT="I"/>
						</TextLine>
						<TextLine ID="line_62" HPOS="122" VPOS="1797" WIDTH="1558" HEIGHT="50">
							<String ID="string_494" HPOS="122" VPOS="1818" WIDTH="42" HEIGHT="20" WC="0.96" CONTENT="Till"/><SP WIDTH="18" VPOS="1818" HPOS="164"/>
							<String ID="string_495" HPOS="182" VPOS="1818" WIDTH="119" HEIGHT="20" WC="0.96" CONTENT="beredande"/><SP WIDTH="16" VPOS="1818" HPOS="301"/>
							<String ID="string_496" HPOS="317" VPOS="1825" WIDTH="25" HEIGHT="13" WC="0.93" CONTENT="av"/><SP WIDTH="17" VPOS="1825" HPOS="342"/>
							<String ID="string_497" HPOS="359" VPOS="1818" WIDTH="158" HEIGHT="26" WC="0.91" CONTENT="dyrtidstillägg"/><SP WIDTH="16" VPOS="1818" HPOS="517"/>
							<String ID="string_498" HPOS="533" VPOS="1818" WIDTH="68" HEIGHT="20" WC="0.96" CONTENT="under"/><SP WIDTH="11" VPOS="1818" HPOS="601"/>
							<String ID="string_499" HPOS="612" VPOS="1818" WIDTH="58" HEIGHT="20" WC="0.95" CONTENT="tiden"/><SP WIDTH="14" VPOS="1818" HPOS="670"/>
							<String ID="string_500" HPOS="684" VPOS="1818" WIDTH="10" HEIGHT="21" WC="0.96" CONTENT="1"/><SP WIDTH="12" VPOS="1818" HPOS="694"/>
							<String ID="string_501" HPOS="706" VPOS="1818" WIDTH="41" HEIGHT="27" WC="0.93" CONTENT="juli"/><SP WIDTH="12" VPOS="1818" HPOS="747"/>
							<String ID="string_502" HPOS="759" VPOS="1818" WIDTH="115" HEIGHT="20" WC="0.38" CONTENT="1926—530"/><SP WIDTH="12" VPOS="1818" HPOS="874"/>
							<String ID="string_503" HPOS="886" VPOS="1819" WIDTH="46" HEIGHT="25" WC="0.94" CONTENT="juni"/><SP WIDTH="5" VPOS="1819" HPOS="932"/>
							<String ID="string_504" HPOS="937" VPOS="1813" WIDTH="14" HEIGHT="36" WC="0.94" CONTENT="|"/><SP WIDTH="21" VPOS="1813" HPOS="951"/>
							<String ID="string_505" HPOS="972" VPOS="1825" WIDTH="7" HEIGHT="10" WC="0.38" CONTENT="&gt;»"/><SP WIDTH="41" VPOS="1825" HPOS="979"/>
							<String ID="string_506" HPOS="1020" VPOS="1817" WIDTH="41" HEIGHT="20" WC="0.50" CONTENT="11:8"/><SP WIDTH="139" VPOS="1817" HPOS="1061"/>
							<String ID="string_507" HPOS="1200" VPOS="1817" WIDTH="11" HEIGHT="19" WC="0.35" CONTENT="6!"/><SP WIDTH="17" VPOS="1817" HPOS="1211"/>
							<String ID="string_508" HPOS="1228" VPOS="1812" WIDTH="14" HEIGHT="35" WC="0.42" CONTENT="1"/><SP WIDTH="62" VPOS="1812" HPOS="1242"/>
							<String ID="string_509" HPOS="1304" VPOS="1818" WIDTH="13" HEIGHT="19" WC="0.87" CONTENT="8"/><SP WIDTH="20" VPOS="1818" HPOS="1317"/>
							<String ID="string_510" HPOS="1337" VPOS="1818" WIDTH="68" HEIGHT="20" WC="0.73" CONTENT="198|8"/><SP WIDTH="9" VPOS="1818" HPOS="1405"/>
							<String ID="string_511" HPOS="1414" VPOS="1809" WIDTH="58" HEIGHT="29" WC="0.4" CONTENT="Ales)"/><SP WIDTH="25" VPOS="1809" HPOS="1472"/>
							<String ID="string_512" HPOS="1497" VPOS="1817" WIDTH="68" HEIGHT="20" WC="0.38" CONTENT="28:99)"/><SP WIDTH="26" VPOS="1817" HPOS="1565"/>
							<String ID="string_513" HPOS="1591" VPOS="1817" WIDTH="32" HEIGHT="20" WC="0.38" CONTENT="28:"/><SP WIDTH="12" VPOS="1817" HPOS="1623"/>
							<String ID="string_514" HPOS="1635" VPOS="1797" WIDTH="45" HEIGHT="50" WC="0.71" CONTENT="128]"/>
						</TextLine>
						<TextLine ID="line_63" HPOS="139" VPOS="1847" WIDTH="1541" HEIGHT="27">
							<String ID="string_515" HPOS="139" VPOS="1847" WIDTH="55" HEIGHT="21" WC="0.96" CONTENT="1927"/><SP WIDTH="18" VPOS="1847" HPOS="194"/>
							<String ID="string_516" HPOS="212" VPOS="1848" WIDTH="22" HEIGHT="20" WC="0.93" CONTENT="åt"/><SP WIDTH="17" VPOS="1848" HPOS="234"/>
							<String ID="string_517" HPOS="251" VPOS="1848" WIDTH="208" HEIGHT="26" WC="0.90" CONTENT="befattningshavare"/><SP WIDTH="16" VPOS="1848" HPOS="459"/>
							<String ID="string_518" HPOS="475" VPOS="1849" WIDTH="7" HEIGHT="19" WC="0.96" CONTENT="i"/><SP WIDTH="17" VPOS="1849" HPOS="482"/>
							<String ID="string_519" HPOS="499" VPOS="1850" WIDTH="79" HEIGHT="18" WC="0.95" CONTENT="statens"/><SP WIDTH="15" VPOS="1850" HPOS="578"/>
							<String ID="string_520" HPOS="593" VPOS="1849" WIDTH="68" HEIGHT="25" WC="0.96" CONTENT="tjänst"/><SP WIDTH="10" VPOS="1849" HPOS="661"/>
							<String ID="string_521" HPOS="671" VPOS="1848" WIDTH="84" HEIGHT="21" WC="0.96" CONTENT="anvisas"/><SP WIDTH="11" VPOS="1848" HPOS="755"/>
							<String ID="string_522" HPOS="766" VPOS="1848" WIDTH="33" HEIGHT="20" WC="0.96" CONTENT="för"/><SP WIDTH="10" VPOS="1848" HPOS="799"/>
							<String ID="string_523" HPOS="809" VPOS="1848" WIDTH="125" HEIGHT="26" WC="0.96" CONTENT="budgetåret"/><SP WIDTH="79" VPOS="1848" HPOS="934"/>
							<String ID="string_524" HPOS="1013" VPOS="1858" WIDTH="16" HEIGHT="16" WC="0.72" CONTENT="p."/><SP WIDTH="6" VPOS="1858" HPOS="1029"/>
							<String ID="string_525" HPOS="1035" VPOS="1852" WIDTH="33" HEIGHT="18" WC="0.96" CONTENT="241"/><SP WIDTH="195" VPOS="1852" HPOS="1068"/>
							<String ID="string_526" HPOS="1263" VPOS="1858" WIDTH="1" HEIGHT="3" WC="0.84" CONTENT="|"/><SP WIDTH="120" VPOS="1858" HPOS="1264"/>
							<String ID="string_527" HPOS="1384" VPOS="1856" WIDTH="1" HEIGHT="13" WC="0.80" CONTENT="|"/><SP WIDTH="294" VPOS="1856" HPOS="1385"/>
							<String ID="string_528" HPOS="1679" VPOS="1850" WIDTH="1" HEIGHT="19" WC="0.77" CONTENT="|"/>
						</TextLine>
						<TextLine ID="line_64" HPOS="140" VPOS="1871" WIDTH="1540" HEIGHT="36">
							<String ID="string_529" HPOS="140" VPOS="1876" WIDTH="124" HEIGHT="28" WC="0.92" CONTENT="1926/1927"/><SP WIDTH="16" VPOS="1876" HPOS="264"/>
							<String ID="string_530" HPOS="280" VPOS="1878" WIDTH="68" HEIGHT="20" WC="0.93" CONTENT="under"/><SP WIDTH="11" VPOS="1878" HPOS="348"/>
							<String ID="string_531" HPOS="359" VPOS="1878" WIDTH="33" HEIGHT="20" WC="0.92" CONTENT="8:e"/><SP WIDTH="11" VPOS="1878" HPOS="392"/>
							<String ID="string_532" HPOS="403" VPOS="1878" WIDTH="40" HEIGHT="20" WC="0.96" CONTENT="HT"/><SP WIDTH="11" VPOS="1878" HPOS="443"/>
							<String ID="string_533" HPOS="454" VPOS="1880" WIDTH="31" HEIGHT="18" WC="0.96" CONTENT="ett"/><SP WIDTH="10" VPOS="1880" HPOS="485"/>
							<String ID="string_534" HPOS="495" VPOS="1880" WIDTH="60" HEIGHT="18" WC="0.93" CONTENT="extra"/><SP WIDTH="11" VPOS="1880" HPOS="555"/>
							<String ID="string_535" HPOS="566" VPOS="1878" WIDTH="164" HEIGHT="26" WC="0.90" CONTENT="förslagsanslag"/><SP WIDTH="8" VPOS="1878" HPOS="730"/>
							<String ID="string_536" HPOS="738" VPOS="1885" WIDTH="26" HEIGHT="13" WC="0.96" CONTENT="av"/><SP WIDTH="9" VPOS="1885" HPOS="764"/>
							<String ID="string_537" HPOS="773" VPOS="1878" WIDTH="12" HEIGHT="19" WC="0.96" CONTENT="6"/><SP WIDTH="11" VPOS="1878" HPOS="785"/>
							<String ID="string_538" HPOS="796" VPOS="1877" WIDTH="41" HEIGHT="21" WC="0.96" CONTENT="300"/><SP WIDTH="11" VPOS="1877" HPOS="837"/>
							<String ID="string_539" HPOS="848" VPOS="1878" WIDTH="41" HEIGHT="20" WC="0.95" CONTENT="000"/><SP WIDTH="12" VPOS="1878" HPOS="889"/>
							<String ID="string_540" HPOS="901" VPOS="1878" WIDTH="30" HEIGHT="20" WC="0.95" CONTENT="kr."/><SP WIDTH="452" VPOS="1878" HPOS="931"/>
							<String ID="string_541" HPOS="1383" VPOS="1871" WIDTH="2" HEIGHT="33" WC="0.86" CONTENT="|"/><SP WIDTH="50" VPOS="1871" HPOS="1385"/>
							<String ID="string_542" HPOS="1435" VPOS="1901" WIDTH="1" HEIGHT="6" WC="0.68" CONTENT="I"/><SP WIDTH="243" VPOS="1901" HPOS="1436"/>
							<String ID="string_543" HPOS="1679" VPOS="1881" WIDTH="1" HEIGHT="20" WC="0.72" CONTENT="|"/>
						</TextLine>
						<TextLine ID="line_65" HPOS="123" VPOS="1931" WIDTH="1550" HEIGHT="37">
							<String ID="string_544" HPOS="123" VPOS="1937" WIDTH="37" HEIGHT="20" WC="0.91" CONTENT="RD"/><SP WIDTH="18" VPOS="1937" HPOS="160"/>
							<String ID="string_545" HPOS="178" VPOS="1937" WIDTH="98" HEIGHT="24" WC="0.96" CONTENT="besluter,"/><SP WIDTH="17" VPOS="1937" HPOS="276"/>
							<String ID="string_546" HPOS="293" VPOS="1939" WIDTH="32" HEIGHT="19" WC="0.96" CONTENT="att"/><SP WIDTH="15" VPOS="1939" HPOS="325"/>
							<String ID="string_547" HPOS="340" VPOS="1937" WIDTH="26" HEIGHT="21" WC="0.96" CONTENT="de"/><SP WIDTH="16" VPOS="1937" HPOS="366"/>
							<String ID="string_548" HPOS="382" VPOS="1938" WIDTH="33" HEIGHT="19" WC="0.96" CONTENT="för"/><SP WIDTH="17" VPOS="1938" HPOS="415"/>
							<String ID="string_549" HPOS="432" VPOS="1937" WIDTH="124" HEIGHT="26" WC="0.93" CONTENT="budgetåret"/><SP WIDTH="18" VPOS="1937" HPOS="556"/>
							<String ID="string_550" HPOS="574" VPOS="1936" WIDTH="125" HEIGHT="29" WC="0.91" CONTENT="1925/1926"/><SP WIDTH="17" VPOS="1936" HPOS="699"/>
							<String ID="string_551" HPOS="716" VPOS="1937" WIDTH="97" HEIGHT="27" WC="0.95" CONTENT="gällande"/><SP WIDTH="11" VPOS="1937" HPOS="813"/>
							<String ID="string_552" HPOS="824" VPOS="1937" WIDTH="108" HEIGHT="20" WC="0.96" CONTENT="allmänna"/><SP WIDTH="88" VPOS="1937" HPOS="932"/>
							<String ID="string_553" HPOS="1020" VPOS="1937" WIDTH="41" HEIGHT="20" WC="0.56" CONTENT="£:8"/><SP WIDTH="139" VPOS="1937" HPOS="1061"/>
							<String ID="string_554" HPOS="1200" VPOS="1936" WIDTH="22" HEIGHT="20" WC="0.50" CONTENT="6)"/><SP WIDTH="21" VPOS="1936" HPOS="1222"/>
							<String ID="string_555" HPOS="1243" VPOS="1931" WIDTH="21" HEIGHT="24" WC="0.23" CONTENT="1!"/><SP WIDTH="40" VPOS="1931" HPOS="1264"/>
							<String ID="string_556" HPOS="1304" VPOS="1931" WIDTH="100" HEIGHT="26" WC="0.66" CONTENT="819918"/><SP WIDTH="11" VPOS="1931" HPOS="1404"/>
							<String ID="string_557" HPOS="1415" VPOS="1936" WIDTH="57" HEIGHT="32" WC="0.11" CONTENT="Ales]"/><SP WIDTH="25" VPOS="1936" HPOS="1472"/>
							<String ID="string_558" HPOS="1497" VPOS="1937" WIDTH="68" HEIGHT="19" WC="0.84" CONTENT="28:99"/><SP WIDTH="25" VPOS="1937" HPOS="1565"/>
							<String ID="string_559" HPOS="1590" VPOS="1936" WIDTH="32" HEIGHT="20" WC="0.79" CONTENT="128:"/><SP WIDTH="15" VPOS="1936" HPOS="1622"/>
							<String ID="string_560" HPOS="1637" VPOS="1942" WIDTH="36" HEIGHT="14" WC="0.79" CONTENT="123"/>
						</TextLine>
						<TextLine ID="line_66" HPOS="137" VPOS="1962" WIDTH="1299" HEIGHT="32">
							<String ID="string_561" HPOS="137" VPOS="1967" WIDTH="92" HEIGHT="25" WC="0.96" CONTENT="grunder"/><SP WIDTH="16" VPOS="1967" HPOS="229"/>
							<String ID="string_562" HPOS="245" VPOS="1968" WIDTH="32" HEIGHT="19" WC="0.93" CONTENT="för"/><SP WIDTH="16" VPOS="1968" HPOS="277"/>
							<String ID="string_563" HPOS="293" VPOS="1967" WIDTH="159" HEIGHT="27" WC="0.91" CONTENT="dyrtidstillägg"/><SP WIDTH="15" VPOS="1967" HPOS="452"/>
							<String ID="string_564" HPOS="467" VPOS="1968" WIDTH="22" HEIGHT="20" WC="0.96" CONTENT="åt"/><SP WIDTH="16" VPOS="1968" HPOS="489"/>
							<String ID="string_565" HPOS="505" VPOS="1968" WIDTH="67" HEIGHT="20" WC="0.96" CONTENT="lärare"/><SP WIDTH="15" VPOS="1968" HPOS="572"/>
							<String ID="string_566" HPOS="587" VPOS="1967" WIDTH="37" HEIGHT="20" WC="0.93" CONTENT="vid"/><SP WIDTH="10" VPOS="1967" HPOS="624"/>
							<String ID="string_567" HPOS="634" VPOS="1967" WIDTH="52" HEIGHT="20" WC="0.92" CONTENT="folk-"/><SP WIDTH="12" VPOS="1967" HPOS="686"/>
							<String ID="string_568" HPOS="698" VPOS="1968" WIDTH="39" HEIGHT="20" WC="0.93" CONTENT="och"/><SP WIDTH="12" VPOS="1968" HPOS="737"/>
							<String ID="string_569" HPOS="749" VPOS="1967" WIDTH="118" HEIGHT="21" WC="0.88" CONTENT="småskolor"/><SP WIDTH="11" VPOS="1967" HPOS="867"/>
							<String ID="string_570" HPOS="878" VPOS="1969" WIDTH="54" HEIGHT="18" WC="0.96" CONTENT="samt"/><SP WIDTH="80" VPOS="1969" HPOS="932"/>
							<String ID="string_571" HPOS="1012" VPOS="1971" WIDTH="57" HEIGHT="22" WC="0.66" CONTENT="p.242"/><SP WIDTH="194" VPOS="1971" HPOS="1069"/>
							<String ID="string_572" HPOS="1263" VPOS="1967" WIDTH="1" HEIGHT="5" WC="0.54" CONTENT="|"/><SP WIDTH="140" VPOS="1967" HPOS="1264"/>
							<String ID="string_573" HPOS="1404" VPOS="1958" WIDTH="30" HEIGHT="40" WC="0.16" CONTENT="RR"/>
						</TextLine>
					</TextBlock>
				</ComposedBlock>
				<ComposedBlock ID="cblock_13" HPOS="5" VPOS="2092" WIDTH="488" HEIGHT="278">
					<TextBlock ID="block_13" HPOS="5" VPOS="2092" WIDTH="488" HEIGHT="278">
						<TextLine ID="line_67" HPOS="5" VPOS="2092" WIDTH="488" HEIGHT="278">
							<String ID="string_574" HPOS="5" VPOS="2092" WIDTH="488" HEIGHT="278" WC="0.95" CONTENT=" "/>
						</TextLine>
					</TextBlock>
				</ComposedBlock>
				<ComposedBlock ID="cblock_14" HPOS="138" VPOS="1997" WIDTH="805" HEIGHT="86">
					<TextBlock ID="block_14" HPOS="138" VPOS="1997" WIDTH="805" HEIGHT="86">
						<TextLine ID="line_68" HPOS="138" VPOS="1997" WIDTH="794" HEIGHT="26">
							<String ID="string_575" HPOS="138" VPOS="1997" WIDTH="56" HEIGHT="20" WC="0.93" CONTENT="vissa"/><SP WIDTH="22" VPOS="1997" HPOS="194"/>
							<String ID="string_576" HPOS="216" VPOS="1997" WIDTH="223" HEIGHT="26" WC="0.91" CONTENT="sjukvårdsanstalter,"/><SP WIDTH="25" VPOS="1997" HPOS="439"/>
							<String ID="string_577" HPOS="464" VPOS="1997" WIDTH="64" HEIGHT="26" WC="0.96" CONTENT="högre"/><SP WIDTH="19" VPOS="1997" HPOS="528"/>
							<String ID="string_578" HPOS="547" VPOS="1997" WIDTH="124" HEIGHT="25" WC="0.96" CONTENT="folkskolor,"/><SP WIDTH="17" VPOS="1997" HPOS="671"/>
							<String ID="string_579" HPOS="688" VPOS="1997" WIDTH="140" HEIGHT="21" WC="0.93" CONTENT="kommunala"/><SP WIDTH="16" VPOS="1997" HPOS="828"/>
							<String ID="string_580" HPOS="844" VPOS="1997" WIDTH="88" HEIGHT="20" WC="0.91" CONTENT="mellan-"/>
						</TextLine>
						<TextLine ID="line_69" HPOS="138" VPOS="2027" WIDTH="805" HEIGHT="26">
							<String ID="string_581" HPOS="138" VPOS="2027" WIDTH="71" HEIGHT="20" WC="0.96" CONTENT="skolor"/><SP WIDTH="16" VPOS="2027" HPOS="209"/>
							<String ID="string_582" HPOS="225" VPOS="2027" WIDTH="39" HEIGHT="20" WC="0.96" CONTENT="och"/><SP WIDTH="17" VPOS="2027" HPOS="264"/>
							<String ID="string_583" HPOS="281" VPOS="2028" WIDTH="56" HEIGHT="20" WC="0.93" CONTENT="vissa"/><SP WIDTH="16" VPOS="2028" HPOS="337"/>
							<String ID="string_584" HPOS="353" VPOS="2027" WIDTH="238" HEIGHT="24" WC="0.91" CONTENT="småskoleseminarier,"/><SP WIDTH="17" VPOS="2027" HPOS="591"/>
							<String ID="string_585" HPOS="608" VPOS="2029" WIDTH="101" HEIGHT="19" WC="0.96" CONTENT="ävensom"/><SP WIDTH="17" VPOS="2029" HPOS="709"/>
							<String ID="string_586" HPOS="726" VPOS="2028" WIDTH="22" HEIGHT="20" WC="0.94" CONTENT="åt"/><SP WIDTH="11" VPOS="2028" HPOS="748"/>
							<String ID="string_587" HPOS="759" VPOS="2027" WIDTH="66" HEIGHT="20" WC="0.95" CONTENT="lärare"/><SP WIDTH="16" VPOS="2027" HPOS="825"/>
							<String ID="string_588" HPOS="841" VPOS="2027" WIDTH="36" HEIGHT="20" WC="0.93" CONTENT="vid"/><SP WIDTH="16" VPOS="2027" HPOS="877"/>
							<String ID="string_589" HPOS="893" VPOS="2027" WIDTH="50" HEIGHT="26" WC="0.69" CONTENT="pri-&#39;"/>
						</TextLine>
						<TextLine ID="line_70" HPOS="138" VPOS="2056" WIDTH="795" HEIGHT="27">
							<String ID="string_590" HPOS="138" VPOS="2056" WIDTH="132" HEIGHT="21" WC="0.91" CONTENT="vatläroverk"/><SP WIDTH="32" VPOS="2056" HPOS="270"/>
							<String ID="string_591" HPOS="302" VPOS="2060" WIDTH="55" HEIGHT="18" WC="0.91" CONTENT="samt"/><SP WIDTH="16" VPOS="2060" HPOS="357"/>
							<String ID="string_592" HPOS="373" VPOS="2057" WIDTH="36" HEIGHT="20" WC="0.95" CONTENT="vid"/><SP WIDTH="16" VPOS="2057" HPOS="409"/>
							<String ID="string_593" HPOS="425" VPOS="2057" WIDTH="161" HEIGHT="26" WC="0.96" CONTENT="folkhögskolor"/><SP WIDTH="16" VPOS="2057" HPOS="586"/>
							<String ID="string_594" HPOS="602" VPOS="2057" WIDTH="59" HEIGHT="20" WC="0.93" CONTENT="skola"/><SP WIDTH="12" VPOS="2057" HPOS="661"/>
							<String ID="string_595" HPOS="673" VPOS="2057" WIDTH="63" HEIGHT="20" WC="0.92" CONTENT="lända"/><SP WIDTH="15" VPOS="2057" HPOS="736"/>
							<String ID="string_596" HPOS="751" VPOS="2057" WIDTH="31" HEIGHT="20" WC="0.93" CONTENT="till"/><SP WIDTH="13" VPOS="2057" HPOS="782"/>
							<String ID="string_597" HPOS="795" VPOS="2057" WIDTH="138" HEIGHT="20" WC="0.92" CONTENT="efterrättelse"/>
						</TextLine>
					</TextBlock>
				</ComposedBlock>
				<ComposedBlock ID="cblock_15" HPOS="1002" VPOS="204" WIDTH="10" HEIGHT="1876">
					<TextBlock ID="block_15" HPOS="1002" VPOS="204" WIDTH="10" HEIGHT="1876">
						<TextLine ID="line_71" HPOS="1002" VPOS="204" WIDTH="10" HEIGHT="1876">
							<String ID="string_598" HPOS="1002" VPOS="204" WIDTH="10" HEIGHT="1876" WC="0.95" CONTENT=" "/>
						</TextLine>
					</TextBlock>
				</ComposedBlock>
				<ComposedBlock ID="cblock_16" HPOS="1378" VPOS="416" WIDTH="5" HEIGHT="1666">
					<TextBlock ID="block_16" HPOS="1378" VPOS="416" WIDTH="5" HEIGHT="1666">
						<TextLine ID="line_72" HPOS="1378" VPOS="416" WIDTH="5" HEIGHT="1666">
							<String ID="string_599" HPOS="1378" VPOS="416" WIDTH="5" HEIGHT="1666" WC="0.95" CONTENT=" "/>
						</TextLine>
					</TextBlock>
				</ComposedBlock>
				<ComposedBlock ID="cblock_17" HPOS="1376" VPOS="440" WIDTH="6" HEIGHT="1642">
					<TextBlock ID="block_17" HPOS="1376" VPOS="440" WIDTH="6" HEIGHT="1642">
						<TextLine ID="line_73" HPOS="1376" VPOS="440" WIDTH="6" HEIGHT="1642">
							<String ID="string_600" HPOS="1376" VPOS="440" WIDTH="6" HEIGHT="1642" WC="0.95" CONTENT=" "/>
						</TextLine>
					</TextBlock>
				</ComposedBlock>
				<ComposedBlock ID="cblock_18" HPOS="1473" VPOS="213" WIDTH="8" HEIGHT="1871">
					<TextBlock ID="block_18" HPOS="1473" VPOS="213" WIDTH="8" HEIGHT="1871">
						<TextLine ID="line_74" HPOS="1473" VPOS="213" WIDTH="8" HEIGHT="1871">
							<String ID="string_601" HPOS="1473" VPOS="213" WIDTH="8" HEIGHT="1871" WC="0.95" CONTENT=" "/>
						</TextLine>
					</TextBlock>
				</ComposedBlock>
				<ComposedBlock ID="cblock_19" HPOS="489" VPOS="2356" WIDTH="1361" HEIGHT="11">
					<TextBlock ID="block_19" HPOS="489" VPOS="2356" WIDTH="1361" HEIGHT="11">
						<TextLine ID="line_75" HPOS="489" VPOS="2356" WIDTH="1361" HEIGHT="11">
							<String ID="string_602" HPOS="489" VPOS="2356" WIDTH="1361" HEIGHT="11" WC="0.95" CONTENT=" "/>
						</TextLine>
					</TextBlock>
				</ComposedBlock>
				<ComposedBlock ID="cblock_20" HPOS="1844" VPOS="880" WIDTH="7" HEIGHT="1483">
					<TextBlock ID="block_20" HPOS="1844" VPOS="880" WIDTH="7" HEIGHT="1483">
						<TextLine ID="line_76" HPOS="1844" VPOS="880" WIDTH="7" HEIGHT="1483">
							<String ID="string_603" HPOS="1844" VPOS="880" WIDTH="7" HEIGHT="1483" WC="0.95" CONTENT=" "/>
						</TextLine>
					</TextBlock>
				</ComposedBlock>
			</PrintSpace>
		</Page>
	</Layout>
</alto>
