1847 2357
808 147 136 34 SAKREGISTER
1635 150 42 21 353

1017 219 41 30 SR
1401 225 54 17 Riks-

1017 248 18 25 NER
1037 251 16 25 &
1118 273 3 3 z
1234 240 94 40 Utskotts-
1391 250 73 31 dagens
1521 255 118 17 Kamrarnas

964 279 17 26 FE
1018 275 41 39 ag
1061 269 19 49 |
1076 273 95 17 otOner
1171 269 34 49 ba
1222 273 114 34 ratlätenden
1339 269 62 49 "="
1406 285 45 17 sjars>
1468 269 19 49 |
1507 285 145 22 -töthanadlingar,

964 309 17 28 =
1018 306 40 42 är
1198 303 47 17 eller
1258 303 99 17 memorial
1398 315 63 17 Sölder

960 341 98 30 SE

964 369 90 45 7123
1080 381 86 17 rela
1191 370 60 47 (Blä)
1288 380 17 27 2
1314 362 32 61 |
1348 371 17 44 E]
1401 380 17 27 2
1450 371 17 44 |E]
1492 369 71 41 kom
1562 362 24 61 |
1593 369 71 41 koma.

89 432 258 27 Doktorsavhandlingar
362 440 26 14 m.
405 440 26 14 m.
1123 435 2 17 |
1219 446 1 16 |
1327 437 1 22 |
1434 435 1 36 |

91 468 10 15 2
120 463 41 20 Till
178 464 117 25 ersättning
310 464 33 20 för
359 464 119 26 opposition
495 465 12 19 å
523 464 275 26 disputationsavhandling
814 466 21 19 åt
846 471 82 20 person,
938 465 132 27 192111:8
1123 462 2 5 |
1197 466 23 20 6!
1240 465 10 20 11
1276 466 40 20 8A|
1348 470 23 16 7118
1391 465 73 30 Al71]
1497 465 67 20 26:21
1590 465 84 21 131:112

134 500 45 13 som
197 493 45 20 icke
259 493 74 21 tillhör
348 494 157 20 vederbörande
520 494 136 21 universitets
671 494 51 20 eller
732 495 129 20 Karolinska
870 495 70 19 insti-
926 489 10 36 |
1009 506 17 16 p.
1028 485 42 41 106|
1123 494 2 50 |
1219 502 1 3 I

134 524 65 19 tutets
223 523 100 25 lärarkår,
348 524 83 20 anvisas
454 524 26 26 på
496 526 60 18 extra
573 526 43 19 stat
631 526 30 18 ett
677 524 169 26 förslagsanslag,
862 525 78 25 högst,
1069 531 2 11 I
1123 549 1 3 I
1219 529 2 25 |
1326 525 2 19 I
1435 496 1 65 |

135 553 12 20 2
158 553 42 20 500
217 553 31 20 kr.
939 552 1 18 |
1070 560 1 34 |
1123 562 2 38 |
1219 559 1 25 |
1326 553 2 28 |
1435 562 1 30 |

939 599 1 4 |
1219 596 1 26 |
1326 598 2 20 |
1435 604 2 12 I

119 624 42 20 Till
178 624 117 25 ersättning
310 625 33 19 för
359 625 120 26 opposition
495 626 12 19 å
523 625 276 26 disputationsavhandling
814 626 22 19 åt
834 600 95 67 person,
938 604 62 59 1922
1017 626 19 20 £3
1046 607 25 38 8.
1197 626 24 34 6|
1240 626 10 20 11
1276 626 52 30 8A
1319 622 10 38 |
1348 626 57 20 4118
1415 627 50 26 Als1il
1499 626 67 21 17:53
1568 622 20 38 |
1600 626 67 21 19:49

135 660 45 14 som
204 654 47 20 icke
274 654 73 20 tillhör
363 654 157 21 vederbörande
537 655 136 20 universitets
689 655 51 20 eller
756 655 128 20 Karolinska
900 656 28 19 in-
927 652 11 39 |
1015 660 45 22 p.93
1219 673 1 15 |
1261 650 1 15 |
1326 675 2 8 I

135 684 93 19 stitutets
251 684 99 24 lärarkår,
375 685 84 19 anvisas
483 685 27 25 på
534 686 60 18 extra
617 686 42 19 stat
674 685 33 19 för
722 684 58 21 tiden
798 685 10 20 1
826 685 114 26 jan.—30|
1177 673 2 23 |
1219 692 2 19 |
1326 684 2 33 I
1435 677 1 46 |

134 714 48 26 juni
200 713 55 20 1923
272 715 30 19 ett
318 714 170 25 förslagsanslag,
505 714 68 25 högst,
591 714 63 20 1250
672 714 29 20 kr.
938 712 2 8 I
1183 703 32 42 Se
1327 718 1 23 |
1435 726 1 13 I

939 744 1 18 |
1219 761 1 3 |
1327 744 1 20 |

1327 766 1 10 I

70 787 2 26 |
93 789 6 15 1
120 785 40 19 För
176 784 125 26 budgetåret
319 783 126 28 1923/1924
462 785 84 20 anvisas
562 786 69 19 såsom
649 785 104 21 särskilda
769 788 59 18 extra
840 792 89 14 reserva-
945 785 56 22 1923]
1018 786 41 20 1:8
1177 802 2 12 I
1198 786 23 20 6)
1240 786 10 20 1|
1303 787 13 19 81
1348 791 25 16 3918
1392 786 74 21 Ale7)
1497 787 68 21 20:28
1566 782 19 36 1
1597 787 69 21 20:16

70 814 2 11 I
134 814 140 26 tionsanslag:
291 815 70 20 såsom
379 814 74 26 bidrag
468 815 33 19 till
517 815 115 26 tryckning
647 822 26 13 av
689 815 242 26 doktorsavhandlingar
1010 827 16 16 p.
1034 821 32 17 107
1177 818 43 21 Eg
1383 820 2 19 |
1435 812 1 59 |

134 844 35 20 vid
185 844 154 20 universiteten
355 845 7 19 i
378 844 95 26 Uppsala
488 845 40 19 och
544 845 62 20 Lund
618 847 56 18 samt
684 845 129 20 Karolinska
824 846 116 19 institutet
928 840 14 35 |
1177 841 2 27 I
1327 846 2 18 I

135 875 31 19 ett
189 874 78 26 belopp
287 881 26 13 av
333 874 79 20 30000
432 874 30 20 kr.
479 877 56 17 samt
551 875 69 20 såsom
638 875 73 26 bidrag
727 875 33 20 till
777 875 113 26 tryckning
905 877 36 24 av
927 870 18 35 |
1177 878 2 33 |
1219 893 2 9 I
1328 872 1 32 |
1435 873 1 37 |

134 904 244 25 doktorsavhandlingar
394 904 37 20 vid
447 904 142 26 högskolorna
605 905 6 19 i
628 904 124 21 Stockholm
769 905 39 20 och
825 905 106 26 Göteborg
1328 907 1 8 |
1435 925 2 15 I

69 936 2 31 |
135 935 31 18 ett
182 933 77 27 belopp
276 941 26 13 av
319 934 12 19 6
341 934 42 20 000
400 934 30 20 kr.
940 956 1 3 |
1220 960 1 4 |
1328 920 1 70 |
1379 950 2 41 |
1436 944 1 21 |

69 975 2 9 |
940 976 1 6 |

92 1004 9 15 2
120 999 42 20 Till
179 999 117 25 ersättning
312 1000 33 19 för
360 1000 122 25 opposition
498 1000 12 19 å
525 999 275 27 disputationsavhandling
815 1001 22 20 åt
838 990 84 41 person,
928 994 13 31 |
969 1001 90 20 EIRLNS
1198 999 53 23 GET
1304 992 25 29 8/1
1349 994 32 28 40|8
1392 1002 75 20 Ala7|
1498 1002 33 20 20:
1543 1007 23 16 23
1566 988 18 44 |
1598 1002 69 20 20:16

136 1036 46 13 som
198 1029 46 20 icke
261 1029 73 20 tillhör
350 1029 157 20 vederbörande
523 1030 135 20 universitets
673 1030 51 20 eller
734 1030 129 21 Karolinska
873 1031 68 20 insti-
930 1025 13 33 /
1010 1042 17 16 p.
1030 1029 36 33 109
1219 1035 2 26 I
1328 1020 1 41 |
1379 1022 2 34 |
1436 1022 1 39 |

135 1060 65 19 tutets
216 1059 100 24 lärarkår,
333 1060 85 19 anvisas
429 1059 32 20 för
472 1059 125 26 budgetåret
609 1059 126 28 1923/1924
746 1062 30 18 ett
788 1062 59 18 extra
859 1058 82 29 anslag
928 1054 15 37 |
1219 1058 45 22 kd
1328 1062 1 22 |
1379 1059 2 40 |
1436 1063 1 11 |

136 1095 26 14 av
179 1088 63 20 1500
260 1089 30 19 kr.
939 1100 2 17 |
1070 1108 2 18 |
1177 1095 2 25 fa
1328 1088 1 21 |
1384 1096 1 35 |
1436 1092 1 28 |
1578 1089 2 39 |

940 1120 1 8 i
1071 1133 1 9 I
1124 1133 2 3 I
1178 1121 43 24 SE
1328 1132 1 15 I
1384 1134 1 4 |
1436 1139 1 7 I
1578 1129 2 17 I

94 1165 6 14 1
120 1160 41 20 För
177 1160 125 25 budgetåret
322 1159 123 29 1924/1925
463 1161 84 19 anvisas
563 1161 70 20 såsom
650 1161 104 20 särskilda
770 1163 59 18 extra
841 1168 89 14 reserva-
951 1131 51 60 924
1018 1162 19 19 då
1033 1140 39 51 8,
1125 1149 1 38 |
1198 1162 53 20 611
1304 1161 25 29 81
1349 1167 24 15 52
1384 1139 21 44 Is
1415 1145 51 48 Als6
1497 1163 69 20 27:26
1569 1158 22 34 |
1598 1163 26 20 27:
1644 1168 21 15 11

136 1189 139 26 tionsanslag:
293 1191 70 19 såsom
380 1190 74 26 bidrag
470 1190 32 20 till
520 1191 112 25 tryckning
648 1197 26 13 av
690 1190 242 27 doktorsavhandlingar
1031 1189 31 34 .84
1125 1189 1 4 lige
1328 1198 1 9 |
1436 1203 1 22 |

136 1219 35 20 vid
188 1220 153 20 universiteten
357 1220 7 20 i
381 1220 94 26 Uppsala
490 1220 40 20 och
546 1220 62 20 Lund
619 1222 56 18 samt
686 1220 128 20 Karolinska
825 1221 104 20 institutet
940 1214 1 35 |
1220 1232 1 16 a.
1436 1228 1 24 |

136 1251 30 18 ett
190 1249 77 27 belopp
291 1256 26 13 av
341 1249 80 21 30000
438 1250 30 20 kr.
485 1250 70 20 såsom
572 1250 74 26 bidrag
661 1250 33 20 till
711 1250 113 26 tryckning
840 1258 25 13 av
882 1251 59 29 dok-|
1179 1248 42 26 15-54
1436 1272 1 3 |

136 1279 200 26 torsavhandlingar
351 1279 36 20 vid
404 1280 141 25 högskolorna
560 1280 7 19 i
584 1280 124 20 Stockholm
725 1280 38 20 och
780 1281 106 25 Göteborg
889 1277 42 44 ett
940 1286 1 31 |
1125 1298 1 15 |
1435 1278 2 9 I

137 1309 77 26 belopp
231 1316 26 13 av
274 1309 12 19 6
296 1309 42 20 000
355 1309 30 20 kr.
940 1320 2 22 |
1072 1321 2 39 |
1125 1316 1 20 |
1220 1318 2 22 I
1435 1329 1 15 |
1578 1327 1 6 |

1221 1347 1 22 |
1435 1350 2 18 I

92 1379 10 15 2
120 1374 42 19 Till
178 1375 118 25 ersättning
312 1375 32 19 för
360 1375 121 26 opposition
497 1376 12 19 å
525 1375 275 26 disputationsavhandling
816 1376 22 20 åt
849 1361 75 49 person,
927 1365 15 41 |
970 1376 68 26 IR
1048 1363 25 33 8/
1125 1357 2 35 |
1199 1376 52 21 GE
1305 1376 12 20 81
1349 1382 25 15 5318
1392 1376 74 21 Als7])
1498 1377 82 24 27:25)
1599 1377 67 20 27:11

135 1410 46 14 som
197 1404 47 20 icke
260 1404 74 20 tillhör
349 1404 158 21 vederbörande
523 1405 135 20 universitets
675 1405 51 20 eller
736 1405 128 21 Karolinska
874 1406 57 20 insti-
1016 1410 46 23 p-86
1125 1400 2 34 |
1435 1399 1 38 |

136 1436 65 18 tutets
217 1434 100 24 lärarkår,
335 1435 85 20 anvisas
431 1434 33 21 för
475 1435 124 26 budgetåret
611 1433 125 29 1924/1925
748 1437 31 18 ett
789 1437 59 18 extra
859 1433 83 29 anslag
927 1429 15 37 |
1125 1437 2 12 |
1328 1435 1 20 I
1435 1438 1 25 I
1579 1421 1 68 |

71 1468 2 32 |
136 1470 26 14 av
180 1463 63 21 1500
261 1464 30 20 kr.
941 1479 1 6 |
1126 1472 1 6 |
1221 1457 1 38 |
1328 1469 2 13 |
1435 1467 1 69 |
1579 1495 1 27 |

95 1534 5 14 1
121 1529 41 20 För
178 1529 124 26 budgetåret
320 1528 125 29 1925/1926
462 1530 84 20 anvisas
563 1531 70 19 såsom
650 1530 104 20 särskilda
770 1533 59 18 extra
842 1538 90 13 reserva-
941 1529 62 41 1925
1020 1531 41 20 1:8
1137 1524 38 40 RA
1200 1499 22 59 ä
1242 1531 10 19 11
1305 1532 13 19 81
1350 1536 24 16 64)
1393 1532 73 26 8Als2
1498 1532 33 20 19;
1544 1537 37 16 171
1599 1532 69 20 21:84

136 1559 139 26 tionsanslag:
293 1560 70 20 såsom
380 1559 75 27 bidrag
471 1560 33 20 till
520 1560 113 26 tryckning
649 1567 26 13 av
691 1560 251 28 doktorsavhandlingar
927 1555 15 37 |
1012 1571 17 17 p.
1031 1559 38 34 100
1125 1559 2 19 I
1179 1566 2 29 |
1221 1560 2 46 |
1263 1561 2 34 |
1435 1562 2 34 |
1579 1560 2 3 I

136 1589 37 20 vid
189 1589 152 20 universiteten
358 1590 6 19 i
380 1589 96 27 Uppsala
492 1590 39 19 och
547 1590 63 19 Lund
621 1592 56 17 samt
688 1590 127 20 Karolinska
826 1589 116 22 institutet
932 1585 14 35 |
1125 1581 2 19 I
1179 1597 2 13 I
1263 1606 2 4 I
1435 1599 2 16 I

136 1620 31 18 ett
190 1619 78 26 belopp
288 1626 25 13 av
338 1619 79 20 30000
434 1619 30 20 kr.
482 1621 56 18 samt
553 1620 69 20 såsom
640 1619 74 26 bidrag
729 1620 33 20 till
778 1620 113 26 tryckning
892 1615 35 36 av
941 1632 1 9 |
1126 1615 1 8 |
1179 1616 2 36 |
1263 1615 2 30 =]
1436 1622 1 5 |

137 1648 243 26 doktorsavhandlingar
399 1649 35 20 vid
451 1649 141 25 högskolorna
607 1650 7 19 i
630 1649 125 21 Stockholm
772 1650 37 20 och
827 1648 115 28 Göteborg
927 1644 14 36 |
1072 1646 1 18 |
1126 1653 55 11 Id
1222 1648 1 36 |
1436 1639 1 25 |

137 1680 30 18 ett
184 1678 77 26 belopp
277 1685 27 13 av
320 1678 12 20 6
341 1678 42 20 000
400 1679 30 19 kr.
941 1690 1 6 |
1125 1671 2 33 |
1179 1670 2 41 |
1221 1688 2 19 I
1436 1665 1 54 |
1580 1682 1 8 |

941 1708 1 9 I
1126 1708 1 7 |
1221 1710 2 17 |
1579 1708 2 7 I

941 1724 1 14 I
1222 1731 1 5 I

94 1748 10 15 2
122 1743 41 20 Till
180 1744 118 25 ersättning
313 1744 33 19 för
361 1744 122 26 opposition
499 1744 13 19 å
527 1744 275 26 disputationsavhandling
817 1746 22 18 åt
850 1741 92 30 person,
937 1737 16 38 |
971 1752 8 11 »
1021 1745 40 21 |1:8
1180 1720 1 31 |
1200 1744 175 24 Blake
1393 1716 69 61 BAlcs
1499 1746 68 20 19:17
1580 1746 88 21 1:21:84

137 1779 45 14 som
207 1773 46 20 icke
276 1773 74 20 tillhör
368 1773 157 21 vederbörande
541 1774 135 20 universitets
692 1774 51 20 eller
759 1774 128 21 Karolinska
903 1775 28 20 in-
1012 1780 57 22 p.103
1180 1752 1 64 |
1221 1770 2 36 |
1437 1784 1 21 |
1580 1788 1 4 |

137 1803 95 20 stitutets
256 1803 99 24 lärarkår,
380 1804 84 20 anvisas
488 1804 33 19 för
545 1803 124 26 budgetåret
686 1802 124 29 1925/1926
828 1806 30 19 ett
873 1807 60 18 extra
1072 1798 2 28 I
1580 1794 1 37 |

137 1833 74 25 anslag
227 1839 25 14 av
270 1833 63 20 1500
350 1833 31 20 kr.
941 1828 1 35 |
1072 1827 2 38 |
1222 1852 1 38 |
1580 1832 1 29 |

941 1870 2 27 I
1072 1868 2 18 I
1126 1873 1 16 I
1580 1868 1 12 I

95 1904 8 14 1
122 1898 41 20 För
179 1898 125 26 budgetåret
321 1897 125 29 1926/1927
464 1899 84 20 anvisas
564 1900 70 19 såsom
651 1899 104 21 särskilda
771 1902 59 18 extra
844 1907 88 13 reserva-
948 1899 91 22 192611:
1049 1889 79 31 Bi]
1200 1900 12 20 6)
1243 1900 10 20 1!
1305 1900 13 20 81
1351 1905 24 16 7018
1393 1901 75 26 Ales]
1499 1902 67 20 28:21
1580 1900 1 28 |
1600 1902 69 21 28:86

137 1928 139 26 tionsanslag:
294 1929 70 20 såsom
382 1928 74 26 bidrag
471 1929 34 20 till
521 1929 113 26 tryckning
650 1936 26 13 av
692 1929 242 27 doktorsavhandlingar
1018 1941 17 16 p.
1042 1935 20 17 78
1073 1925 1 37 |
1127 1934 55 25 [
1437 1929 1 31 |
1580 1936 1 11 I
1681 1931 1 35 |

137 1958 36 20 vid
189 1958 153 21 universiteten
358 1959 7 19 i
381 1958 96 26 Uppsala
492 1959 39 20 och
548 1959 62 20 Lund
621 1961 56 18 samt
688 1959 128 21 Karolinska
827 1961 107 19 institutet
1127 1979 1 14 |
1191 1957 20 34 ar
1215 1957 7 34 dl
1437 1966 1 18 I

72 2008 2 12 |
137 1990 31 18 ett
184 1988 77 27 belopp
277 1995 26 13 av
320 1988 27 20 30
357 1988 42 20 000
416 1989 30 19 kr.
464 1989 70 20 såsom
552 1989 74 25 bidrag
635 1989 34 20 till
680 1990 114 25 tryckning
804 1997 26 13 av
840 1990 93 20 doktors-
1127 2009 1 3 |
1222 1989 1 30 |

72 2021 2 16 I
137 2018 155 25 avhandlingar
308 2018 36 20 vid
361 2018 141 26 högskolorna
518 2019 7 19 i
541 2018 125 21 Stockholm
682 2019 39 20 och
738 2020 106 25 Göteborg
859 2022 29 18 ett
901 2016 43 24 be-|
1127 2015 1 11 sd
1181 2007 1 35 |

72 2050 1 24 I
137 2048 52 26 lopp
205 2055 26 13 av
248 2048 12 19 6
271 2048 42 20 000
330 2048 30 20 kr.
943 2051 1 6 I
1181 2046 1 25 |

69 2100 29 18 45.
114 2103 90 18 Sakregister
216 2104 10 13 I.
