<?xml version="1.0" encoding="UTF-8"?>
<alto xmlns="http://www.loc.gov/standards/alto/ns-v3#" xmlns:xlink="http://www.w3.org/1999/xlink" xmlns:xsi="http://www.w3.org/2001/XMLSchema-instance" xsi:schemaLocation="http://www.loc.gov/standards/alto/ns-v3# http://www.loc.gov/alto/v3/alto-3-0.xsd">
	<Description>
		<MeasurementUnit>pixel</MeasurementUnit>
		<sourceImageInformation>
			<fileName></fileName>
		</sourceImageInformation>
		<OCRProcessing ID="OCR_0">
			<ocrProcessingStep>
				<processingSoftware>
					<softwareName>tesseract 4.1.1</softwareName>
				</processingSoftware>
			</ocrProcessingStep>
		</OCRProcessing>
	</Description>
	<Layout>
		<Page WIDTH="1852" HEIGHT="2360" PHYSICAL_IMG_NR="0" ID="page_0">
			<PrintSpace HPOS="0" VPOS="0" WIDTH="1852" HEIGHT="2360">
				<ComposedBlock ID="cblock_0" HPOS="164" VPOS="222" WIDTH="5" HEIGHT="1868">
					<TextBlock ID="block_0" HPOS="164" VPOS="222" WIDTH="5" HEIGHT="1868">
						<TextLine ID="line_0" HPOS="164" VPOS="222" WIDTH="5" HEIGHT="1868">
							<String ID="string_0" HPOS="164" VPOS="222" WIDTH="5" HEIGHT="1868" WC="0.95" CONTENT=" "/>
						</TextLine>
					</TextBlock>
				</ComposedBlock>
				<ComposedBlock ID="cblock_1" HPOS="765" VPOS="1" WIDTH="1086" HEIGHT="6">
					<TextBlock ID="block_1" HPOS="765" VPOS="1" WIDTH="1086" HEIGHT="6">
						<TextLine ID="line_1" HPOS="765" VPOS="1" WIDTH="1086" HEIGHT="6">
							<String ID="string_1" HPOS="765" VPOS="1" WIDTH="1086" HEIGHT="6" WC="0.95" CONTENT=" "/>
						</TextLine>
					</TextBlock>
				</ComposedBlock>
				<ComposedBlock ID="cblock_2" HPOS="166" VPOS="159" WIDTH="875" HEIGHT="21">
					<TextBlock ID="block_2" HPOS="166" VPOS="159" WIDTH="875" HEIGHT="21">
						<TextLine ID="line_2" HPOS="166" VPOS="159" WIDTH="875" HEIGHT="21">
							<String ID="string_2" HPOS="166" VPOS="159" WIDTH="43" HEIGHT="21" WC="0.96" CONTENT="492"/><SP WIDTH="696" VPOS="159" HPOS="209"/>
							<String ID="string_3" HPOS="905" VPOS="165" WIDTH="136" HEIGHT="15" WC="0.91" CONTENT="SAKREGISTER"/>
						</TextLine>
					</TextBlock>
				</ComposedBlock>
				<ComposedBlock ID="cblock_3" HPOS="433" VPOS="210" WIDTH="1341" HEIGHT="8">
					<TextBlock ID="block_3" HPOS="433" VPOS="210" WIDTH="1341" HEIGHT="8">
						<TextLine ID="line_3" HPOS="433" VPOS="210" WIDTH="1341" HEIGHT="8">
							<String ID="string_4" HPOS="433" VPOS="210" WIDTH="1341" HEIGHT="8" WC="0.95" CONTENT=" "/>
						</TextLine>
					</TextBlock>
				</ComposedBlock>
				<ComposedBlock ID="cblock_4" HPOS="433" VPOS="208" WIDTH="1341" HEIGHT="13">
					<TextBlock ID="block_4" HPOS="433" VPOS="208" WIDTH="1341" HEIGHT="13">
						<TextLine ID="line_4" HPOS="433" VPOS="208" WIDTH="1341" HEIGHT="13">
							<String ID="string_5" HPOS="433" VPOS="208" WIDTH="1341" HEIGHT="13" WC="0.95" CONTENT=" "/>
						</TextLine>
					</TextBlock>
				</ComposedBlock>
				<ComposedBlock ID="cblock_5" HPOS="433" VPOS="212" WIDTH="1341" HEIGHT="8">
					<TextBlock ID="block_5" HPOS="433" VPOS="212" WIDTH="1341" HEIGHT="8">
						<TextLine ID="line_5" HPOS="433" VPOS="212" WIDTH="1341" HEIGHT="8">
							<String ID="string_6" HPOS="433" VPOS="212" WIDTH="1341" HEIGHT="8" WC="0.95" CONTENT=" "/>
						</TextLine>
					</TextBlock>
				</ComposedBlock>
				<ComposedBlock ID="cblock_6" HPOS="433" VPOS="216" WIDTH="1341" HEIGHT="5">
					<TextBlock ID="block_6" HPOS="433" VPOS="216" WIDTH="1341" HEIGHT="5">
						<TextLine ID="line_6" HPOS="433" VPOS="216" WIDTH="1341" HEIGHT="5">
							<String ID="string_7" HPOS="433" VPOS="216" WIDTH="1341" HEIGHT="5" WC="0.95" CONTENT=" "/>
						</TextLine>
					</TextBlock>
				</ComposedBlock>
				<ComposedBlock ID="cblock_7" HPOS="1169" VPOS="359" WIDTH="599" HEIGHT="3">
					<TextBlock ID="block_7" HPOS="1169" VPOS="359" WIDTH="599" HEIGHT="3">
						<TextLine ID="line_7" HPOS="1169" VPOS="359" WIDTH="599" HEIGHT="3">
							<String ID="string_8" HPOS="1169" VPOS="359" WIDTH="599" HEIGHT="3" WC="0.95" CONTENT=" "/>
						</TextLine>
					</TextBlock>
				</ComposedBlock>
				<ComposedBlock ID="cblock_8" HPOS="1038" VPOS="437" WIDTH="730" HEIGHT="4">
					<TextBlock ID="block_8" HPOS="1038" VPOS="437" WIDTH="730" HEIGHT="4">
						<TextLine ID="line_8" HPOS="1038" VPOS="437" WIDTH="730" HEIGHT="4">
							<String ID="string_9" HPOS="1038" VPOS="437" WIDTH="730" HEIGHT="4" WC="0.95" CONTENT=" "/>
						</TextLine>
					</TextBlock>
				</ComposedBlock>
				<ComposedBlock ID="cblock_9" HPOS="1165" VPOS="211" WIDTH="2" HEIGHT="309">
					<TextBlock ID="block_9" HPOS="1165" VPOS="211" WIDTH="2" HEIGHT="309">
						<TextLine ID="line_9" HPOS="1165" VPOS="211" WIDTH="2" HEIGHT="309">
							<String ID="string_10" HPOS="1165" VPOS="211" WIDTH="2" HEIGHT="309" WC="0.95" CONTENT=" "/>
						</TextLine>
					</TextBlock>
				</ComposedBlock>
				<ComposedBlock ID="cblock_10" HPOS="1218" VPOS="365" WIDTH="3" HEIGHT="694">
					<TextBlock ID="block_10" HPOS="1218" VPOS="365" WIDTH="3" HEIGHT="694">
						<TextLine ID="line_10" HPOS="1218" VPOS="365" WIDTH="3" HEIGHT="694">
							<String ID="string_11" HPOS="1218" VPOS="365" WIDTH="3" HEIGHT="694" WC="0.95" CONTENT=" "/>
						</TextLine>
					</TextBlock>
				</ComposedBlock>
				<ComposedBlock ID="cblock_11" HPOS="1527" VPOS="364" WIDTH="3" HEIGHT="794">
					<TextBlock ID="block_11" HPOS="1527" VPOS="364" WIDTH="3" HEIGHT="794">
						<TextLine ID="line_11" HPOS="1527" VPOS="364" WIDTH="3" HEIGHT="794">
							<String ID="string_12" HPOS="1527" VPOS="364" WIDTH="3" HEIGHT="794" WC="0.95" CONTENT=" "/>
						</TextLine>
					</TextBlock>
				</ComposedBlock>
				<ComposedBlock ID="cblock_12" HPOS="1420" VPOS="360" WIDTH="3" HEIGHT="1013">
					<TextBlock ID="block_12" HPOS="1420" VPOS="360" WIDTH="3" HEIGHT="1013">
						<TextLine ID="line_12" HPOS="1420" VPOS="360" WIDTH="3" HEIGHT="1013">
							<String ID="string_13" HPOS="1420" VPOS="360" WIDTH="3" HEIGHT="1013" WC="0.95" CONTENT=" "/>
						</TextLine>
					</TextBlock>
				</ComposedBlock>
				<ComposedBlock ID="cblock_13" HPOS="1671" VPOS="364" WIDTH="2" HEIGHT="1108">
					<TextBlock ID="block_13" HPOS="1671" VPOS="364" WIDTH="2" HEIGHT="1108">
						<TextLine ID="line_13" HPOS="1671" VPOS="364" WIDTH="2" HEIGHT="1108">
							<String ID="string_14" HPOS="1671" VPOS="364" WIDTH="2" HEIGHT="1108" WC="0.95" CONTENT=" "/>
						</TextLine>
					</TextBlock>
				</ComposedBlock>
				<ComposedBlock ID="cblock_14" HPOS="1772" VPOS="218" WIDTH="3" HEIGHT="1298">
					<TextBlock ID="block_14" HPOS="1772" VPOS="218" WIDTH="3" HEIGHT="1298">
						<TextLine ID="line_14" HPOS="1772" VPOS="218" WIDTH="3" HEIGHT="1298">
							<String ID="string_15" HPOS="1772" VPOS="218" WIDTH="3" HEIGHT="1298" WC="0.95" CONTENT=" "/>
						</TextLine>
					</TextBlock>
				</ComposedBlock>
				<ComposedBlock ID="cblock_15" HPOS="1314" VPOS="366" WIDTH="1" HEIGHT="1151">
					<TextBlock ID="block_15" HPOS="1314" VPOS="366" WIDTH="1" HEIGHT="1151">
						<TextLine ID="line_15" HPOS="1314" VPOS="366" WIDTH="1" HEIGHT="1151">
							<String ID="string_16" HPOS="1314" VPOS="366" WIDTH="1" HEIGHT="1151" WC="0.95" CONTENT=" "/>
						</TextLine>
					</TextBlock>
				</ComposedBlock>
				<ComposedBlock ID="cblock_16" HPOS="1314" VPOS="1679" WIDTH="1" HEIGHT="97">
					<TextBlock ID="block_16" HPOS="1314" VPOS="1679" WIDTH="1" HEIGHT="97">
						<TextLine ID="line_16" HPOS="1314" VPOS="1679" WIDTH="1" HEIGHT="97">
							<String ID="string_17" HPOS="1314" VPOS="1679" WIDTH="1" HEIGHT="97" WC="0.95" CONTENT=" "/>
						</TextLine>
					</TextBlock>
				</ComposedBlock>
				<ComposedBlock ID="cblock_17" HPOS="1673" VPOS="1876" WIDTH="1" HEIGHT="50">
					<TextBlock ID="block_17" HPOS="1673" VPOS="1876" WIDTH="1" HEIGHT="50">
						<TextLine ID="line_17" HPOS="1673" VPOS="1876" WIDTH="1" HEIGHT="50">
							<String ID="string_18" HPOS="1673" VPOS="1876" WIDTH="1" HEIGHT="50" WC="0.95" CONTENT=" "/>
						</TextLine>
					</TextBlock>
				</ComposedBlock>
				<ComposedBlock ID="cblock_18" HPOS="1530" VPOS="1928" WIDTH="2" HEIGHT="65">
					<TextBlock ID="block_18" HPOS="1530" VPOS="1928" WIDTH="2" HEIGHT="65">
						<TextLine ID="line_18" HPOS="1530" VPOS="1928" WIDTH="2" HEIGHT="65">
							<String ID="string_19" HPOS="1530" VPOS="1928" WIDTH="2" HEIGHT="65" WC="0.95" CONTENT=" "/>
						</TextLine>
					</TextBlock>
				</ComposedBlock>
				<ComposedBlock ID="cblock_19" HPOS="1355" VPOS="1078" WIDTH="3" HEIGHT="935">
					<TextBlock ID="block_19" HPOS="1355" VPOS="1078" WIDTH="3" HEIGHT="935">
						<TextLine ID="line_19" HPOS="1355" VPOS="1078" WIDTH="3" HEIGHT="935">
							<String ID="string_20" HPOS="1355" VPOS="1078" WIDTH="3" HEIGHT="935" WC="0.95" CONTENT=" "/>
						</TextLine>
					</TextBlock>
				</ComposedBlock>
				<ComposedBlock ID="cblock_20" HPOS="1473" VPOS="218" WIDTH="10" HEIGHT="1841">
					<TextBlock ID="block_20" HPOS="1473" VPOS="218" WIDTH="10" HEIGHT="1841">
						<TextLine ID="line_20" HPOS="1473" VPOS="218" WIDTH="10" HEIGHT="1841">
							<String ID="string_21" HPOS="1473" VPOS="218" WIDTH="10" HEIGHT="1841" WC="0.95" CONTENT=" "/>
						</TextLine>
					</TextBlock>
				</ComposedBlock>
				<ComposedBlock ID="cblock_21" HPOS="1477" VPOS="437" WIDTH="4" HEIGHT="1622">
					<TextBlock ID="block_21" HPOS="1477" VPOS="437" WIDTH="4" HEIGHT="1622">
						<TextLine ID="line_21" HPOS="1477" VPOS="437" WIDTH="4" HEIGHT="1622">
							<String ID="string_22" HPOS="1477" VPOS="437" WIDTH="4" HEIGHT="1622" WC="0.95" CONTENT=" "/>
						</TextLine>
					</TextBlock>
				</ComposedBlock>
				<ComposedBlock ID="cblock_22" HPOS="1272" VPOS="211" WIDTH="3" HEIGHT="1878">
					<TextBlock ID="block_22" HPOS="1272" VPOS="211" WIDTH="3" HEIGHT="1878">
						<TextLine ID="line_22" HPOS="1272" VPOS="211" WIDTH="3" HEIGHT="1878">
							<String ID="string_23" HPOS="1272" VPOS="211" WIDTH="3" HEIGHT="1878" WC="0.95" CONTENT=" "/>
						</TextLine>
					</TextBlock>
				</ComposedBlock>
				<ComposedBlock ID="cblock_23" HPOS="1099" VPOS="219" WIDTH="4" HEIGHT="1870">
					<TextBlock ID="block_23" HPOS="1099" VPOS="219" WIDTH="4" HEIGHT="1870">
						<TextLine ID="line_23" HPOS="1099" VPOS="219" WIDTH="4" HEIGHT="1870">
							<String ID="string_24" HPOS="1099" VPOS="219" WIDTH="4" HEIGHT="1870" WC="0.95" CONTENT=" "/>
						</TextLine>
					</TextBlock>
				</ComposedBlock>
				<ComposedBlock ID="cblock_24" HPOS="1471" VPOS="218" WIDTH="6" HEIGHT="1872">
					<TextBlock ID="block_24" HPOS="1471" VPOS="218" WIDTH="6" HEIGHT="1872">
						<TextLine ID="line_24" HPOS="1471" VPOS="218" WIDTH="6" HEIGHT="1872">
							<String ID="string_25" HPOS="1471" VPOS="218" WIDTH="6" HEIGHT="1872" WC="0.95" CONTENT=" "/>
						</TextLine>
					</TextBlock>
				</ComposedBlock>
				<ComposedBlock ID="cblock_25" HPOS="1568" VPOS="218" WIDTH="8" HEIGHT="1872">
					<TextBlock ID="block_25" HPOS="1568" VPOS="218" WIDTH="8" HEIGHT="1872">
						<TextLine ID="line_25" HPOS="1568" VPOS="218" WIDTH="8" HEIGHT="1872">
							<String ID="string_26" HPOS="1568" VPOS="218" WIDTH="8" HEIGHT="1872" WC="0.95" CONTENT=" "/>
						</TextLine>
					</TextBlock>
				</ComposedBlock>
				<ComposedBlock ID="cblock_26" HPOS="1035" VPOS="219" WIDTH="1" HEIGHT="1871">
					<TextBlock ID="block_26" HPOS="1035" VPOS="219" WIDTH="1" HEIGHT="1871">
						<TextLine ID="line_26" HPOS="1035" VPOS="219" WIDTH="1" HEIGHT="1871">
							<String ID="string_27" HPOS="1035" VPOS="219" WIDTH="1" HEIGHT="1871" WC="0.95" CONTENT=" "/>
						</TextLine>
					</TextBlock>
				</ComposedBlock>
				<ComposedBlock ID="cblock_27" HPOS="164" VPOS="229" WIDTH="1612" HEIGHT="1862">
					<TextBlock ID="block_27" HPOS="164" VPOS="229" WIDTH="1612" HEIGHT="1862">
						<TextLine ID="line_27" HPOS="1114" VPOS="229" WIDTH="435" HEIGHT="29">
							<String ID="string_28" HPOS="1114" VPOS="229" WIDTH="41" HEIGHT="29" WC="0.20" CONTENT="SÅ"/><SP WIDTH="340" VPOS="229" HPOS="1155"/>
							<String ID="string_29" HPOS="1495" VPOS="233" WIDTH="54" HEIGHT="18" WC="0.86" CONTENT="Riks-"/>
						</TextLine>
						<TextLine ID="line_28" HPOS="1061" VPOS="251" WIDTH="672" HEIGHT="42">
							<String ID="string_30" HPOS="1061" VPOS="257" WIDTH="17" HEIGHT="26" WC="0.58" CONTENT="3"/><SP WIDTH="36" VPOS="257" HPOS="1078"/>
							<String ID="string_31" HPOS="1114" VPOS="257" WIDTH="17" HEIGHT="36" WC="0.34" CONTENT="z"/><SP WIDTH="2" VPOS="257" HPOS="1131"/>
							<String ID="string_32" HPOS="1133" VPOS="260" WIDTH="22" HEIGHT="31" WC="0.13" CONTENT="-"/><SP WIDTH="59" VPOS="260" HPOS="1155"/>
							<String ID="string_33" HPOS="1214" VPOS="281" WIDTH="4" HEIGHT="4" WC="0.0" CONTENT="z"/><SP WIDTH="111" VPOS="281" HPOS="1218"/>
							<String ID="string_34" HPOS="1329" VPOS="251" WIDTH="94" HEIGHT="17" WC="0.0" CONTENT="Utskotte&quot;"/><SP WIDTH="62" VPOS="251" HPOS="1423"/>
							<String ID="string_35" HPOS="1485" VPOS="256" WIDTH="73" HEIGHT="33" WC="0.95" CONTENT="dagens"/><SP WIDTH="58" VPOS="256" HPOS="1558"/>
							<String ID="string_36" HPOS="1616" VPOS="263" WIDTH="117" HEIGHT="17" WC="0.92" CONTENT="Kamrarnas"/>
						</TextLine>
						<TextLine ID="line_29" HPOS="1061" VPOS="276" WIDTH="684" HEIGHT="46">
							<String ID="string_37" HPOS="1061" VPOS="288" WIDTH="65" HEIGHT="26" WC="0.29" CONTENT="NE"/><SP WIDTH="12" VPOS="288" HPOS="1126"/>
							<String ID="string_38" HPOS="1138" VPOS="293" WIDTH="17" HEIGHT="29" WC="0.78" CONTENT="z"/><SP WIDTH="17" VPOS="293" HPOS="1155"/>
							<String ID="string_39" HPOS="1172" VPOS="277" WIDTH="94" HEIGHT="29" WC="0.96" CONTENT="Motioner"/><SP WIDTH="41" VPOS="277" HPOS="1266"/>
							<String ID="string_40" HPOS="1307" VPOS="276" WIDTH="122" HEIGHT="42" WC="0.94" CONTENT="utlåtanden"/><SP WIDTH="72" VPOS="276" HPOS="1429"/>
							<String ID="string_41" HPOS="1501" VPOS="293" WIDTH="46" HEIGHT="17" WC="0.38" CONTENT="RR"/><SP WIDTH="53" VPOS="293" HPOS="1547"/>
							<String ID="string_42" HPOS="1600" VPOS="292" WIDTH="145" HEIGHT="23" WC="0.95" CONTENT="förhandlingar"/>
						</TextLine>
						<TextLine ID="line_30" HPOS="1064" VPOS="306" WIDTH="495" HEIGHT="56">
							<String ID="string_43" HPOS="1064" VPOS="309" WIDTH="9" HEIGHT="41" WC="0.14" CONTENT="=S"/><SP WIDTH="43" VPOS="309" HPOS="1073"/>
							<String ID="string_44" HPOS="1116" VPOS="308" WIDTH="28" HEIGHT="54" WC="0.0" CONTENT="Zä&amp;"/><SP WIDTH="150" VPOS="308" HPOS="1144"/>
							<String ID="string_45" HPOS="1294" VPOS="311" WIDTH="47" HEIGHT="18" WC="0.96" CONTENT="eller"/><SP WIDTH="12" VPOS="311" HPOS="1341"/>
							<String ID="string_46" HPOS="1353" VPOS="310" WIDTH="99" HEIGHT="19" WC="0.96" CONTENT="memorial"/><SP WIDTH="42" VPOS="310" HPOS="1452"/>
							<String ID="string_47" HPOS="1494" VPOS="306" WIDTH="65" HEIGHT="38" WC="0.0" CONTENT="Sölkdr:"/>
						</TextLine>
						<TextLine ID="line_31" HPOS="1056" VPOS="349" WIDTH="257" HEIGHT="25">
							<String ID="string_48" HPOS="1056" VPOS="349" WIDTH="17" HEIGHT="25" WC="0.45" CONTENT="3"/><SP WIDTH="41" VPOS="349" HPOS="1073"/>
							<String ID="string_49" HPOS="1114" VPOS="350" WIDTH="40" HEIGHT="19" WC="0.22" CONTENT="138"/><SP WIDTH="126" VPOS="350" HPOS="1154"/>
							<String ID="string_50" HPOS="1280" VPOS="360" WIDTH="33" HEIGHT="2" WC="0.88" CONTENT="—"/>
						</TextLine>
						<TextLine ID="line_32" HPOS="1114" VPOS="370" WIDTH="500" HEIGHT="17">
							<String ID="string_51" HPOS="1114" VPOS="370" WIDTH="36" HEIGHT="17" WC="0.23" CONTENT="=S"/><SP WIDTH="137" VPOS="370" HPOS="1150"/>
							<String ID="string_52" HPOS="1287" VPOS="371" WIDTH="17" HEIGHT="12" WC="0.30" CONTENT="a"/><SP WIDTH="307" VPOS="371" HPOS="1304"/>
							<String ID="string_53" HPOS="1611" VPOS="379" WIDTH="3" HEIGHT="3" WC="0.2" CONTENT=";"/>
						</TextLine>
						<TextLine ID="line_33" HPOS="1061" VPOS="365" WIDTH="694" HEIGHT="51">
							<String ID="string_54" HPOS="1061" VPOS="378" WIDTH="17" HEIGHT="25" WC="0.20" CONTENT="="/><SP WIDTH="36" VPOS="378" HPOS="1078"/>
							<String ID="string_55" HPOS="1114" VPOS="388" WIDTH="36" HEIGHT="35" WC="0.51" CONTENT="123"/><SP WIDTH="25" VPOS="388" HPOS="1150"/>
							<String ID="string_56" HPOS="1175" VPOS="390" WIDTH="28" HEIGHT="17" WC="0.43" CONTENT="re"/><SP WIDTH="24" VPOS="390" HPOS="1203"/>
							<String ID="string_57" HPOS="1227" VPOS="361" WIDTH="54" HEIGHT="83" WC="0.32" CONTENT="ax]"/><SP WIDTH="6" VPOS="361" HPOS="1281"/>
							<String ID="string_58" HPOS="1287" VPOS="365" WIDTH="69" HEIGHT="70" WC="0.0" CONTENT="Fl]"/><SP WIDTH="25" VPOS="365" HPOS="1356"/>
							<String ID="string_59" HPOS="1381" VPOS="389" WIDTH="18" HEIGHT="27" WC="0.37" CONTENT="a"/><SP WIDTH="5" VPOS="389" HPOS="1399"/>
							<String ID="string_60" HPOS="1404" VPOS="361" WIDTH="32" HEIGHT="83" WC="0.44" CONTENT="|"/><SP WIDTH="5" VPOS="361" HPOS="1436"/>
							<String ID="string_61" HPOS="1441" VPOS="377" WIDTH="71" HEIGHT="45" WC="0.44" CONTENT="Bla"/><SP WIDTH="30" VPOS="377" HPOS="1512"/>
							<String ID="string_62" HPOS="1542" VPOS="377" WIDTH="17" HEIGHT="45" WC="0.8" CONTENT="|B]"/><SP WIDTH="26" VPOS="377" HPOS="1559"/>
							<String ID="string_63" HPOS="1585" VPOS="377" WIDTH="72" HEIGHT="42" WC="0.36" CONTENT="änn"/><SP WIDTH="30" VPOS="377" HPOS="1657"/>
							<String ID="string_64" HPOS="1687" VPOS="377" WIDTH="87" HEIGHT="45" WC="0.15" CONTENT="de"/><SP WIDTH="-22" VPOS="377" HPOS="1774"/>
							<String ID="string_65" HPOS="1752" VPOS="361" WIDTH="21" HEIGHT="83" WC="0.76" CONTENT="|"/>
						</TextLine>
						<TextLine ID="line_34" HPOS="185" VPOS="443" WIDTH="206" HEIGHT="27">
							<String ID="string_66" HPOS="185" VPOS="443" WIDTH="206" HEIGHT="27" WC="0.91" CONTENT="Fiskerinäringen."/>
						</TextLine>
						<TextLine ID="line_35" HPOS="174" VPOS="473" WIDTH="1593" HEIGHT="26">
							<String ID="string_67" HPOS="174" VPOS="479" WIDTH="23" HEIGHT="16" WC="0.92" CONTENT="12"/><SP WIDTH="18" VPOS="479" HPOS="197"/>
							<String ID="string_68" HPOS="215" VPOS="474" WIDTH="38" HEIGHT="21" WC="0.92" CONTENT="RD"/><SP WIDTH="16" VPOS="474" HPOS="253"/>
							<String ID="string_69" HPOS="269" VPOS="474" WIDTH="104" HEIGHT="24" WC="0.95" CONTENT="anhåller,"/><SP WIDTH="16" VPOS="474" HPOS="373"/>
							<String ID="string_70" HPOS="389" VPOS="475" WIDTH="32" HEIGHT="19" WC="0.93" CONTENT="att"/><SP WIDTH="15" VPOS="475" HPOS="421"/>
							<String ID="string_71" HPOS="436" VPOS="473" WIDTH="62" HEIGHT="21" WC="0.91" CONTENT="KM:t"/><SP WIDTH="14" VPOS="473" HPOS="498"/>
							<String ID="string_72" HPOS="512" VPOS="473" WIDTH="50" HEIGHT="21" WC="0.93" CONTENT="ville"/><SP WIDTH="16" VPOS="473" HPOS="562"/>
							<String ID="string_73" HPOS="578" VPOS="473" WIDTH="126" HEIGHT="20" WC="0.92" CONTENT="föranstalta"/><SP WIDTH="16" VPOS="473" HPOS="704"/>
							<String ID="string_74" HPOS="720" VPOS="479" WIDTH="34" HEIGHT="14" WC="0.96" CONTENT="om"/><SP WIDTH="17" VPOS="479" HPOS="754"/>
							<String ID="string_75" HPOS="771" VPOS="473" WIDTH="115" HEIGHT="26" WC="0.95" CONTENT="utredning"/><SP WIDTH="15" VPOS="473" HPOS="886"/>
							<String ID="string_76" HPOS="901" VPOS="480" WIDTH="46" HEIGHT="19" WC="0.95" CONTENT="ang."/><SP WIDTH="13" VPOS="480" HPOS="947"/>
							<String ID="string_77" HPOS="960" VPOS="473" WIDTH="26" HEIGHT="21" WC="0.91" CONTENT="de"/><SP WIDTH="11" VPOS="473" HPOS="986"/>
							<String ID="string_78" HPOS="997" VPOS="474" WIDTH="28" HEIGHT="20" WC="0.28" CONTENT="åt-"/><SP WIDTH="15" VPOS="474" HPOS="1025"/>
							<String ID="string_79" HPOS="1040" VPOS="474" WIDTH="56" HEIGHT="21" WC="0.28" CONTENT="|1925"/><SP WIDTH="132" VPOS="474" HPOS="1096"/>
							<String ID="string_80" HPOS="1228" VPOS="474" WIDTH="77" HEIGHT="21" WC="0.45" CONTENT="121110"/><SP WIDTH="78" VPOS="474" HPOS="1305"/>
							<String ID="string_81" HPOS="1383" VPOS="474" WIDTH="26" HEIGHT="21" WC="0.95" CONTENT="61"/><SP WIDTH="73" VPOS="474" HPOS="1409"/>
							<String ID="string_82" HPOS="1482" VPOS="474" WIDTH="42" HEIGHT="20" WC="0.96" CONTENT="256"/><SP WIDTH="66" VPOS="474" HPOS="1524"/>
							<String ID="string_83" HPOS="1590" VPOS="474" WIDTH="33" HEIGHT="20" WC="0.90" CONTENT="32:"/><SP WIDTH="11" VPOS="474" HPOS="1623"/>
							<String ID="string_84" HPOS="1634" VPOS="479" WIDTH="25" HEIGHT="16" WC="0.90" CONTENT="47"/><SP WIDTH="5" VPOS="479" HPOS="1659"/>
							<String ID="string_85" HPOS="1664" VPOS="470" WIDTH="18" HEIGHT="34" WC="0.85" CONTENT="|"/><SP WIDTH="2" VPOS="470" HPOS="1682"/>
							<String ID="string_86" HPOS="1684" VPOS="474" WIDTH="33" HEIGHT="20" WC="0.85" CONTENT="34:"/><SP WIDTH="12" VPOS="474" HPOS="1717"/>
							<String ID="string_87" HPOS="1729" VPOS="479" WIDTH="38" HEIGHT="16" WC="0.96" CONTENT="164"/>
						</TextLine>
						<TextLine ID="line_36" HPOS="230" VPOS="503" WIDTH="936" HEIGHT="27">
							<String ID="string_88" HPOS="230" VPOS="504" WIDTH="81" HEIGHT="26" WC="0.96" CONTENT="gärder,"/><SP WIDTH="25" VPOS="504" HPOS="311"/>
							<String ID="string_89" HPOS="336" VPOS="510" WIDTH="45" HEIGHT="14" WC="0.96" CONTENT="som"/><SP WIDTH="24" VPOS="510" HPOS="381"/>
							<String ID="string_90" HPOS="405" VPOS="504" WIDTH="75" HEIGHT="20" WC="0.96" CONTENT="kunna"/><SP WIDTH="21" VPOS="504" HPOS="480"/>
							<String ID="string_91" HPOS="501" VPOS="503" WIDTH="39" HEIGHT="21" WC="0.95" CONTENT="och"/><SP WIDTH="24" VPOS="503" HPOS="540"/>
							<String ID="string_92" HPOS="564" VPOS="503" WIDTH="51" HEIGHT="21" WC="0.94" CONTENT="böra"/><SP WIDTH="21" VPOS="503" HPOS="615"/>
							<String ID="string_93" HPOS="636" VPOS="503" WIDTH="97" HEIGHT="26" WC="0.94" CONTENT="vidtagas"/><SP WIDTH="19" VPOS="503" HPOS="733"/>
							<String ID="string_94" HPOS="752" VPOS="503" WIDTH="33" HEIGHT="20" WC="0.93" CONTENT="för"/><SP WIDTH="15" VPOS="503" HPOS="785"/>
							<String ID="string_95" HPOS="800" VPOS="503" WIDTH="111" HEIGHT="21" WC="0.90" CONTENT="laxfiskets"/><SP WIDTH="15" VPOS="503" HPOS="911"/>
							<String ID="string_96" HPOS="926" VPOS="503" WIDTH="99" HEIGHT="27" WC="0.92" CONTENT="upphjäl-"/><SP WIDTH="140" VPOS="503" HPOS="1025"/>
							<String ID="string_97" HPOS="1165" VPOS="525" WIDTH="1" HEIGHT="3" WC="0.69" CONTENT="I"/>
						</TextLine>
						<TextLine ID="line_37" HPOS="230" VPOS="531" WIDTH="1192" HEIGHT="30">
							<String ID="string_98" HPOS="230" VPOS="534" WIDTH="76" HEIGHT="27" WC="0.96" CONTENT="pande."/><SP WIDTH="859" VPOS="534" HPOS="306"/>
							<String ID="string_99" HPOS="1165" VPOS="531" WIDTH="1" HEIGHT="29" WC="0.69" CONTENT="I"/><SP WIDTH="255" VPOS="531" HPOS="1166"/>
							<String ID="string_100" HPOS="1421" VPOS="533" WIDTH="1" HEIGHT="11" WC="0.76" CONTENT="|"/>
						</TextLine>
						<TextLine ID="line_38" HPOS="1165" VPOS="568" WIDTH="1" HEIGHT="20">
							<String ID="string_101" HPOS="1165" VPOS="568" WIDTH="1" HEIGHT="20" WC="0.76" CONTENT="I"/>
						</TextLine>
						<TextLine ID="line_39" HPOS="188" VPOS="595" WIDTH="1572" HEIGHT="40">
							<String ID="string_102" HPOS="188" VPOS="605" WIDTH="8" HEIGHT="16" WC="0.96" CONTENT="1"/><SP WIDTH="19" VPOS="605" HPOS="196"/>
							<String ID="string_103" HPOS="215" VPOS="600" WIDTH="41" HEIGHT="20" WC="0.96" CONTENT="För"/><SP WIDTH="16" VPOS="600" HPOS="256"/>
							<String ID="string_104" HPOS="272" VPOS="599" WIDTH="125" HEIGHT="27" WC="0.93" CONTENT="budgetåret"/><SP WIDTH="20" VPOS="599" HPOS="397"/>
							<String ID="string_105" HPOS="417" VPOS="597" WIDTH="125" HEIGHT="30" WC="0.92" CONTENT="1926/1927"/><SP WIDTH="17" VPOS="597" HPOS="542"/>
							<String ID="string_106" HPOS="559" VPOS="599" WIDTH="101" HEIGHT="26" WC="0.92" CONTENT="uppföres"/><SP WIDTH="16" VPOS="599" HPOS="660"/>
							<String ID="string_107" HPOS="676" VPOS="598" WIDTH="43" HEIGHT="21" WC="0.93" CONTENT="ord."/><SP WIDTH="16" VPOS="598" HPOS="719"/>
							<String ID="string_108" HPOS="735" VPOS="599" WIDTH="187" HEIGHT="26" WC="0.90" CONTENT="förslagsanslaget"/><SP WIDTH="14" VPOS="599" HPOS="922"/>
							<String ID="string_109" HPOS="936" VPOS="599" WIDTH="33" HEIGHT="20" WC="0.92" CONTENT="till"/><SP WIDTH="17" VPOS="599" HPOS="969"/>
							<String ID="string_110" HPOS="986" VPOS="602" WIDTH="40" HEIGHT="17" WC="0.42" CONTENT="sta-"/><SP WIDTH="5" VPOS="602" HPOS="1026"/>
							<String ID="string_111" HPOS="1031" VPOS="593" WIDTH="6" HEIGHT="38" WC="0.42" CONTENT="|"/><SP WIDTH="3" VPOS="593" HPOS="1037"/>
							<String ID="string_112" HPOS="1040" VPOS="599" WIDTH="57" HEIGHT="23" WC="0.0" CONTENT="1926]"/><SP WIDTH="16" VPOS="599" HPOS="1097"/>
							<String ID="string_113" HPOS="1113" VPOS="600" WIDTH="19" HEIGHT="20" WC="0.0" CONTENT="1:"/><SP WIDTH="10" VPOS="600" HPOS="1132"/>
							<String ID="string_114" HPOS="1142" VPOS="595" WIDTH="25" HEIGHT="40" WC="0.27" CONTENT="91"/><SP WIDTH="112" VPOS="595" HPOS="1167"/>
							<String ID="string_115" HPOS="1279" VPOS="600" WIDTH="25" HEIGHT="21" WC="0.95" CONTENT="10"/><SP WIDTH="79" VPOS="600" HPOS="1304"/>
							<String ID="string_116" HPOS="1383" VPOS="600" WIDTH="26" HEIGHT="20" WC="0.32" CONTENT="15/|"/><SP WIDTH="33" VPOS="600" HPOS="1409"/>
							<String ID="string_117" HPOS="1442" VPOS="605" WIDTH="23" HEIGHT="15" WC="0.78" CONTENT="281"/><SP WIDTH="33" VPOS="605" HPOS="1465"/>
							<String ID="string_118" HPOS="1498" VPOS="600" WIDTH="59" HEIGHT="20" WC="0.33" CONTENT="75l11]"/><SP WIDTH="33" VPOS="600" HPOS="1557"/>
							<String ID="string_119" HPOS="1590" VPOS="599" WIDTH="69" HEIGHT="21" WC="0.50" CONTENT="14:16]"/><SP WIDTH="33" VPOS="599" HPOS="1659"/>
							<String ID="string_120" HPOS="1692" VPOS="599" WIDTH="68" HEIGHT="21" WC="0.95" CONTENT="14:20"/>
						</TextLine>
						<TextLine ID="line_40" HPOS="230" VPOS="624" WIDTH="1543" HEIGHT="39">
							<String ID="string_121" HPOS="230" VPOS="631" WIDTH="47" HEIGHT="19" WC="0.96" CONTENT="tens"/><SP WIDTH="8" VPOS="631" HPOS="277"/>
							<String ID="string_122" HPOS="285" VPOS="630" WIDTH="72" HEIGHT="20" WC="0.93" CONTENT="lokala"/><SP WIDTH="11" VPOS="630" HPOS="357"/>
							<String ID="string_123" HPOS="368" VPOS="629" WIDTH="244" HEIGHT="21" WC="0.91" CONTENT="fiskeriadministration"/><SP WIDTH="8" VPOS="629" HPOS="612"/>
							<String ID="string_124" HPOS="620" VPOS="629" WIDTH="50" HEIGHT="20" WC="0.96" CONTENT="med"/><SP WIDTH="11" VPOS="629" HPOS="670"/>
							<String ID="string_125" HPOS="681" VPOS="629" WIDTH="123" HEIGHT="20" WC="0.95" CONTENT="oförändrat"/><SP WIDTH="11" VPOS="629" HPOS="804"/>
							<String ID="string_126" HPOS="815" VPOS="629" WIDTH="78" HEIGHT="26" WC="0.96" CONTENT="belopp"/><SP WIDTH="12" VPOS="629" HPOS="893"/>
							<String ID="string_127" HPOS="905" VPOS="629" WIDTH="26" HEIGHT="20" WC="0.96" CONTENT="79"/><SP WIDTH="11" VPOS="629" HPOS="931"/>
							<String ID="string_128" HPOS="942" VPOS="628" WIDTH="42" HEIGHT="21" WC="0.96" CONTENT="200"/><SP WIDTH="9" VPOS="628" HPOS="984"/>
							<String ID="string_129" HPOS="993" VPOS="629" WIDTH="30" HEIGHT="20" WC="0.95" CONTENT="kr."/><SP WIDTH="81" VPOS="629" HPOS="1023"/>
							<String ID="string_130" HPOS="1104" VPOS="641" WIDTH="15" HEIGHT="12" WC="0.44" CONTENT="s."/><SP WIDTH="9" VPOS="641" HPOS="1119"/>
							<String ID="string_131" HPOS="1128" VPOS="635" WIDTH="39" HEIGHT="28" WC="0.57" CONTENT="279]"/><SP WIDTH="605" VPOS="635" HPOS="1167"/>
							<String ID="string_132" HPOS="1772" VPOS="624" WIDTH="1" HEIGHT="14" WC="0.77" CONTENT="I"/>
						</TextLine>
						<TextLine ID="line_41" HPOS="1165" VPOS="661" WIDTH="507" HEIGHT="32">
							<String ID="string_133" HPOS="1165" VPOS="661" WIDTH="55" HEIGHT="17" WC="0.9" CONTENT="je]"/><SP WIDTH="451" VPOS="661" HPOS="1220"/>
							<String ID="string_134" HPOS="1671" VPOS="663" WIDTH="1" HEIGHT="30" WC="0.87" CONTENT="|"/>
						</TextLine>
						<TextLine ID="line_42" HPOS="187" VPOS="706" WIDTH="1573" HEIGHT="39">
							<String ID="string_135" HPOS="187" VPOS="725" WIDTH="10" HEIGHT="16" WC="0.96" CONTENT="2"/><SP WIDTH="18" VPOS="725" HPOS="197"/>
							<String ID="string_136" HPOS="215" VPOS="719" WIDTH="50" HEIGHT="22" WC="0.88" CONTENT="Ord."/><SP WIDTH="24" VPOS="719" HPOS="265"/>
							<String ID="string_137" HPOS="289" VPOS="719" WIDTH="237" HEIGHT="26" WC="0.88" CONTENT="reservationsanslaget"/><SP WIDTH="22" VPOS="719" HPOS="526"/>
							<String ID="string_138" HPOS="548" VPOS="718" WIDTH="32" HEIGHT="21" WC="0.96" CONTENT="till"/><SP WIDTH="20" VPOS="718" HPOS="580"/>
							<String ID="string_139" HPOS="600" VPOS="718" WIDTH="74" HEIGHT="21" WC="0.96" CONTENT="fiskets"/><SP WIDTH="19" VPOS="718" HPOS="674"/>
							<String ID="string_140" HPOS="693" VPOS="718" WIDTH="148" HEIGHT="27" WC="0.96" CONTENT="befrämjande"/><SP WIDTH="15" VPOS="718" HPOS="841"/>
							<String ID="string_141" HPOS="856" VPOS="719" WIDTH="8" HEIGHT="19" WC="0.96" CONTENT="i"/><SP WIDTH="15" VPOS="719" HPOS="864"/>
							<String ID="string_142" HPOS="879" VPOS="718" WIDTH="26" HEIGHT="21" WC="0.93" CONTENT="de"/><SP WIDTH="16" VPOS="718" HPOS="905"/>
							<String ID="string_143" HPOS="921" VPOS="718" WIDTH="106" HEIGHT="21" WC="0.82" CONTENT="särskilda|"/><SP WIDTH="37" VPOS="718" HPOS="1027"/>
							<String ID="string_144" HPOS="1064" VPOS="728" WIDTH="8" HEIGHT="11" WC="0.89" CONTENT="»"/><SP WIDTH="41" VPOS="728" HPOS="1072"/>
							<String ID="string_145" HPOS="1113" VPOS="720" WIDTH="41" HEIGHT="21" WC="0.3" CONTENT="11:9"/><SP WIDTH="125" VPOS="720" HPOS="1154"/>
							<String ID="string_146" HPOS="1279" VPOS="720" WIDTH="25" HEIGHT="21" WC="0.95" CONTENT="10"/><SP WIDTH="79" VPOS="720" HPOS="1304"/>
							<String ID="string_147" HPOS="1383" VPOS="720" WIDTH="26" HEIGHT="20" WC="0.21" CONTENT="15/|"/><SP WIDTH="32" VPOS="720" HPOS="1409"/>
							<String ID="string_148" HPOS="1441" VPOS="724" WIDTH="24" HEIGHT="16" WC="0.81" CONTENT="28l"/><SP WIDTH="32" VPOS="724" HPOS="1465"/>
							<String ID="string_149" HPOS="1497" VPOS="719" WIDTH="60" HEIGHT="21" WC="0.0" CONTENT="7511]"/><SP WIDTH="33" VPOS="719" HPOS="1557"/>
							<String ID="string_150" HPOS="1590" VPOS="719" WIDTH="68" HEIGHT="21" WC="0.96" CONTENT="14:16"/><SP WIDTH="13" VPOS="719" HPOS="1658"/>
							<String ID="string_151" HPOS="1671" VPOS="706" WIDTH="1" HEIGHT="26" WC="0.90" CONTENT="|"/><SP WIDTH="19" VPOS="706" HPOS="1672"/>
							<String ID="string_152" HPOS="1691" VPOS="719" WIDTH="33" HEIGHT="20" WC="0.90" CONTENT="14:"/><SP WIDTH="10" VPOS="719" HPOS="1724"/>
							<String ID="string_153" HPOS="1734" VPOS="725" WIDTH="26" HEIGHT="15" WC="0.95" CONTENT="20"/>
						</TextLine>
						<TextLine ID="line_43" HPOS="230" VPOS="731" WIDTH="925" HEIGHT="54">
							<String ID="string_154" HPOS="230" VPOS="751" WIDTH="85" HEIGHT="19" WC="0.96" CONTENT="orterna"/><SP WIDTH="15" VPOS="751" HPOS="315"/>
							<String ID="string_155" HPOS="330" VPOS="749" WIDTH="96" HEIGHT="20" WC="0.96" CONTENT="minskas"/><SP WIDTH="16" VPOS="749" HPOS="426"/>
							<String ID="string_156" HPOS="442" VPOS="749" WIDTH="49" HEIGHT="20" WC="0.96" CONTENT="med"/><SP WIDTH="17" VPOS="749" HPOS="491"/>
							<String ID="string_157" HPOS="508" VPOS="748" WIDTH="27" HEIGHT="21" WC="0.95" CONTENT="18"/><SP WIDTH="11" VPOS="748" HPOS="535"/>
							<String ID="string_158" HPOS="546" VPOS="748" WIDTH="41" HEIGHT="21" WC="0.95" CONTENT="500"/><SP WIDTH="17" VPOS="748" HPOS="587"/>
							<String ID="string_159" HPOS="604" VPOS="748" WIDTH="31" HEIGHT="21" WC="0.95" CONTENT="kr."/><SP WIDTH="17" VPOS="748" HPOS="635"/>
							<String ID="string_160" HPOS="652" VPOS="748" WIDTH="34" HEIGHT="21" WC="0.96" CONTENT="till"/><SP WIDTH="17" VPOS="748" HPOS="686"/>
							<String ID="string_161" HPOS="703" VPOS="748" WIDTH="27" HEIGHT="21" WC="0.93" CONTENT="60"/><SP WIDTH="8" VPOS="748" HPOS="730"/>
							<String ID="string_162" HPOS="738" VPOS="748" WIDTH="42" HEIGHT="21" WC="0.93" CONTENT="000"/><SP WIDTH="16" VPOS="748" HPOS="780"/>
							<String ID="string_163" HPOS="796" VPOS="748" WIDTH="31" HEIGHT="20" WC="0.95" CONTENT="kr."/><SP WIDTH="207" VPOS="748" HPOS="827"/>
							<String ID="string_164" HPOS="1034" VPOS="731" WIDTH="2" HEIGHT="54" WC="0.84" CONTENT="|"/><SP WIDTH="75" VPOS="731" HPOS="1036"/>
							<String ID="string_165" HPOS="1111" VPOS="755" WIDTH="44" HEIGHT="23" WC="0.26" CONTENT="p.98"/>
						</TextLine>
						<TextLine ID="line_44" HPOS="188" VPOS="799" WIDTH="1572" HEIGHT="46">
							<String ID="string_166" HPOS="188" VPOS="815" WIDTH="9" HEIGHT="15" WC="0.96" CONTENT="3"/><SP WIDTH="18" VPOS="815" HPOS="197"/>
							<String ID="string_167" HPOS="215" VPOS="810" WIDTH="41" HEIGHT="20" WC="0.96" CONTENT="För"/><SP WIDTH="19" VPOS="810" HPOS="256"/>
							<String ID="string_168" HPOS="275" VPOS="809" WIDTH="126" HEIGHT="26" WC="0.93" CONTENT="budgetåret"/><SP WIDTH="16" VPOS="809" HPOS="401"/>
							<String ID="string_169" HPOS="417" VPOS="808" WIDTH="125" HEIGHT="27" WC="0.92" CONTENT="1926/1927"/><SP WIDTH="17" VPOS="808" HPOS="542"/>
							<String ID="string_170" HPOS="559" VPOS="810" WIDTH="104" HEIGHT="25" WC="0.92" CONTENT="upptages"/><SP WIDTH="16" VPOS="810" HPOS="663"/>
							<String ID="string_171" HPOS="679" VPOS="808" WIDTH="45" HEIGHT="21" WC="0.91" CONTENT="ord."/><SP WIDTH="16" VPOS="808" HPOS="724"/>
							<String ID="string_172" HPOS="740" VPOS="808" WIDTH="237" HEIGHT="27" WC="0.90" CONTENT="reservationsanslaget"/><SP WIDTH="15" VPOS="808" HPOS="977"/>
							<String ID="string_173" HPOS="992" VPOS="809" WIDTH="33" HEIGHT="20" WC="0.36" CONTENT="till"/><SP WIDTH="5" VPOS="809" HPOS="1025"/>
							<String ID="string_174" HPOS="1030" VPOS="804" WIDTH="10" HEIGHT="35" WC="0.36" CONTENT="|"/><SP WIDTH="23" VPOS="804" HPOS="1040"/>
							<String ID="string_175" HPOS="1063" VPOS="818" WIDTH="9" HEIGHT="11" WC="0.89" CONTENT="»"/><SP WIDTH="41" VPOS="818" HPOS="1072"/>
							<String ID="string_176" HPOS="1113" VPOS="810" WIDTH="18" HEIGHT="21" WC="0.80" CONTENT="|1:"/><SP WIDTH="11" VPOS="810" HPOS="1131"/>
							<String ID="string_177" HPOS="1142" VPOS="799" WIDTH="24" HEIGHT="31" WC="0.14" CONTENT="9"/><SP WIDTH="112" VPOS="799" HPOS="1166"/>
							<String ID="string_178" HPOS="1278" VPOS="810" WIDTH="26" HEIGHT="20" WC="0.0" CONTENT="10"/><SP WIDTH="51" VPOS="810" HPOS="1304"/>
							<String ID="string_179" HPOS="1355" VPOS="805" WIDTH="1" HEIGHT="40" WC="0.87" CONTENT="|"/><SP WIDTH="27" VPOS="805" HPOS="1356"/>
							<String ID="string_180" HPOS="1383" VPOS="810" WIDTH="26" HEIGHT="20" WC="0.22" CONTENT="15!"/><SP WIDTH="32" VPOS="810" HPOS="1409"/>
							<String ID="string_181" HPOS="1441" VPOS="815" WIDTH="24" HEIGHT="15" WC="0.53" CONTENT="291"/><SP WIDTH="32" VPOS="815" HPOS="1465"/>
							<String ID="string_182" HPOS="1497" VPOS="809" WIDTH="61" HEIGHT="21" WC="0.0" CONTENT="75121"/><SP WIDTH="31" VPOS="809" HPOS="1558"/>
							<String ID="string_183" HPOS="1589" VPOS="809" WIDTH="69" HEIGHT="21" WC="0.88" CONTENT="14:16]"/><SP WIDTH="33" VPOS="809" HPOS="1658"/>
							<String ID="string_184" HPOS="1691" VPOS="809" WIDTH="69" HEIGHT="20" WC="0.95" CONTENT="14:20"/>
						</TextLine>
						<TextLine ID="line_45" HPOS="231" VPOS="838" WIDTH="1191" HEIGHT="56">
							<String ID="string_185" HPOS="231" VPOS="839" WIDTH="148" HEIGHT="27" WC="0.96" CONTENT="befrämjande"/><SP WIDTH="15" VPOS="839" HPOS="379"/>
							<String ID="string_186" HPOS="394" VPOS="839" WIDTH="8" HEIGHT="20" WC="0.96" CONTENT="i"/><SP WIDTH="16" VPOS="839" HPOS="402"/>
							<String ID="string_187" HPOS="418" VPOS="839" WIDTH="119" HEIGHT="20" WC="0.96" CONTENT="allmänhet"/><SP WIDTH="15" VPOS="839" HPOS="537"/>
							<String ID="string_188" HPOS="552" VPOS="845" WIDTH="27" HEIGHT="14" WC="0.96" CONTENT="av"/><SP WIDTH="15" VPOS="845" HPOS="579"/>
							<String ID="string_189" HPOS="594" VPOS="838" WIDTH="174" HEIGHT="26" WC="0.96" CONTENT="fiskerinäringen"/><SP WIDTH="12" VPOS="838" HPOS="768"/>
							<String ID="string_190" HPOS="780" VPOS="841" WIDTH="52" HEIGHT="18" WC="0.96" CONTENT="utan"/><SP WIDTH="11" VPOS="841" HPOS="832"/>
							<String ID="string_191" HPOS="843" VPOS="839" WIDTH="86" HEIGHT="26" WC="0.96" CONTENT="angivet"/><SP WIDTH="11" VPOS="839" HPOS="929"/>
							<String ID="string_192" HPOS="940" VPOS="838" WIDTH="84" HEIGHT="27" WC="0.96" CONTENT="belopp."/><SP WIDTH="87" VPOS="838" HPOS="1024"/>
							<String ID="string_193" HPOS="1111" VPOS="845" WIDTH="45" HEIGHT="23" WC="0.85" CONTENT="p-99"/><SP WIDTH="199" VPOS="845" HPOS="1156"/>
							<String ID="string_194" HPOS="1355" VPOS="846" WIDTH="1" HEIGHT="16" WC="0.67" CONTENT="I"/><SP WIDTH="64" VPOS="846" HPOS="1356"/>
							<String ID="string_195" HPOS="1420" VPOS="844" WIDTH="2" HEIGHT="50" WC="0.84" CONTENT="|"/>
						</TextLine>
						<TextLine ID="line_46" HPOS="187" VPOS="864" WIDTH="1558" HEIGHT="68">
							<String ID="string_196" HPOS="187" VPOS="905" WIDTH="9" HEIGHT="15" WC="0.96" CONTENT="4"/><SP WIDTH="19" VPOS="905" HPOS="196"/>
							<String ID="string_197" HPOS="215" VPOS="900" WIDTH="75" HEIGHT="20" WC="0.96" CONTENT="Såsom"/><SP WIDTH="16" VPOS="900" HPOS="290"/>
							<String ID="string_198" HPOS="306" VPOS="899" WIDTH="75" HEIGHT="26" WC="0.96" CONTENT="bidrag"/><SP WIDTH="15" VPOS="899" HPOS="381"/>
							<String ID="string_199" HPOS="396" VPOS="899" WIDTH="33" HEIGHT="20" WC="0.95" CONTENT="till"/><SP WIDTH="11" VPOS="899" HPOS="429"/>
							<String ID="string_200" HPOS="440" VPOS="898" WIDTH="137" HEIGHT="21" WC="0.96" CONTENT="anordnande"/><SP WIDTH="12" VPOS="898" HPOS="577"/>
							<String ID="string_201" HPOS="589" VPOS="905" WIDTH="26" HEIGHT="14" WC="0.93" CONTENT="av"/><SP WIDTH="10" VPOS="905" HPOS="615"/>
							<String ID="string_202" HPOS="625" VPOS="898" WIDTH="239" HEIGHT="26" WC="0.91" CONTENT="undervisningskurser"/><SP WIDTH="10" VPOS="898" HPOS="864"/>
							<String ID="string_203" HPOS="874" VPOS="899" WIDTH="40" HEIGHT="20" WC="0.96" CONTENT="och"/><SP WIDTH="10" VPOS="899" HPOS="914"/>
							<String ID="string_204" HPOS="924" VPOS="898" WIDTH="101" HEIGHT="21" WC="0.9" CONTENT="hållande"/><SP WIDTH="0" VPOS="898" HPOS="1025"/>
							<String ID="string_205" HPOS="1025" VPOS="894" WIDTH="14" HEIGHT="35" WC="0.9" CONTENT="|"/><SP WIDTH="24" VPOS="894" HPOS="1039"/>
							<String ID="string_206" HPOS="1063" VPOS="908" WIDTH="8" HEIGHT="11" WC="0.82" CONTENT="»"/><SP WIDTH="42" VPOS="908" HPOS="1071"/>
							<String ID="string_207" HPOS="1113" VPOS="900" WIDTH="40" HEIGHT="21" WC="0.70" CONTENT="|1:9"/><SP WIDTH="65" VPOS="900" HPOS="1153"/>
							<String ID="string_208" HPOS="1218" VPOS="900" WIDTH="2" HEIGHT="16" WC="0.68" CONTENT="I"/><SP WIDTH="58" VPOS="900" HPOS="1220"/>
							<String ID="string_209" HPOS="1278" VPOS="900" WIDTH="26" HEIGHT="21" WC="0.96" CONTENT="10"/><SP WIDTH="51" VPOS="900" HPOS="1304"/>
							<String ID="string_210" HPOS="1355" VPOS="864" WIDTH="1" HEIGHT="68" WC="0.86" CONTENT="|"/><SP WIDTH="42" VPOS="864" HPOS="1356"/>
							<String ID="string_211" HPOS="1398" VPOS="900" WIDTH="24" HEIGHT="20" WC="0.70" CONTENT="11"/><SP WIDTH="20" VPOS="900" HPOS="1422"/>
							<String ID="string_212" HPOS="1442" VPOS="899" WIDTH="55" HEIGHT="21" WC="0.38" CONTENT="96)9"/><SP WIDTH="9" VPOS="899" HPOS="1497"/>
							<String ID="string_213" HPOS="1506" VPOS="900" WIDTH="52" HEIGHT="20" WC="0.19" CONTENT="Al4öl"/><SP WIDTH="32" VPOS="900" HPOS="1558"/>
							<String ID="string_214" HPOS="1590" VPOS="899" WIDTH="67" HEIGHT="21" WC="0.60" CONTENT="14:49"/><SP WIDTH="2" VPOS="899" HPOS="1657"/>
							<String ID="string_215" HPOS="1659" VPOS="894" WIDTH="14" HEIGHT="36" WC="0.60" CONTENT="|"/><SP WIDTH="18" VPOS="894" HPOS="1673"/>
							<String ID="string_216" HPOS="1691" VPOS="898" WIDTH="54" HEIGHT="21" WC="0.90" CONTENT="21:5"/>
						</TextLine>
						<TextLine ID="line_47" HPOS="230" VPOS="921" WIDTH="1192" HEIGHT="41">
							<String ID="string_217" HPOS="230" VPOS="936" WIDTH="26" HEIGHT="14" WC="0.96" CONTENT="av"/><SP WIDTH="16" VPOS="936" HPOS="256"/>
							<String ID="string_218" HPOS="272" VPOS="929" WIDTH="97" HEIGHT="26" WC="0.96" CONTENT="föredrag"/><SP WIDTH="15" VPOS="929" HPOS="369"/>
							<String ID="string_219" HPOS="384" VPOS="930" WIDTH="8" HEIGHT="19" WC="0.96" CONTENT="i"/><SP WIDTH="15" VPOS="930" HPOS="392"/>
							<String ID="string_220" HPOS="407" VPOS="929" WIDTH="122" HEIGHT="26" WC="0.93" CONTENT="navigation"/><SP WIDTH="16" VPOS="929" HPOS="529"/>
							<String ID="string_221" HPOS="545" VPOS="936" WIDTH="28" HEIGHT="13" WC="0.91" CONTENT="m."/><SP WIDTH="17" VPOS="936" HPOS="573"/>
							<String ID="string_222" HPOS="590" VPOS="936" WIDTH="29" HEIGHT="13" WC="0.93" CONTENT="m."/><SP WIDTH="17" VPOS="936" HPOS="619"/>
							<String ID="string_223" HPOS="636" VPOS="929" WIDTH="33" HEIGHT="19" WC="0.96" CONTENT="för"/><SP WIDTH="16" VPOS="929" HPOS="669"/>
							<String ID="string_224" HPOS="685" VPOS="928" WIDTH="146" HEIGHT="21" WC="0.95" CONTENT="bohuslänska"/><SP WIDTH="15" VPOS="928" HPOS="831"/>
							<String ID="string_225" HPOS="846" VPOS="928" WIDTH="77" HEIGHT="21" WC="0.93" CONTENT="fiskare"/><SP WIDTH="11" VPOS="928" HPOS="923"/>
							<String ID="string_226" HPOS="934" VPOS="929" WIDTH="90" HEIGHT="24" WC="0.95" CONTENT="anvisas,"/><SP WIDTH="81" VPOS="929" HPOS="1024"/>
							<String ID="string_227" HPOS="1105" VPOS="924" WIDTH="57" HEIGHT="38" WC="0.49" CONTENT="p.100"/><SP WIDTH="193" VPOS="924" HPOS="1162"/>
							<String ID="string_228" HPOS="1355" VPOS="934" WIDTH="1" HEIGHT="18" WC="0.75" CONTENT="I"/><SP WIDTH="64" VPOS="934" HPOS="1356"/>
							<String ID="string_229" HPOS="1420" VPOS="921" WIDTH="2" HEIGHT="16" WC="0.73" CONTENT="I"/>
						</TextLine>
						<TextLine ID="line_48" HPOS="229" VPOS="948" WIDTH="1128" HEIGHT="37">
							<String ID="string_230" HPOS="229" VPOS="959" WIDTH="69" HEIGHT="21" WC="0.93" CONTENT="under"/><SP WIDTH="22" VPOS="959" HPOS="298"/>
							<String ID="string_231" HPOS="320" VPOS="959" WIDTH="153" HEIGHT="26" WC="0.93" CONTENT="förutsättning"/><SP WIDTH="22" VPOS="959" HPOS="473"/>
							<String ID="string_232" HPOS="495" VPOS="960" WIDTH="32" HEIGHT="19" WC="0.95" CONTENT="att"/><SP WIDTH="18" VPOS="960" HPOS="527"/>
							<String ID="string_233" HPOS="545" VPOS="965" WIDTH="27" HEIGHT="15" WC="0.96" CONTENT="av"/><SP WIDTH="19" VPOS="965" HPOS="572"/>
							<String ID="string_234" HPOS="591" VPOS="959" WIDTH="117" HEIGHT="25" WC="0.96" CONTENT="Göteborgs"/><SP WIDTH="16" VPOS="959" HPOS="708"/>
							<String ID="string_235" HPOS="724" VPOS="958" WIDTH="40" HEIGHT="21" WC="0.96" CONTENT="och"/><SP WIDTH="15" VPOS="958" HPOS="764"/>
							<String ID="string_236" HPOS="779" VPOS="958" WIDTH="73" HEIGHT="21" WC="0.96" CONTENT="Bohus"/><SP WIDTH="16" VPOS="958" HPOS="852"/>
							<String ID="string_237" HPOS="868" VPOS="959" WIDTH="47" HEIGHT="20" WC="0.93" CONTENT="läns"/><SP WIDTH="16" VPOS="959" HPOS="915"/>
							<String ID="string_238" HPOS="931" VPOS="959" WIDTH="93" HEIGHT="20" WC="0.92" CONTENT="hushåll-"/><SP WIDTH="140" VPOS="959" HPOS="1024"/>
							<String ID="string_239" HPOS="1164" VPOS="948" WIDTH="2" HEIGHT="22" WC="0.89" CONTENT="|"/><SP WIDTH="189" VPOS="948" HPOS="1166"/>
							<String ID="string_240" HPOS="1355" VPOS="962" WIDTH="2" HEIGHT="21" WC="0.71" CONTENT="I"/>
						</TextLine>
						<TextLine ID="line_49" HPOS="230" VPOS="988" WIDTH="1126" HEIGHT="29">
							<String ID="string_241" HPOS="230" VPOS="989" WIDTH="158" HEIGHT="27" WC="0.91" CONTENT="ningssällskap"/><SP WIDTH="17" VPOS="989" HPOS="388"/>
							<String ID="string_242" HPOS="405" VPOS="989" WIDTH="51" HEIGHT="20" WC="0.96" CONTENT="eller"/><SP WIDTH="16" VPOS="989" HPOS="456"/>
							<String ID="string_243" HPOS="472" VPOS="989" WIDTH="108" HEIGHT="26" WC="0.96" CONTENT="landsting"/><SP WIDTH="15" VPOS="989" HPOS="580"/>
							<String ID="string_244" HPOS="595" VPOS="988" WIDTH="52" HEIGHT="21" WC="0.95" CONTENT="eller"/><SP WIDTH="10" VPOS="988" HPOS="647"/>
							<String ID="string_245" HPOS="657" VPOS="988" WIDTH="63" HEIGHT="27" WC="0.96" CONTENT="eljest"/><SP WIDTH="10" VPOS="988" HPOS="720"/>
							<String ID="string_246" HPOS="730" VPOS="989" WIDTH="33" HEIGHT="20" WC="0.96" CONTENT="för"/><SP WIDTH="10" VPOS="989" HPOS="763"/>
							<String ID="string_247" HPOS="773" VPOS="988" WIDTH="123" HEIGHT="21" WC="0.93" CONTENT="ändamålet"/><SP WIDTH="11" VPOS="988" HPOS="896"/>
							<String ID="string_248" HPOS="907" VPOS="989" WIDTH="118" HEIGHT="26" WC="0.91" CONTENT="tillskjutas"/><SP WIDTH="139" VPOS="989" HPOS="1025"/>
							<String ID="string_249" HPOS="1164" VPOS="990" WIDTH="2" HEIGHT="24" WC="0.63" CONTENT="I"/><SP WIDTH="189" VPOS="990" HPOS="1166"/>
							<String ID="string_250" HPOS="1355" VPOS="986" WIDTH="1" HEIGHT="31" WC="0.90" CONTENT="|"/>
						</TextLine>
						<TextLine ID="line_50" HPOS="229" VPOS="1018" WIDTH="1128" HEIGHT="28">
							<String ID="string_251" HPOS="229" VPOS="1020" WIDTH="67" HEIGHT="20" WC="0.96" CONTENT="minst"/><SP WIDTH="22" VPOS="1020" HPOS="296"/>
							<String ID="string_252" HPOS="318" VPOS="1019" WIDTH="65" HEIGHT="21" WC="0.92" CONTENT="2000"/><SP WIDTH="24" VPOS="1019" HPOS="383"/>
							<String ID="string_253" HPOS="407" VPOS="1019" WIDTH="38" HEIGHT="24" WC="0.89" CONTENT="kr.,"/><SP WIDTH="25" VPOS="1019" HPOS="445"/>
							<String ID="string_254" HPOS="470" VPOS="1019" WIDTH="32" HEIGHT="20" WC="0.96" CONTENT="för"/><SP WIDTH="23" VPOS="1019" HPOS="502"/>
							<String ID="string_255" HPOS="525" VPOS="1019" WIDTH="125" HEIGHT="26" WC="0.93" CONTENT="budgetåret"/><SP WIDTH="20" VPOS="1019" HPOS="650"/>
							<String ID="string_256" HPOS="670" VPOS="1018" WIDTH="125" HEIGHT="28" WC="0.92" CONTENT="1926/1927"/><SP WIDTH="18" VPOS="1018" HPOS="795"/>
							<String ID="string_257" HPOS="813" VPOS="1020" WIDTH="30" HEIGHT="19" WC="0.96" CONTENT="ett"/><SP WIDTH="16" VPOS="1020" HPOS="843"/>
							<String ID="string_258" HPOS="859" VPOS="1020" WIDTH="59" HEIGHT="19" WC="0.93" CONTENT="extra"/><SP WIDTH="15" VPOS="1020" HPOS="918"/>
							<String ID="string_259" HPOS="933" VPOS="1025" WIDTH="91" HEIGHT="14" WC="0.91" CONTENT="reserva-"/><SP WIDTH="140" VPOS="1025" HPOS="1024"/>
							<String ID="string_260" HPOS="1164" VPOS="1020" WIDTH="2" HEIGHT="24" WC="0.68" CONTENT="I"/><SP WIDTH="189" VPOS="1020" HPOS="1166"/>
							<String ID="string_261" HPOS="1355" VPOS="1024" WIDTH="2" HEIGHT="13" WC="0.68" CONTENT="I"/>
						</TextLine>
						<TextLine ID="line_51" HPOS="229" VPOS="1048" WIDTH="1443" HEIGHT="39">
							<String ID="string_262" HPOS="229" VPOS="1050" WIDTH="131" HEIGHT="25" WC="0.90" CONTENT="tionsanslag"/><SP WIDTH="16" VPOS="1050" HPOS="360"/>
							<String ID="string_263" HPOS="376" VPOS="1056" WIDTH="26" HEIGHT="13" WC="0.96" CONTENT="av"/><SP WIDTH="17" VPOS="1056" HPOS="402"/>
							<String ID="string_264" HPOS="419" VPOS="1049" WIDTH="64" HEIGHT="20" WC="0.94" CONTENT="1650"/><SP WIDTH="17" VPOS="1049" HPOS="483"/>
							<String ID="string_265" HPOS="500" VPOS="1049" WIDTH="30" HEIGHT="20" WC="0.96" CONTENT="kr."/><SP WIDTH="635" VPOS="1049" HPOS="530"/>
							<String ID="string_266" HPOS="1165" VPOS="1048" WIDTH="1" HEIGHT="39" WC="0.91" CONTENT="|"/><SP WIDTH="53" VPOS="1048" HPOS="1166"/>
							<String ID="string_267" HPOS="1219" VPOS="1062" WIDTH="1" HEIGHT="21" WC="0.90" CONTENT="|"/><SP WIDTH="135" VPOS="1062" HPOS="1220"/>
							<String ID="string_268" HPOS="1355" VPOS="1048" WIDTH="2" HEIGHT="17" WC="0.73" CONTENT="I"/><SP WIDTH="64" VPOS="1048" HPOS="1357"/>
							<String ID="string_269" HPOS="1421" VPOS="1069" WIDTH="1" HEIGHT="12" WC="0.90" CONTENT="|"/><SP WIDTH="249" VPOS="1069" HPOS="1422"/>
							<String ID="string_270" HPOS="1671" VPOS="1070" WIDTH="1" HEIGHT="3" WC="0.72" CONTENT="I"/>
						</TextLine>
						<TextLine ID="line_52" HPOS="185" VPOS="1107" WIDTH="1560" HEIGHT="37">
							<String ID="string_271" HPOS="185" VPOS="1115" WIDTH="10" HEIGHT="15" WC="0.78" CONTENT="5"/><SP WIDTH="19" VPOS="1115" HPOS="195"/>
							<String ID="string_272" HPOS="214" VPOS="1109" WIDTH="42" HEIGHT="20" WC="0.94" CONTENT="Till"/><SP WIDTH="16" VPOS="1109" HPOS="256"/>
							<String ID="string_273" HPOS="272" VPOS="1108" WIDTH="117" HEIGHT="21" WC="0.96" CONTENT="understöd"/><SP WIDTH="16" VPOS="1108" HPOS="389"/>
							<String ID="string_274" HPOS="405" VPOS="1109" WIDTH="22" HEIGHT="20" WC="0.97" CONTENT="åt"/><SP WIDTH="16" VPOS="1109" HPOS="427"/>
							<String ID="string_275" HPOS="443" VPOS="1108" WIDTH="67" HEIGHT="21" WC="0.96" CONTENT="Södra"/><SP WIDTH="16" VPOS="1108" HPOS="510"/>
							<String ID="string_276" HPOS="526" VPOS="1108" WIDTH="95" HEIGHT="26" WC="0.93" CONTENT="Sveriges"/><SP WIDTH="16" VPOS="1108" HPOS="621"/>
							<String ID="string_277" HPOS="637" VPOS="1108" WIDTH="171" HEIGHT="26" WC="0.92" CONTENT="fiskeriförening"/><SP WIDTH="16" VPOS="1108" HPOS="808"/>
							<String ID="string_278" HPOS="824" VPOS="1108" WIDTH="84" HEIGHT="20" WC="0.96" CONTENT="anvisas"/><SP WIDTH="17" VPOS="1108" HPOS="908"/>
							<String ID="string_279" HPOS="925" VPOS="1108" WIDTH="33" HEIGHT="20" WC="0.93" CONTENT="för"/><SP WIDTH="16" VPOS="1108" HPOS="958"/>
							<String ID="string_280" HPOS="974" VPOS="1108" WIDTH="50" HEIGHT="20" WC="0.87" CONTENT="bud-|"/><SP WIDTH="39" VPOS="1108" HPOS="1024"/>
							<String ID="string_281" HPOS="1063" VPOS="1118" WIDTH="8" HEIGHT="10" WC="0.47" CONTENT="&gt;"/><SP WIDTH="41" VPOS="1118" HPOS="1071"/>
							<String ID="string_282" HPOS="1112" VPOS="1109" WIDTH="41" HEIGHT="21" WC="0.59" CONTENT="|1:9"/><SP WIDTH="65" VPOS="1109" HPOS="1153"/>
							<String ID="string_283" HPOS="1218" VPOS="1108" WIDTH="2" HEIGHT="36" WC="0.88" CONTENT="|"/><SP WIDTH="58" VPOS="1108" HPOS="1220"/>
							<String ID="string_284" HPOS="1278" VPOS="1109" WIDTH="26" HEIGHT="21" WC="0.95" CONTENT="10"/><SP WIDTH="94" VPOS="1109" HPOS="1304"/>
							<String ID="string_285" HPOS="1398" VPOS="1109" WIDTH="10" HEIGHT="20" WC="0.63" CONTENT="11"/><SP WIDTH="34" VPOS="1109" HPOS="1408"/>
							<String ID="string_286" HPOS="1442" VPOS="1108" WIDTH="55" HEIGHT="21" WC="0.62" CONTENT="9619"/><SP WIDTH="10" VPOS="1108" HPOS="1497"/>
							<String ID="string_287" HPOS="1507" VPOS="1109" WIDTH="52" HEIGHT="20" WC="0.4" CONTENT="Alsö]"/><SP WIDTH="32" VPOS="1109" HPOS="1559"/>
							<String ID="string_288" HPOS="1591" VPOS="1108" WIDTH="68" HEIGHT="21" WC="0.54" CONTENT="19:49"/><SP WIDTH="2" VPOS="1108" HPOS="1659"/>
							<String ID="string_289" HPOS="1661" VPOS="1103" WIDTH="15" HEIGHT="36" WC="0.54" CONTENT="|"/><SP WIDTH="15" VPOS="1103" HPOS="1676"/>
							<String ID="string_290" HPOS="1691" VPOS="1107" WIDTH="54" HEIGHT="22" WC="0.89" CONTENT="21:5"/>
						</TextLine>
						<TextLine ID="line_53" HPOS="229" VPOS="1133" WIDTH="1300" HEIGHT="38">
							<String ID="string_291" HPOS="229" VPOS="1139" WIDTH="80" HEIGHT="26" WC="0.92" CONTENT="getåret"/><SP WIDTH="17" VPOS="1139" HPOS="309"/>
							<String ID="string_292" HPOS="326" VPOS="1136" WIDTH="125" HEIGHT="29" WC="0.92" CONTENT="1926/1927"/><SP WIDTH="17" VPOS="1136" HPOS="451"/>
							<String ID="string_293" HPOS="468" VPOS="1138" WIDTH="70" HEIGHT="20" WC="0.96" CONTENT="såsom"/><SP WIDTH="17" VPOS="1138" HPOS="538"/>
							<String ID="string_294" HPOS="555" VPOS="1140" WIDTH="59" HEIGHT="18" WC="0.96" CONTENT="extra"/><SP WIDTH="16" VPOS="1140" HPOS="614"/>
							<String ID="string_295" HPOS="630" VPOS="1138" WIDTH="74" HEIGHT="26" WC="0.96" CONTENT="anslag"/><SP WIDTH="10" VPOS="1138" HPOS="704"/>
							<String ID="string_296" HPOS="714" VPOS="1138" WIDTH="45" HEIGHT="20" WC="0.96" CONTENT="dels"/><SP WIDTH="15" VPOS="1138" HPOS="759"/>
							<String ID="string_297" HPOS="774" VPOS="1138" WIDTH="70" HEIGHT="20" WC="0.96" CONTENT="såsom"/><SP WIDTH="12" VPOS="1138" HPOS="844"/>
							<String ID="string_298" HPOS="856" VPOS="1137" WIDTH="74" HEIGHT="27" WC="0.96" CONTENT="bidrag"/><SP WIDTH="10" VPOS="1137" HPOS="930"/>
							<String ID="string_299" HPOS="940" VPOS="1137" WIDTH="34" HEIGHT="21" WC="0.93" CONTENT="till"/><SP WIDTH="10" VPOS="1137" HPOS="974"/>
							<String ID="string_300" HPOS="984" VPOS="1138" WIDTH="40" HEIGHT="20" WC="0.93" CONTENT="för-"/><SP WIDTH="80" VPOS="1138" HPOS="1024"/>
							<String ID="string_301" HPOS="1104" VPOS="1150" WIDTH="18" HEIGHT="17" WC="0.61" CONTENT="p."/><SP WIDTH="1" VPOS="1150" HPOS="1122"/>
							<String ID="string_302" HPOS="1123" VPOS="1133" WIDTH="37" HEIGHT="38" WC="0.61" CONTENT="101"/><SP WIDTH="58" VPOS="1133" HPOS="1160"/>
							<String ID="string_303" HPOS="1218" VPOS="1146" WIDTH="2" HEIGHT="13" WC="0.61" CONTENT="I"/><SP WIDTH="308" VPOS="1146" HPOS="1220"/>
							<String ID="string_304" HPOS="1528" VPOS="1161" WIDTH="1" HEIGHT="4" WC="0.68" CONTENT="I"/>
						</TextLine>
						<TextLine ID="line_54" HPOS="230" VPOS="1160" WIDTH="1442" HEIGHT="35">
							<String ID="string_305" HPOS="230" VPOS="1169" WIDTH="101" HEIGHT="25" WC="0.92" CONTENT="eningens"/><SP WIDTH="16" VPOS="1169" HPOS="331"/>
							<String ID="string_306" HPOS="347" VPOS="1168" WIDTH="280" HEIGHT="26" WC="0.92" CONTENT="upplysningsverksamhet"/><SP WIDTH="10" VPOS="1168" HPOS="627"/>
							<String ID="string_307" HPOS="637" VPOS="1168" WIDTH="13" HEIGHT="20" WC="0.96" CONTENT="8"/><SP WIDTH="10" VPOS="1168" HPOS="650"/>
							<String ID="string_308" HPOS="660" VPOS="1167" WIDTH="42" HEIGHT="21" WC="0.93" CONTENT="650"/><SP WIDTH="11" VPOS="1167" HPOS="702"/>
							<String ID="string_309" HPOS="713" VPOS="1168" WIDTH="38" HEIGHT="24" WC="0.92" CONTENT="kr.,"/><SP WIDTH="11" VPOS="1168" HPOS="751"/>
							<String ID="string_310" HPOS="762" VPOS="1167" WIDTH="46" HEIGHT="21" WC="0.96" CONTENT="dels"/><SP WIDTH="11" VPOS="1167" HPOS="808"/>
							<String ID="string_311" HPOS="819" VPOS="1167" WIDTH="40" HEIGHT="21" WC="0.96" CONTENT="ock"/><SP WIDTH="11" VPOS="1167" HPOS="859"/>
							<String ID="string_312" HPOS="870" VPOS="1168" WIDTH="70" HEIGHT="20" WC="0.96" CONTENT="såsom"/><SP WIDTH="11" VPOS="1168" HPOS="940"/>
							<String ID="string_313" HPOS="951" VPOS="1167" WIDTH="74" HEIGHT="27" WC="0.96" CONTENT="bidrag"/><SP WIDTH="193" VPOS="1167" HPOS="1025"/>
							<String ID="string_314" HPOS="1218" VPOS="1161" WIDTH="2" HEIGHT="34" WC="0.88" CONTENT="|"/><SP WIDTH="135" VPOS="1161" HPOS="1220"/>
							<String ID="string_315" HPOS="1355" VPOS="1162" WIDTH="2" HEIGHT="15" WC="0.67" CONTENT="|"/><SP WIDTH="171" VPOS="1162" HPOS="1357"/>
							<String ID="string_316" HPOS="1528" VPOS="1166" WIDTH="2" HEIGHT="27" WC="0.67" CONTENT="I"/><SP WIDTH="141" VPOS="1166" HPOS="1530"/>
							<String ID="string_317" HPOS="1671" VPOS="1160" WIDTH="1" HEIGHT="29" WC="0.85" CONTENT="|"/>
						</TextLine>
						<TextLine ID="line_55" HPOS="230" VPOS="1192" WIDTH="1442" HEIGHT="41">
							<String ID="string_318" HPOS="230" VPOS="1198" WIDTH="33" HEIGHT="20" WC="0.96" CONTENT="till"/><SP WIDTH="16" VPOS="1198" HPOS="263"/>
							<String ID="string_319" HPOS="279" VPOS="1198" WIDTH="136" HEIGHT="26" WC="0.93" CONTENT="föreningens"/><SP WIDTH="11" VPOS="1198" HPOS="415"/>
							<String ID="string_320" HPOS="426" VPOS="1197" WIDTH="190" HEIGHT="27" WC="0.92" CONTENT="fiskeribiologiska"/><SP WIDTH="10" VPOS="1197" HPOS="616"/>
							<String ID="string_321" HPOS="626" VPOS="1197" WIDTH="186" HEIGHT="26" WC="0.92" CONTENT="undersöknings-,"/><SP WIDTH="12" VPOS="1197" HPOS="812"/>
							<String ID="string_322" HPOS="824" VPOS="1197" WIDTH="91" HEIGHT="21" WC="0.93" CONTENT="försöks-"/><SP WIDTH="11" VPOS="1197" HPOS="915"/>
							<String ID="string_323" HPOS="926" VPOS="1197" WIDTH="40" HEIGHT="21" WC="0.92" CONTENT="och"/><SP WIDTH="11" VPOS="1197" HPOS="966"/>
							<String ID="string_324" HPOS="977" VPOS="1197" WIDTH="47" HEIGHT="21" WC="0.91" CONTENT="fisk-"/><SP WIDTH="194" VPOS="1197" HPOS="1024"/>
							<String ID="string_325" HPOS="1218" VPOS="1198" WIDTH="2" HEIGHT="35" WC="0.88" CONTENT="|"/><SP WIDTH="308" VPOS="1198" HPOS="1220"/>
							<String ID="string_326" HPOS="1528" VPOS="1204" WIDTH="2" HEIGHT="26" WC="0.63" CONTENT="I"/><SP WIDTH="141" VPOS="1204" HPOS="1530"/>
							<String ID="string_327" HPOS="1671" VPOS="1192" WIDTH="1" HEIGHT="40" WC="0.88" CONTENT="|"/>
						</TextLine>
						<TextLine ID="line_56" HPOS="229" VPOS="1227" WIDTH="1301" HEIGHT="39">
							<String ID="string_328" HPOS="229" VPOS="1228" WIDTH="222" HEIGHT="26" WC="0.91" CONTENT="odlingsverksamhet"/><SP WIDTH="17" VPOS="1228" HPOS="451"/>
							<String ID="string_329" HPOS="468" VPOS="1227" WIDTH="25" HEIGHT="21" WC="0.93" CONTENT="17"/><SP WIDTH="10" VPOS="1227" HPOS="493"/>
							<String ID="string_330" HPOS="503" VPOS="1227" WIDTH="42" HEIGHT="21" WC="0.93" CONTENT="350"/><SP WIDTH="16" VPOS="1227" HPOS="545"/>
							<String ID="string_331" HPOS="561" VPOS="1227" WIDTH="39" HEIGHT="22" WC="0.90" CONTENT="kr.,"/><SP WIDTH="18" VPOS="1227" HPOS="600"/>
							<String ID="string_332" HPOS="618" VPOS="1227" WIDTH="51" HEIGHT="21" WC="0.93" CONTENT="eller"/><SP WIDTH="15" VPOS="1227" HPOS="669"/>
							<String ID="string_333" HPOS="684" VPOS="1227" WIDTH="92" HEIGHT="26" WC="0.92" CONTENT="tillhopa"/><SP WIDTH="16" VPOS="1227" HPOS="776"/>
							<String ID="string_334" HPOS="792" VPOS="1227" WIDTH="27" HEIGHT="20" WC="0.96" CONTENT="26"/><SP WIDTH="10" VPOS="1227" HPOS="819"/>
							<String ID="string_335" HPOS="829" VPOS="1227" WIDTH="43" HEIGHT="20" WC="0.96" CONTENT="000"/><SP WIDTH="16" VPOS="1227" HPOS="872"/>
							<String ID="string_336" HPOS="888" VPOS="1227" WIDTH="31" HEIGHT="20" WC="0.96" CONTENT="kr."/><SP WIDTH="299" VPOS="1227" HPOS="919"/>
							<String ID="string_337" HPOS="1218" VPOS="1235" WIDTH="2" HEIGHT="31" WC="0.81" CONTENT="|"/><SP WIDTH="308" VPOS="1235" HPOS="1220"/>
							<String ID="string_338" HPOS="1528" VPOS="1232" WIDTH="2" HEIGHT="28" WC="0.88" CONTENT="|"/>
						</TextLine>
						<TextLine ID="line_57" HPOS="164" VPOS="1281" WIDTH="1580" HEIGHT="39">
							<String ID="string_339" HPOS="164" VPOS="1302" WIDTH="2" HEIGHT="3" WC="0.88" CONTENT="|"/><SP WIDTH="20" VPOS="1302" HPOS="166"/>
							<String ID="string_340" HPOS="186" VPOS="1293" WIDTH="9" HEIGHT="15" WC="0.95" CONTENT="6"/><SP WIDTH="18" VPOS="1293" HPOS="195"/>
							<String ID="string_341" HPOS="213" VPOS="1288" WIDTH="42" HEIGHT="20" WC="0.96" CONTENT="För"/><SP WIDTH="15" VPOS="1288" HPOS="255"/>
							<String ID="string_342" HPOS="270" VPOS="1287" WIDTH="126" HEIGHT="26" WC="0.93" CONTENT="budgetåret"/><SP WIDTH="24" VPOS="1287" HPOS="396"/>
							<String ID="string_343" HPOS="420" VPOS="1286" WIDTH="126" HEIGHT="28" WC="0.92" CONTENT="1926/1927"/><SP WIDTH="24" VPOS="1286" HPOS="546"/>
							<String ID="string_344" HPOS="570" VPOS="1287" WIDTH="85" HEIGHT="20" WC="0.96" CONTENT="anvisas"/><SP WIDTH="23" VPOS="1287" HPOS="655"/>
							<String ID="string_345" HPOS="678" VPOS="1287" WIDTH="33" HEIGHT="20" WC="0.96" CONTENT="till"/><SP WIDTH="24" VPOS="1287" HPOS="711"/>
							<String ID="string_346" HPOS="735" VPOS="1287" WIDTH="151" HEIGHT="20" WC="0.95" CONTENT="omkostnader"/><SP WIDTH="22" VPOS="1287" HPOS="886"/>
							<String ID="string_347" HPOS="908" VPOS="1287" WIDTH="34" HEIGHT="20" WC="0.96" CONTENT="för"/><SP WIDTH="15" VPOS="1287" HPOS="942"/>
							<String ID="string_348" HPOS="957" VPOS="1286" WIDTH="26" HEIGHT="21" WC="0.93" CONTENT="de"/><SP WIDTH="16" VPOS="1286" HPOS="983"/>
							<String ID="string_349" HPOS="999" VPOS="1293" WIDTH="26" HEIGHT="14" WC="0.75" CONTENT="av|"/><SP WIDTH="39" VPOS="1293" HPOS="1025"/>
							<String ID="string_350" HPOS="1064" VPOS="1296" WIDTH="7" HEIGHT="11" WC="0.89" CONTENT="»"/><SP WIDTH="41" VPOS="1296" HPOS="1071"/>
							<String ID="string_351" HPOS="1112" VPOS="1288" WIDTH="41" HEIGHT="21" WC="0.0" CONTENT="11:9"/><SP WIDTH="65" VPOS="1288" HPOS="1153"/>
							<String ID="string_352" HPOS="1218" VPOS="1284" WIDTH="2" HEIGHT="36" WC="0.93" CONTENT="|"/><SP WIDTH="58" VPOS="1284" HPOS="1220"/>
							<String ID="string_353" HPOS="1278" VPOS="1288" WIDTH="26" HEIGHT="21" WC="0.96" CONTENT="10"/><SP WIDTH="94" VPOS="1288" HPOS="1304"/>
							<String ID="string_354" HPOS="1398" VPOS="1288" WIDTH="10" HEIGHT="20" WC="0.50" CONTENT="1/|"/><SP WIDTH="34" VPOS="1288" HPOS="1408"/>
							<String ID="string_355" HPOS="1442" VPOS="1292" WIDTH="24" HEIGHT="16" WC="0.51" CONTENT="97/9"/><SP WIDTH="20" VPOS="1292" HPOS="1466"/>
							<String ID="string_356" HPOS="1486" VPOS="1281" WIDTH="73" HEIGHT="26" WC="0.0" CONTENT="Alse"/><SP WIDTH="0" VPOS="1281" HPOS="1559"/>
							<String ID="string_357" HPOS="1559" VPOS="1277" WIDTH="17" HEIGHT="42" WC="0.69" CONTENT="|"/><SP WIDTH="15" VPOS="1277" HPOS="1576"/>
							<String ID="string_358" HPOS="1591" VPOS="1288" WIDTH="68" HEIGHT="20" WC="0.85" CONTENT="19:49"/><SP WIDTH="2" VPOS="1288" HPOS="1659"/>
							<String ID="string_359" HPOS="1661" VPOS="1277" WIDTH="17" HEIGHT="42" WC="0.85" CONTENT="|"/><SP WIDTH="13" VPOS="1277" HPOS="1678"/>
							<String ID="string_360" HPOS="1691" VPOS="1287" WIDTH="53" HEIGHT="20" WC="0.84" CONTENT="21:5"/>
						</TextLine>
						<TextLine ID="line_58" HPOS="228" VPOS="1315" WIDTH="1302" HEIGHT="32">
							<String ID="string_361" HPOS="228" VPOS="1318" WIDTH="92" HEIGHT="21" WC="0.93" CONTENT="svenska"/><SP WIDTH="22" VPOS="1318" HPOS="320"/>
							<String ID="string_362" HPOS="342" VPOS="1317" WIDTH="276" HEIGHT="27" WC="0.91" CONTENT="hydrografisk-biologiska"/><SP WIDTH="22" VPOS="1317" HPOS="618"/>
							<String ID="string_363" HPOS="640" VPOS="1317" WIDTH="169" HEIGHT="20" WC="0.93" CONTENT="kommissionen"/><SP WIDTH="24" VPOS="1317" HPOS="809"/>
							<String ID="string_364" HPOS="833" VPOS="1317" WIDTH="102" HEIGHT="20" WC="0.87" CONTENT="bedrivna"/><SP WIDTH="15" VPOS="1317" HPOS="935"/>
							<String ID="string_365" HPOS="950" VPOS="1317" WIDTH="74" HEIGHT="20" WC="0.91" CONTENT="under-"/><SP WIDTH="80" VPOS="1317" HPOS="1024"/>
							<String ID="string_366" HPOS="1104" VPOS="1329" WIDTH="12" HEIGHT="17" WC="0.77" CONTENT="p"/><SP WIDTH="11" VPOS="1329" HPOS="1116"/>
							<String ID="string_367" HPOS="1127" VPOS="1323" WIDTH="35" HEIGHT="18" WC="0.96" CONTENT="102"/><SP WIDTH="56" VPOS="1323" HPOS="1162"/>
							<String ID="string_368" HPOS="1218" VPOS="1331" WIDTH="2" HEIGHT="16" WC="0.67" CONTENT="|"/><SP WIDTH="135" VPOS="1331" HPOS="1220"/>
							<String ID="string_369" HPOS="1355" VPOS="1325" WIDTH="2" HEIGHT="16" WC="0.63" CONTENT="|"/><SP WIDTH="171" VPOS="1325" HPOS="1357"/>
							<String ID="string_370" HPOS="1528" VPOS="1315" WIDTH="2" HEIGHT="22" WC="0.70" CONTENT="I"/>
						</TextLine>
						<TextLine ID="line_59" HPOS="229" VPOS="1347" WIDTH="1301" HEIGHT="45">
							<String ID="string_371" HPOS="229" VPOS="1348" WIDTH="143" HEIGHT="26" WC="0.96" CONTENT="sökningarna"/><SP WIDTH="21" VPOS="1348" HPOS="372"/>
							<String ID="string_372" HPOS="393" VPOS="1354" WIDTH="26" HEIGHT="14" WC="0.96" CONTENT="av"/><SP WIDTH="19" VPOS="1354" HPOS="419"/>
							<String ID="string_373" HPOS="438" VPOS="1347" WIDTH="26" HEIGHT="20" WC="0.96" CONTENT="de"/><SP WIDTH="21" VPOS="1347" HPOS="464"/>
							<String ID="string_374" HPOS="485" VPOS="1347" WIDTH="84" HEIGHT="26" WC="0.95" CONTENT="Sverige"/><SP WIDTH="16" VPOS="1347" HPOS="569"/>
							<String ID="string_375" HPOS="585" VPOS="1347" WIDTH="128" HEIGHT="26" WC="0.96" CONTENT="omgivande"/><SP WIDTH="16" VPOS="1347" HPOS="713"/>
							<String ID="string_376" HPOS="729" VPOS="1347" WIDTH="69" HEIGHT="20" WC="0.96" CONTENT="haven"/><SP WIDTH="16" VPOS="1347" HPOS="798"/>
							<String ID="string_377" HPOS="814" VPOS="1348" WIDTH="30" HEIGHT="19" WC="0.96" CONTENT="ett"/><SP WIDTH="16" VPOS="1348" HPOS="844"/>
							<String ID="string_378" HPOS="860" VPOS="1348" WIDTH="60" HEIGHT="19" WC="0.93" CONTENT="extra"/><SP WIDTH="15" VPOS="1348" HPOS="920"/>
							<String ID="string_379" HPOS="935" VPOS="1353" WIDTH="89" HEIGHT="14" WC="0.92" CONTENT="reserva-"/><SP WIDTH="194" VPOS="1353" HPOS="1024"/>
							<String ID="string_380" HPOS="1218" VPOS="1352" WIDTH="2" HEIGHT="21" WC="0.62" CONTENT="I"/><SP WIDTH="135" VPOS="1352" HPOS="1220"/>
							<String ID="string_381" HPOS="1355" VPOS="1352" WIDTH="2" HEIGHT="7" WC="0.76" CONTENT="I"/><SP WIDTH="171" VPOS="1352" HPOS="1357"/>
							<String ID="string_382" HPOS="1528" VPOS="1348" WIDTH="2" HEIGHT="44" WC="0.85" CONTENT="|"/>
						</TextLine>
						<TextLine ID="line_60" HPOS="228" VPOS="1376" WIDTH="1086" HEIGHT="40">
							<String ID="string_383" HPOS="228" VPOS="1377" WIDTH="131" HEIGHT="26" WC="0.92" CONTENT="tionsanslag"/><SP WIDTH="23" VPOS="1377" HPOS="359"/>
							<String ID="string_384" HPOS="382" VPOS="1384" WIDTH="26" HEIGHT="14" WC="0.96" CONTENT="av"/><SP WIDTH="23" VPOS="1384" HPOS="408"/>
							<String ID="string_385" HPOS="431" VPOS="1376" WIDTH="78" HEIGHT="21" WC="0.93" CONTENT="29500"/><SP WIDTH="23" VPOS="1376" HPOS="509"/>
							<String ID="string_386" HPOS="532" VPOS="1377" WIDTH="39" HEIGHT="24" WC="0.88" CONTENT="kr.,"/><SP WIDTH="17" VPOS="1377" HPOS="571"/>
							<String ID="string_387" HPOS="588" VPOS="1377" WIDTH="34" HEIGHT="20" WC="0.96" CONTENT="till"/><SP WIDTH="16" VPOS="1377" HPOS="622"/>
							<String ID="string_388" HPOS="638" VPOS="1376" WIDTH="152" HEIGHT="21" WC="0.96" CONTENT="omkostnader"/><SP WIDTH="14" VPOS="1376" HPOS="790"/>
							<String ID="string_389" HPOS="804" VPOS="1377" WIDTH="34" HEIGHT="20" WC="0.96" CONTENT="för"/><SP WIDTH="15" VPOS="1377" HPOS="838"/>
							<String ID="string_390" HPOS="853" VPOS="1377" WIDTH="56" HEIGHT="20" WC="0.95" CONTENT="vissa"/><SP WIDTH="16" VPOS="1377" HPOS="909"/>
							<String ID="string_391" HPOS="925" VPOS="1384" WIDTH="26" HEIGHT="13" WC="0.93" CONTENT="av"/><SP WIDTH="15" VPOS="1384" HPOS="951"/>
							<String ID="string_392" HPOS="966" VPOS="1377" WIDTH="59" HEIGHT="20" WC="0.92" CONTENT="kom-"/><SP WIDTH="193" VPOS="1377" HPOS="1025"/>
							<String ID="string_393" HPOS="1218" VPOS="1376" WIDTH="2" HEIGHT="40" WC="0.87" CONTENT="|"/><SP WIDTH="93" VPOS="1376" HPOS="1220"/>
							<String ID="string_394" HPOS="1313" VPOS="1376" WIDTH="1" HEIGHT="5" WC="0.82" CONTENT="I"/>
						</TextLine>
						<TextLine ID="line_61" HPOS="228" VPOS="1400" WIDTH="1301" HEIGHT="34">
							<String ID="string_395" HPOS="228" VPOS="1408" WIDTH="117" HEIGHT="20" WC="0.96" CONTENT="missionen"/><SP WIDTH="11" VPOS="1408" HPOS="345"/>
							<String ID="string_396" HPOS="356" VPOS="1407" WIDTH="48" HEIGHT="21" WC="0.92" CONTENT="från"/><SP WIDTH="9" VPOS="1407" HPOS="404"/>
							<String ID="string_397" HPOS="413" VPOS="1407" WIDTH="273" HEIGHT="26" WC="0.91" CONTENT="nautisk-meteorologiska"/><SP WIDTH="9" VPOS="1407" HPOS="686"/>
							<String ID="string_398" HPOS="695" VPOS="1407" WIDTH="67" HEIGHT="27" WC="0.93" CONTENT="byrån"/><SP WIDTH="11" VPOS="1407" HPOS="762"/>
							<String ID="string_399" HPOS="773" VPOS="1408" WIDTH="115" HEIGHT="25" WC="0.91" CONTENT="övertagna"/><SP WIDTH="8" VPOS="1408" HPOS="888"/>
							<String ID="string_400" HPOS="896" VPOS="1407" WIDTH="128" HEIGHT="26" WC="0.88" CONTENT="havshydro-"/><SP WIDTH="504" VPOS="1407" HPOS="1024"/>
							<String ID="string_401" HPOS="1528" VPOS="1400" WIDTH="1" HEIGHT="31" WC="0.87" CONTENT="|"/>
						</TextLine>
						<TextLine ID="line_62" HPOS="228" VPOS="1436" WIDTH="796" HEIGHT="28">
							<String ID="string_402" HPOS="228" VPOS="1438" WIDTH="92" HEIGHT="26" WC="0.96" CONTENT="grafiska"/><SP WIDTH="16" VPOS="1438" HPOS="320"/>
							<String ID="string_403" HPOS="336" VPOS="1438" WIDTH="123" HEIGHT="25" WC="0.93" CONTENT="mätningar"/><SP WIDTH="15" VPOS="1438" HPOS="459"/>
							<String ID="string_404" HPOS="474" VPOS="1444" WIDTH="29" HEIGHT="13" WC="0.90" CONTENT="m."/><SP WIDTH="17" VPOS="1444" HPOS="503"/>
							<String ID="string_405" HPOS="520" VPOS="1444" WIDTH="29" HEIGHT="13" WC="0.91" CONTENT="m."/><SP WIDTH="17" VPOS="1444" HPOS="549"/>
							<String ID="string_406" HPOS="566" VPOS="1439" WIDTH="31" HEIGHT="18" WC="0.96" CONTENT="ett"/><SP WIDTH="15" VPOS="1439" HPOS="597"/>
							<String ID="string_407" HPOS="612" VPOS="1438" WIDTH="60" HEIGHT="19" WC="0.91" CONTENT="extra"/><SP WIDTH="15" VPOS="1438" HPOS="672"/>
							<String ID="string_408" HPOS="687" VPOS="1437" WIDTH="215" HEIGHT="26" WC="0.90" CONTENT="reservationsanslag"/><SP WIDTH="15" VPOS="1437" HPOS="902"/>
							<String ID="string_409" HPOS="917" VPOS="1444" WIDTH="27" HEIGHT="13" WC="0.96" CONTENT="av"/><SP WIDTH="16" VPOS="1444" HPOS="944"/>
							<String ID="string_410" HPOS="960" VPOS="1437" WIDTH="12" HEIGHT="20" WC="0.92" CONTENT="8"/><SP WIDTH="11" VPOS="1437" HPOS="972"/>
							<String ID="string_411" HPOS="983" VPOS="1436" WIDTH="41" HEIGHT="21" WC="0.92" CONTENT="000"/>
						</TextLine>
						<TextLine ID="line_63" HPOS="228" VPOS="1459" WIDTH="1194" HEIGHT="34">
							<String ID="string_412" HPOS="228" VPOS="1468" WIDTH="39" HEIGHT="25" WC="0.92" CONTENT="kr.,"/><SP WIDTH="16" VPOS="1468" HPOS="267"/>
							<String ID="string_413" HPOS="283" VPOS="1467" WIDTH="35" HEIGHT="21" WC="0.94" CONTENT="till"/><SP WIDTH="20" VPOS="1467" HPOS="318"/>
							<String ID="string_414" HPOS="338" VPOS="1467" WIDTH="105" HEIGHT="21" WC="0.96" CONTENT="täckande"/><SP WIDTH="16" VPOS="1467" HPOS="443"/>
							<String ID="string_415" HPOS="459" VPOS="1474" WIDTH="26" HEIGHT="13" WC="0.96" CONTENT="av"/><SP WIDTH="16" VPOS="1474" HPOS="485"/>
							<String ID="string_416" HPOS="501" VPOS="1467" WIDTH="96" HEIGHT="26" WC="0.95" CONTENT="Sveriges"/><SP WIDTH="16" VPOS="1467" HPOS="597"/>
							<String ID="string_417" HPOS="613" VPOS="1467" WIDTH="63" HEIGHT="20" WC="0.96" CONTENT="andel"/><SP WIDTH="15" VPOS="1467" HPOS="676"/>
							<String ID="string_418" HPOS="691" VPOS="1467" WIDTH="8" HEIGHT="20" WC="0.96" CONTENT="i"/><SP WIDTH="16" VPOS="1467" HPOS="699"/>
							<String ID="string_419" HPOS="715" VPOS="1467" WIDTH="142" HEIGHT="20" WC="0.96" CONTENT="kostnaderna"/><SP WIDTH="15" VPOS="1467" HPOS="857"/>
							<String ID="string_420" HPOS="872" VPOS="1467" WIDTH="34" HEIGHT="20" WC="0.96" CONTENT="för"/><SP WIDTH="15" VPOS="1467" HPOS="906"/>
							<String ID="string_421" HPOS="921" VPOS="1473" WIDTH="26" HEIGHT="14" WC="0.93" CONTENT="en"/><SP WIDTH="16" VPOS="1473" HPOS="947"/>
							<String ID="string_422" HPOS="963" VPOS="1467" WIDTH="61" HEIGHT="20" WC="0.92" CONTENT="inter-"/><SP WIDTH="396" VPOS="1467" HPOS="1024"/>
							<String ID="string_423" HPOS="1420" VPOS="1459" WIDTH="2" HEIGHT="20" WC="0.80" CONTENT="|"/>
						</TextLine>
						<TextLine ID="line_64" HPOS="228" VPOS="1480" WIDTH="1194" HEIGHT="44">
							<String ID="string_424" HPOS="228" VPOS="1497" WIDTH="103" HEIGHT="21" WC="0.93" CONTENT="nationell"/><SP WIDTH="19" VPOS="1497" HPOS="331"/>
							<String ID="string_425" HPOS="350" VPOS="1497" WIDTH="261" HEIGHT="27" WC="0.91" CONTENT="hydrografisk-biologisk"/><SP WIDTH="21" VPOS="1497" HPOS="611"/>
							<String ID="string_426" HPOS="632" VPOS="1497" WIDTH="160" HEIGHT="20" WC="0.90" CONTENT="centralanstalt"/><SP WIDTH="16" VPOS="1497" HPOS="792"/>
							<String ID="string_427" HPOS="808" VPOS="1496" WIDTH="50" HEIGHT="21" WC="0.96" CONTENT="med"/><SP WIDTH="15" VPOS="1496" HPOS="858"/>
							<String ID="string_428" HPOS="873" VPOS="1496" WIDTH="151" HEIGHT="21" WC="0.95" CONTENT="laboratorium"/><SP WIDTH="396" VPOS="1496" HPOS="1024"/>
							<String ID="string_429" HPOS="1420" VPOS="1480" WIDTH="2" HEIGHT="40" WC="0.86" CONTENT="|"/>
						</TextLine>
						<TextLine ID="line_65" HPOS="229" VPOS="1519" WIDTH="1544" HEIGHT="41">
							<String ID="string_430" HPOS="229" VPOS="1529" WIDTH="31" HEIGHT="19" WC="0.96" CONTENT="ett"/><SP WIDTH="21" VPOS="1529" HPOS="260"/>
							<String ID="string_431" HPOS="281" VPOS="1529" WIDTH="60" HEIGHT="19" WC="0.93" CONTENT="extra"/><SP WIDTH="23" VPOS="1529" HPOS="341"/>
							<String ID="string_432" HPOS="364" VPOS="1527" WIDTH="216" HEIGHT="26" WC="0.92" CONTENT="reservationsanslag"/><SP WIDTH="16" VPOS="1527" HPOS="580"/>
							<String ID="string_433" HPOS="596" VPOS="1533" WIDTH="26" HEIGHT="14" WC="0.96" CONTENT="av"/><SP WIDTH="16" VPOS="1533" HPOS="622"/>
							<String ID="string_434" HPOS="638" VPOS="1527" WIDTH="12" HEIGHT="20" WC="0.93" CONTENT="5"/><SP WIDTH="11" VPOS="1527" HPOS="650"/>
							<String ID="string_435" HPOS="661" VPOS="1526" WIDTH="42" HEIGHT="21" WC="0.93" CONTENT="000"/><SP WIDTH="16" VPOS="1526" HPOS="703"/>
							<String ID="string_436" HPOS="719" VPOS="1527" WIDTH="31" HEIGHT="20" WC="0.96" CONTENT="kr."/><SP WIDTH="17" VPOS="1527" HPOS="750"/>
							<String ID="string_437" HPOS="767" VPOS="1528" WIDTH="57" HEIGHT="19" WC="0.96" CONTENT="samt"/><SP WIDTH="15" VPOS="1528" HPOS="824"/>
							<String ID="string_438" HPOS="839" VPOS="1526" WIDTH="34" HEIGHT="21" WC="0.96" CONTENT="till"/><SP WIDTH="16" VPOS="1526" HPOS="873"/>
							<String ID="string_439" HPOS="889" VPOS="1526" WIDTH="136" HEIGHT="21" WC="0.95" CONTENT="bestridande"/><SP WIDTH="288" VPOS="1526" HPOS="1025"/>
							<String ID="string_440" HPOS="1313" VPOS="1519" WIDTH="2" HEIGHT="41" WC="0.84" CONTENT="|"/><SP WIDTH="105" VPOS="1519" HPOS="1315"/>
							<String ID="string_441" HPOS="1420" VPOS="1528" WIDTH="1" HEIGHT="8" WC="0.68" CONTENT="I"/><SP WIDTH="250" VPOS="1528" HPOS="1421"/>
							<String ID="string_442" HPOS="1671" VPOS="1547" WIDTH="1" HEIGHT="4" WC="0.69" CONTENT="I"/><SP WIDTH="100" VPOS="1547" HPOS="1672"/>
							<String ID="string_443" HPOS="1772" VPOS="1520" WIDTH="2" HEIGHT="30" WC="0.74" CONTENT="|"/>
						</TextLine>
						<TextLine ID="line_66" HPOS="229" VPOS="1552" WIDTH="1545" HEIGHT="31">
							<String ID="string_444" HPOS="229" VPOS="1564" WIDTH="27" HEIGHT="14" WC="0.96" CONTENT="av"/><SP WIDTH="10" VPOS="1564" HPOS="256"/>
							<String ID="string_445" HPOS="266" VPOS="1557" WIDTH="142" HEIGHT="21" WC="0.95" CONTENT="kostnaderna"/><SP WIDTH="12" VPOS="1557" HPOS="408"/>
							<String ID="string_446" HPOS="420" VPOS="1557" WIDTH="34" HEIGHT="20" WC="0.96" CONTENT="för"/><SP WIDTH="11" VPOS="1557" HPOS="454"/>
							<String ID="string_447" HPOS="465" VPOS="1556" WIDTH="138" HEIGHT="21" WC="0.96" CONTENT="anordnande"/><SP WIDTH="11" VPOS="1556" HPOS="603"/>
							<String ID="string_448" HPOS="614" VPOS="1563" WIDTH="26" HEIGHT="14" WC="0.96" CONTENT="av"/><SP WIDTH="12" VPOS="1563" HPOS="640"/>
							<String ID="string_449" HPOS="652" VPOS="1557" WIDTH="39" HEIGHT="20" WC="0.96" CONTENT="och"/><SP WIDTH="9" VPOS="1557" HPOS="691"/>
							<String ID="string_450" HPOS="700" VPOS="1557" WIDTH="167" HEIGHT="26" WC="0.96" CONTENT="representation"/><SP WIDTH="8" VPOS="1557" HPOS="867"/>
							<String ID="string_451" HPOS="875" VPOS="1556" WIDTH="37" HEIGHT="21" WC="0.93" CONTENT="vid"/><SP WIDTH="8" VPOS="1556" HPOS="912"/>
							<String ID="string_452" HPOS="920" VPOS="1563" WIDTH="104" HEIGHT="14" WC="0.91" CONTENT="samman-"/><SP WIDTH="331" VPOS="1563" HPOS="1024"/>
							<String ID="string_453" HPOS="1355" VPOS="1575" WIDTH="1" HEIGHT="8" WC="0.79" CONTENT="|"/><SP WIDTH="172" VPOS="1575" HPOS="1356"/>
							<String ID="string_454" HPOS="1528" VPOS="1571" WIDTH="1" HEIGHT="8" WC="0.67" CONTENT="|"/><SP WIDTH="142" VPOS="1571" HPOS="1529"/>
							<String ID="string_455" HPOS="1671" VPOS="1552" WIDTH="1" HEIGHT="31" WC="0.90" CONTENT="|"/><SP WIDTH="100" VPOS="1552" HPOS="1672"/>
							<String ID="string_456" HPOS="1772" VPOS="1555" WIDTH="2" HEIGHT="2" WC="0.63" CONTENT="|"/>
						</TextLine>
						<TextLine ID="line_67" HPOS="228" VPOS="1580" WIDTH="1546" HEIGHT="39">
							<String ID="string_457" HPOS="228" VPOS="1587" WIDTH="60" HEIGHT="21" WC="0.96" CONTENT="träde"/><SP WIDTH="23" VPOS="1587" HPOS="288"/>
							<String ID="string_458" HPOS="311" VPOS="1588" WIDTH="7" HEIGHT="19" WC="0.96" CONTENT="i"/><SP WIDTH="24" VPOS="1588" HPOS="318"/>
							<String ID="string_459" HPOS="342" VPOS="1587" WIDTH="125" HEIGHT="20" WC="0.96" CONTENT="Stockholm"/><SP WIDTH="25" VPOS="1587" HPOS="467"/>
							<String ID="string_460" HPOS="492" VPOS="1586" WIDTH="57" HEIGHT="21" WC="0.96" CONTENT="1927"/><SP WIDTH="20" VPOS="1586" HPOS="549"/>
							<String ID="string_461" HPOS="569" VPOS="1586" WIDTH="51" HEIGHT="21" WC="0.96" CONTENT="med"/><SP WIDTH="15" VPOS="1586" HPOS="620"/>
							<String ID="string_462" HPOS="635" VPOS="1587" WIDTH="172" HEIGHT="20" WC="0.93" CONTENT="internationella"/><SP WIDTH="16" VPOS="1587" HPOS="807"/>
							<String ID="string_463" HPOS="823" VPOS="1586" WIDTH="202" HEIGHT="26" WC="0.90" CONTENT="havsforskningens"/><SP WIDTH="288" VPOS="1586" HPOS="1025"/>
							<String ID="string_464" HPOS="1313" VPOS="1580" WIDTH="2" HEIGHT="23" WC="0.69" CONTENT="I"/><SP WIDTH="40" VPOS="1580" HPOS="1315"/>
							<String ID="string_465" HPOS="1355" VPOS="1584" WIDTH="1" HEIGHT="35" WC="0.89" CONTENT="|"/><SP WIDTH="172" VPOS="1584" HPOS="1356"/>
							<String ID="string_466" HPOS="1528" VPOS="1595" WIDTH="2" HEIGHT="20" WC="0.70" CONTENT="|"/><SP WIDTH="141" VPOS="1595" HPOS="1530"/>
							<String ID="string_467" HPOS="1671" VPOS="1585" WIDTH="2" HEIGHT="21" WC="0.71" CONTENT="|"/><SP WIDTH="100" VPOS="1585" HPOS="1673"/>
							<String ID="string_468" HPOS="1773" VPOS="1584" WIDTH="1" HEIGHT="32" WC="0.93" CONTENT="|"/>
						</TextLine>
						<TextLine ID="line_68" HPOS="228" VPOS="1588" WIDTH="1546" HEIGHT="80">
							<String ID="string_469" HPOS="228" VPOS="1617" WIDTH="38" HEIGHT="20" WC="0.96" CONTENT="råd"/><SP WIDTH="15" VPOS="1617" HPOS="266"/>
							<String ID="string_470" HPOS="281" VPOS="1618" WIDTH="68" HEIGHT="26" WC="0.95" CONTENT="jämte"/><SP WIDTH="16" VPOS="1618" HPOS="349"/>
							<String ID="string_471" HPOS="365" VPOS="1618" WIDTH="98" HEIGHT="25" WC="0.96" CONTENT="experter"/><SP WIDTH="16" VPOS="1618" HPOS="463"/>
							<String ID="string_472" HPOS="479" VPOS="1618" WIDTH="30" HEIGHT="19" WC="0.96" CONTENT="ett"/><SP WIDTH="16" VPOS="1618" HPOS="509"/>
							<String ID="string_473" HPOS="525" VPOS="1618" WIDTH="59" HEIGHT="19" WC="0.96" CONTENT="extra"/><SP WIDTH="16" VPOS="1618" HPOS="584"/>
							<String ID="string_474" HPOS="600" VPOS="1616" WIDTH="74" HEIGHT="26" WC="0.96" CONTENT="anslag"/><SP WIDTH="16" VPOS="1616" HPOS="674"/>
							<String ID="string_475" HPOS="690" VPOS="1623" WIDTH="26" HEIGHT="14" WC="0.96" CONTENT="av"/><SP WIDTH="17" VPOS="1623" HPOS="716"/>
							<String ID="string_476" HPOS="733" VPOS="1616" WIDTH="27" HEIGHT="20" WC="0.85" CONTENT="10"/><SP WIDTH="10" VPOS="1616" HPOS="760"/>
							<String ID="string_477" HPOS="770" VPOS="1616" WIDTH="42" HEIGHT="21" WC="0.85" CONTENT="000"/><SP WIDTH="17" VPOS="1616" HPOS="812"/>
							<String ID="string_478" HPOS="829" VPOS="1616" WIDTH="31" HEIGHT="20" WC="0.96" CONTENT="kr."/><SP WIDTH="453" VPOS="1616" HPOS="860"/>
							<String ID="string_479" HPOS="1313" VPOS="1607" WIDTH="2" HEIGHT="33" WC="0.75" CONTENT="I"/><SP WIDTH="40" VPOS="1607" HPOS="1315"/>
							<String ID="string_480" HPOS="1355" VPOS="1621" WIDTH="1" HEIGHT="7" WC="0.70" CONTENT="I"/><SP WIDTH="65" VPOS="1621" HPOS="1356"/>
							<String ID="string_481" HPOS="1421" VPOS="1588" WIDTH="1" HEIGHT="80" WC="0.92" CONTENT="|"/><SP WIDTH="106" VPOS="1588" HPOS="1422"/>
							<String ID="string_482" HPOS="1528" VPOS="1617" WIDTH="2" HEIGHT="8" WC="0.75" CONTENT="|"/><SP WIDTH="141" VPOS="1617" HPOS="1530"/>
							<String ID="string_483" HPOS="1671" VPOS="1611" WIDTH="2" HEIGHT="45" WC="0.88" CONTENT="|"/><SP WIDTH="99" VPOS="1611" HPOS="1673"/>
							<String ID="string_484" HPOS="1772" VPOS="1630" WIDTH="2" HEIGHT="15" WC="0.70" CONTENT="|"/>
						</TextLine>
						<TextLine ID="line_69" HPOS="186" VPOS="1624" WIDTH="1588" HEIGHT="82">
							<String ID="string_485" HPOS="186" VPOS="1681" WIDTH="9" HEIGHT="16" WC="0.96" CONTENT="7"/><SP WIDTH="18" VPOS="1681" HPOS="195"/>
							<String ID="string_486" HPOS="213" VPOS="1676" WIDTH="43" HEIGHT="21" WC="0.93" CONTENT="Till"/><SP WIDTH="23" VPOS="1676" HPOS="256"/>
							<String ID="string_487" HPOS="279" VPOS="1676" WIDTH="132" HEIGHT="21" WC="0.89" CONTENT="underhålls-"/><SP WIDTH="23" VPOS="1676" HPOS="411"/>
							<String ID="string_488" HPOS="434" VPOS="1676" WIDTH="40" HEIGHT="20" WC="0.96" CONTENT="och"/><SP WIDTH="29" VPOS="1676" HPOS="474"/>
							<String ID="string_489" HPOS="503" VPOS="1675" WIDTH="168" HEIGHT="21" WC="0.82" CONTENT="driftkostnader"/><SP WIDTH="23" VPOS="1675" HPOS="671"/>
							<String ID="string_490" HPOS="694" VPOS="1676" WIDTH="33" HEIGHT="20" WC="0.96" CONTENT="för"/><SP WIDTH="22" VPOS="1676" HPOS="727"/>
							<String ID="string_491" HPOS="749" VPOS="1676" WIDTH="93" HEIGHT="27" WC="0.96" CONTENT="fartyget"/><SP WIDTH="23" VPOS="1676" HPOS="842"/>
							<String ID="string_492" HPOS="865" VPOS="1676" WIDTH="107" HEIGHT="26" WC="0.93" CONTENT="Skagerak"/><SP WIDTH="19" VPOS="1676" HPOS="972"/>
							<String ID="string_493" HPOS="991" VPOS="1682" WIDTH="33" HEIGHT="14" WC="0.74" CONTENT="an-|"/><SP WIDTH="40" VPOS="1682" HPOS="1024"/>
							<String ID="string_494" HPOS="1064" VPOS="1684" WIDTH="8" HEIGHT="10" WC="0.79" CONTENT="&gt;"/><SP WIDTH="41" VPOS="1684" HPOS="1072"/>
							<String ID="string_495" HPOS="1113" VPOS="1676" WIDTH="40" HEIGHT="21" WC="0.71" CONTENT="11:9"/><SP WIDTH="126" VPOS="1676" HPOS="1153"/>
							<String ID="string_496" HPOS="1279" VPOS="1676" WIDTH="25" HEIGHT="20" WC="0.96" CONTENT="10"/><SP WIDTH="95" VPOS="1676" HPOS="1304"/>
							<String ID="string_497" HPOS="1399" VPOS="1670" WIDTH="23" HEIGHT="26" WC="0.51" CONTENT="11"/><SP WIDTH="20" VPOS="1670" HPOS="1422"/>
							<String ID="string_498" HPOS="1442" VPOS="1680" WIDTH="25" HEIGHT="16" WC="0.71" CONTENT="98"/><SP WIDTH="25" VPOS="1680" HPOS="1467"/>
							<String ID="string_499" HPOS="1492" VPOS="1624" WIDTH="68" HEIGHT="82" WC="0.20" CONTENT="Såld"/><SP WIDTH="32" VPOS="1624" HPOS="1560"/>
							<String ID="string_500" HPOS="1592" VPOS="1674" WIDTH="81" HEIGHT="21" WC="0.69" CONTENT="19:49"/><SP WIDTH="-14" VPOS="1674" HPOS="1673"/>
							<String ID="string_501" HPOS="1659" VPOS="1661" WIDTH="17" HEIGHT="44" WC="0.69" CONTENT="|"/><SP WIDTH="15" VPOS="1661" HPOS="1676"/>
							<String ID="string_502" HPOS="1691" VPOS="1674" WIDTH="54" HEIGHT="21" WC="0.54" CONTENT="21:5"/><SP WIDTH="27" VPOS="1674" HPOS="1745"/>
							<String ID="string_503" HPOS="1772" VPOS="1665" WIDTH="2" HEIGHT="18" WC="0.96" CONTENT="|"/>
						</TextLine>
						<TextLine ID="line_70" HPOS="228" VPOS="1688" WIDTH="1546" HEIGHT="51">
							<String ID="string_504" HPOS="228" VPOS="1707" WIDTH="57" HEIGHT="20" WC="0.96" CONTENT="visas"/><SP WIDTH="19" VPOS="1707" HPOS="285"/>
							<String ID="string_505" HPOS="304" VPOS="1707" WIDTH="34" HEIGHT="20" WC="0.96" CONTENT="för"/><SP WIDTH="20" VPOS="1707" HPOS="338"/>
							<String ID="string_506" HPOS="358" VPOS="1706" WIDTH="125" HEIGHT="26" WC="0.93" CONTENT="budgetåret"/><SP WIDTH="21" VPOS="1706" HPOS="483"/>
							<String ID="string_507" HPOS="504" VPOS="1705" WIDTH="125" HEIGHT="28" WC="0.92" CONTENT="1926/1927"/><SP WIDTH="18" VPOS="1705" HPOS="629"/>
							<String ID="string_508" HPOS="647" VPOS="1708" WIDTH="31" HEIGHT="19" WC="0.96" CONTENT="ett"/><SP WIDTH="15" VPOS="1708" HPOS="678"/>
							<String ID="string_509" HPOS="693" VPOS="1708" WIDTH="60" HEIGHT="18" WC="0.93" CONTENT="extra"/><SP WIDTH="15" VPOS="1708" HPOS="753"/>
							<String ID="string_510" HPOS="768" VPOS="1705" WIDTH="215" HEIGHT="27" WC="0.92" CONTENT="reservationsanslag"/><SP WIDTH="17" VPOS="1705" HPOS="983"/>
							<String ID="string_511" HPOS="1000" VPOS="1712" WIDTH="26" HEIGHT="14" WC="0.95" CONTENT="av"/><SP WIDTH="79" VPOS="1712" HPOS="1026"/>
							<String ID="string_512" HPOS="1105" VPOS="1717" WIDTH="17" HEIGHT="17" WC="0.85" CONTENT="p."/><SP WIDTH="3" VPOS="1717" HPOS="1122"/>
							<String ID="string_513" HPOS="1125" VPOS="1704" WIDTH="37" HEIGHT="35" WC="0.95" CONTENT="103"/><SP WIDTH="259" VPOS="1704" HPOS="1162"/>
							<String ID="string_514" HPOS="1421" VPOS="1698" WIDTH="2" HEIGHT="36" WC="0.91" CONTENT="|"/><SP WIDTH="249" VPOS="1698" HPOS="1423"/>
							<String ID="string_515" HPOS="1672" VPOS="1693" WIDTH="1" HEIGHT="29" WC="0.89" CONTENT="|"/><SP WIDTH="100" VPOS="1693" HPOS="1673"/>
							<String ID="string_516" HPOS="1773" VPOS="1688" WIDTH="1" HEIGHT="40" WC="0.81" CONTENT="|"/>
						</TextLine>
						<TextLine ID="line_71" HPOS="230" VPOS="1725" WIDTH="1545" HEIGHT="51">
							<String ID="string_517" HPOS="230" VPOS="1736" WIDTH="27" HEIGHT="20" WC="0.96" CONTENT="65"/><SP WIDTH="11" VPOS="1736" HPOS="257"/>
							<String ID="string_518" HPOS="268" VPOS="1736" WIDTH="42" HEIGHT="21" WC="0.96" CONTENT="000"/><SP WIDTH="17" VPOS="1736" HPOS="310"/>
							<String ID="string_519" HPOS="327" VPOS="1736" WIDTH="31" HEIGHT="20" WC="0.95" CONTENT="kr."/><SP WIDTH="1063" VPOS="1736" HPOS="358"/>
							<String ID="string_520" HPOS="1421" VPOS="1736" WIDTH="2" HEIGHT="40" WC="0.82" CONTENT="|"/><SP WIDTH="249" VPOS="1736" HPOS="1423"/>
							<String ID="string_521" HPOS="1672" VPOS="1725" WIDTH="1" HEIGHT="44" WC="0.85" CONTENT="|"/><SP WIDTH="100" VPOS="1725" HPOS="1673"/>
							<String ID="string_522" HPOS="1773" VPOS="1741" WIDTH="2" HEIGHT="27" WC="0.82" CONTENT="|"/>
						</TextLine>
						<TextLine ID="line_72" HPOS="1314" VPOS="1777" WIDTH="359" HEIGHT="17">
							<String ID="string_523" HPOS="1314" VPOS="1777" WIDTH="1" HEIGHT="15" WC="0.64" CONTENT="I"/><SP WIDTH="107" VPOS="1777" HPOS="1315"/>
							<String ID="string_524" HPOS="1422" VPOS="1778" WIDTH="1" HEIGHT="4" WC="0.71" CONTENT="I"/><SP WIDTH="249" VPOS="1778" HPOS="1423"/>
							<String ID="string_525" HPOS="1672" VPOS="1778" WIDTH="1" HEIGHT="16" WC="0.67" CONTENT="|"/>
						</TextLine>
						<TextLine ID="line_73" HPOS="187" VPOS="1782" WIDTH="1588" HEIGHT="54">
							<String ID="string_526" HPOS="187" VPOS="1800" WIDTH="10" HEIGHT="16" WC="0.89" CONTENT="8"/><SP WIDTH="19" VPOS="1800" HPOS="197"/>
							<String ID="string_527" HPOS="216" VPOS="1796" WIDTH="42" HEIGHT="20" WC="0.92" CONTENT="Till"/><SP WIDTH="25" VPOS="1796" HPOS="258"/>
							<String ID="string_528" HPOS="283" VPOS="1796" WIDTH="130" HEIGHT="20" WC="0.84" CONTENT="underhålls-"/><SP WIDTH="23" VPOS="1796" HPOS="413"/>
							<String ID="string_529" HPOS="436" VPOS="1796" WIDTH="40" HEIGHT="20" WC="0.93" CONTENT="och"/><SP WIDTH="16" VPOS="1796" HPOS="476"/>
							<String ID="string_530" HPOS="492" VPOS="1795" WIDTH="144" HEIGHT="21" WC="0.91" CONTENT="driftkostnad"/><SP WIDTH="16" VPOS="1795" HPOS="636"/>
							<String ID="string_531" HPOS="652" VPOS="1795" WIDTH="32" HEIGHT="21" WC="0.96" CONTENT="för"/><SP WIDTH="16" VPOS="1795" HPOS="684"/>
							<String ID="string_532" HPOS="700" VPOS="1795" WIDTH="92" HEIGHT="27" WC="0.93" CONTENT="fartyget"/><SP WIDTH="15" VPOS="1795" HPOS="792"/>
							<String ID="string_533" HPOS="807" VPOS="1795" WIDTH="119" HEIGHT="27" WC="0.92" CONTENT="Eystrasalt"/><SP WIDTH="16" VPOS="1795" HPOS="926"/>
							<String ID="string_534" HPOS="942" VPOS="1795" WIDTH="83" HEIGHT="20" WC="0.45" CONTENT="anvisas!"/><SP WIDTH="39" VPOS="1795" HPOS="1025"/>
							<String ID="string_535" HPOS="1064" VPOS="1804" WIDTH="8" HEIGHT="10" WC="0.89" CONTENT="»"/><SP WIDTH="41" VPOS="1804" HPOS="1072"/>
							<String ID="string_536" HPOS="1113" VPOS="1795" WIDTH="41" HEIGHT="21" WC="0.39" CONTENT="|1:9"/><SP WIDTH="125" VPOS="1795" HPOS="1154"/>
							<String ID="string_537" HPOS="1279" VPOS="1793" WIDTH="37" HEIGHT="34" WC="0.55" CONTENT="10/"/><SP WIDTH="83" VPOS="1793" HPOS="1316"/>
							<String ID="string_538" HPOS="1399" VPOS="1795" WIDTH="9" HEIGHT="20" WC="0.96" CONTENT="1"/><SP WIDTH="14" VPOS="1795" HPOS="1408"/>
							<String ID="string_539" HPOS="1422" VPOS="1784" WIDTH="1" HEIGHT="51" WC="0.82" CONTENT="|"/><SP WIDTH="20" VPOS="1784" HPOS="1423"/>
							<String ID="string_540" HPOS="1443" VPOS="1800" WIDTH="24" HEIGHT="15" WC="0.39" CONTENT="9919"/><SP WIDTH="20" VPOS="1800" HPOS="1467"/>
							<String ID="string_541" HPOS="1487" VPOS="1795" WIDTH="73" HEIGHT="24" WC="0.25" CONTENT="Alzel"/><SP WIDTH="32" VPOS="1795" HPOS="1560"/>
							<String ID="string_542" HPOS="1592" VPOS="1793" WIDTH="82" HEIGHT="26" WC="0.41" CONTENT="19:49]"/><SP WIDTH="18" VPOS="1793" HPOS="1674"/>
							<String ID="string_543" HPOS="1692" VPOS="1794" WIDTH="54" HEIGHT="20" WC="0.86" CONTENT="21:5"/><SP WIDTH="28" VPOS="1794" HPOS="1746"/>
							<String ID="string_544" HPOS="1774" VPOS="1782" WIDTH="1" HEIGHT="54" WC="0.57" CONTENT="|"/>
						</TextLine>
						<TextLine ID="line_74" HPOS="228" VPOS="1823" WIDTH="1548" HEIGHT="52">
							<String ID="string_545" HPOS="228" VPOS="1826" WIDTH="33" HEIGHT="20" WC="0.96" CONTENT="för"/><SP WIDTH="9" VPOS="1826" HPOS="261"/>
							<String ID="string_546" HPOS="270" VPOS="1825" WIDTH="125" HEIGHT="27" WC="0.93" CONTENT="budgetåret"/><SP WIDTH="10" VPOS="1825" HPOS="395"/>
							<String ID="string_547" HPOS="405" VPOS="1824" WIDTH="125" HEIGHT="28" WC="0.92" CONTENT="1926/1927"/><SP WIDTH="10" VPOS="1824" HPOS="530"/>
							<String ID="string_548" HPOS="540" VPOS="1827" WIDTH="31" HEIGHT="19" WC="0.96" CONTENT="ett"/><SP WIDTH="11" VPOS="1827" HPOS="571"/>
							<String ID="string_549" HPOS="582" VPOS="1827" WIDTH="59" HEIGHT="19" WC="0.92" CONTENT="extra"/><SP WIDTH="8" VPOS="1827" HPOS="641"/>
							<String ID="string_550" HPOS="649" VPOS="1826" WIDTH="214" HEIGHT="25" WC="0.91" CONTENT="reservationsanslag"/><SP WIDTH="8" VPOS="1826" HPOS="863"/>
							<String ID="string_551" HPOS="871" VPOS="1832" WIDTH="26" HEIGHT="13" WC="0.96" CONTENT="av"/><SP WIDTH="10" VPOS="1832" HPOS="897"/>
							<String ID="string_552" HPOS="907" VPOS="1825" WIDTH="26" HEIGHT="20" WC="0.95" CONTENT="12"/><SP WIDTH="9" VPOS="1825" HPOS="933"/>
							<String ID="string_553" HPOS="942" VPOS="1825" WIDTH="42" HEIGHT="20" WC="0.96" CONTENT="000"/><SP WIDTH="10" VPOS="1825" HPOS="984"/>
							<String ID="string_554" HPOS="994" VPOS="1825" WIDTH="30" HEIGHT="20" WC="0.95" CONTENT="kr."/><SP WIDTH="81" VPOS="1825" HPOS="1024"/>
							<String ID="string_555" HPOS="1105" VPOS="1837" WIDTH="17" HEIGHT="16" WC="0.25" CONTENT="p."/><SP WIDTH="6" VPOS="1837" HPOS="1122"/>
							<String ID="string_556" HPOS="1128" VPOS="1830" WIDTH="39" HEIGHT="24" WC="0.38" CONTENT="104]"/><SP WIDTH="148" VPOS="1830" HPOS="1167"/>
							<String ID="string_557" HPOS="1315" VPOS="1828" WIDTH="1" HEIGHT="47" WC="0.75" CONTENT="|"/><SP WIDTH="106" VPOS="1828" HPOS="1316"/>
							<String ID="string_558" HPOS="1422" VPOS="1837" WIDTH="1" HEIGHT="19" WC="0.74" CONTENT="i"/><SP WIDTH="106" VPOS="1837" HPOS="1423"/>
							<String ID="string_559" HPOS="1529" VPOS="1823" WIDTH="1" HEIGHT="3" WC="0.65" CONTENT="I"/><SP WIDTH="142" VPOS="1823" HPOS="1530"/>
							<String ID="string_560" HPOS="1672" VPOS="1823" WIDTH="2" HEIGHT="49" WC="0.79" CONTENT="|"/><SP WIDTH="100" VPOS="1823" HPOS="1674"/>
							<String ID="string_561" HPOS="1774" VPOS="1837" WIDTH="2" HEIGHT="17" WC="0.65" CONTENT="|"/>
						</TextLine>
						<TextLine ID="line_75" HPOS="1165" VPOS="1856" WIDTH="611" HEIGHT="17">
							<String ID="string_562" HPOS="1165" VPOS="1856" WIDTH="2" HEIGHT="16" WC="0.59" CONTENT="|"/><SP WIDTH="255" VPOS="1856" HPOS="1167"/>
							<String ID="string_563" HPOS="1422" VPOS="1857" WIDTH="1" HEIGHT="12" WC="0.91" CONTENT="|"/><SP WIDTH="106" VPOS="1857" HPOS="1423"/>
							<String ID="string_564" HPOS="1529" VPOS="1856" WIDTH="1" HEIGHT="13" WC="0.85" CONTENT="|"/><SP WIDTH="244" VPOS="1856" HPOS="1530"/>
							<String ID="string_565" HPOS="1774" VPOS="1856" WIDTH="2" HEIGHT="17" WC="0.72" CONTENT="|"/>
						</TextLine>
						<TextLine ID="line_76" HPOS="186" VPOS="1872" WIDTH="1585" HEIGHT="40">
							<String ID="string_566" HPOS="186" VPOS="1890" WIDTH="10" HEIGHT="15" WC="0.95" CONTENT="9"/><SP WIDTH="18" VPOS="1890" HPOS="196"/>
							<String ID="string_567" HPOS="214" VPOS="1885" WIDTH="82" HEIGHT="21" WC="0.96" CONTENT="Motion"/><SP WIDTH="17" VPOS="1885" HPOS="296"/>
							<String ID="string_568" HPOS="313" VPOS="1892" WIDTH="47" HEIGHT="19" WC="0.96" CONTENT="ang."/><SP WIDTH="17" VPOS="1892" HPOS="360"/>
							<String ID="string_569" HPOS="377" VPOS="1885" WIDTH="138" HEIGHT="20" WC="0.95" CONTENT="anordnande"/><SP WIDTH="12" VPOS="1885" HPOS="515"/>
							<String ID="string_570" HPOS="527" VPOS="1892" WIDTH="26" HEIGHT="14" WC="0.93" CONTENT="av"/><SP WIDTH="10" VPOS="1892" HPOS="553"/>
							<String ID="string_571" HPOS="563" VPOS="1885" WIDTH="220" HEIGHT="21" WC="0.91" CONTENT="försöksverksamhet"/><SP WIDTH="13" VPOS="1885" HPOS="783"/>
							<String ID="string_572" HPOS="796" VPOS="1886" WIDTH="27" HEIGHT="26" WC="0.93" CONTENT="på"/><SP WIDTH="11" VPOS="1886" HPOS="823"/>
							<String ID="string_573" HPOS="834" VPOS="1885" WIDTH="202" HEIGHT="21" WC="0.18" CONTENT="sötvattensfiskets"/><SP WIDTH="-11" VPOS="1885" HPOS="1036"/>
							<String ID="string_574" HPOS="1025" VPOS="1881" WIDTH="10" HEIGHT="36" WC="0.18" CONTENT="|"/><SP WIDTH="24" VPOS="1881" HPOS="1035"/>
							<String ID="string_575" HPOS="1059" VPOS="1881" WIDTH="8" HEIGHT="36" WC="0.67" CONTENT="&gt;»"/><SP WIDTH="98" VPOS="1881" HPOS="1067"/>
							<String ID="string_576" HPOS="1165" VPOS="1882" WIDTH="1" HEIGHT="20" WC="0.65" CONTENT="|"/><SP WIDTH="60" VPOS="1882" HPOS="1166"/>
							<String ID="string_577" HPOS="1226" VPOS="1882" WIDTH="90" HEIGHT="23" WC="0.42" CONTENT="13710"/><SP WIDTH="-14" VPOS="1882" HPOS="1316"/>
							<String ID="string_578" HPOS="1302" VPOS="1878" WIDTH="15" HEIGHT="38" WC="0.42" CONTENT="|"/><SP WIDTH="67" VPOS="1878" HPOS="1317"/>
							<String ID="string_579" HPOS="1384" VPOS="1884" WIDTH="25" HEIGHT="20" WC="0.96" CONTENT="31"/><SP WIDTH="13" VPOS="1884" HPOS="1409"/>
							<String ID="string_580" HPOS="1422" VPOS="1872" WIDTH="1" HEIGHT="35" WC="0.89" CONTENT="|"/><SP WIDTH="106" VPOS="1872" HPOS="1423"/>
							<String ID="string_581" HPOS="1529" VPOS="1876" WIDTH="2" HEIGHT="36" WC="0.86" CONTENT="|"/><SP WIDTH="60" VPOS="1876" HPOS="1531"/>
							<String ID="string_582" HPOS="1591" VPOS="1883" WIDTH="69" HEIGHT="20" WC="0.87" CONTENT="27:43"/><SP WIDTH="8" VPOS="1883" HPOS="1660"/>
							<String ID="string_583" HPOS="1668" VPOS="1879" WIDTH="14" HEIGHT="36" WC="0.84" CONTENT="|"/><SP WIDTH="3" VPOS="1879" HPOS="1682"/>
							<String ID="string_584" HPOS="1685" VPOS="1883" WIDTH="34" HEIGHT="20" WC="0.84" CONTENT="27:"/><SP WIDTH="11" VPOS="1883" HPOS="1719"/>
							<String ID="string_585" HPOS="1730" VPOS="1883" WIDTH="41" HEIGHT="21" WC="0.61" CONTENT="21d"/>
						</TextLine>
						<TextLine ID="line_77" HPOS="229" VPOS="1899" WIDTH="1546" HEIGHT="48">
							<String ID="string_586" HPOS="229" VPOS="1915" WIDTH="88" HEIGHT="21" WC="0.96" CONTENT="område"/><SP WIDTH="16" VPOS="1915" HPOS="317"/>
							<String ID="string_587" HPOS="333" VPOS="1915" WIDTH="77" HEIGHT="20" WC="0.95" CONTENT="avslås."/><SP WIDTH="905" VPOS="1915" HPOS="410"/>
							<String ID="string_588" HPOS="1315" VPOS="1899" WIDTH="1" HEIGHT="43" WC="0.83" CONTENT="|"/><SP WIDTH="106" VPOS="1899" HPOS="1316"/>
							<String ID="string_589" HPOS="1422" VPOS="1910" WIDTH="1" HEIGHT="34" WC="0.87" CONTENT="|"/><SP WIDTH="107" VPOS="1910" HPOS="1423"/>
							<String ID="string_590" HPOS="1530" VPOS="1915" WIDTH="1" HEIGHT="12" WC="0.91" CONTENT="|"/><SP WIDTH="142" VPOS="1915" HPOS="1531"/>
							<String ID="string_591" HPOS="1673" VPOS="1928" WIDTH="1" HEIGHT="19" WC="0.88" CONTENT="|"/><SP WIDTH="100" VPOS="1928" HPOS="1674"/>
							<String ID="string_592" HPOS="1774" VPOS="1920" WIDTH="1" HEIGHT="24" WC="0.85" CONTENT="|"/>
						</TextLine>
						<TextLine ID="line_78" HPOS="1315" VPOS="1944" WIDTH="461" HEIGHT="17">
							<String ID="string_593" HPOS="1315" VPOS="1944" WIDTH="1" HEIGHT="12" WC="0.71" CONTENT="I"/><SP WIDTH="106" VPOS="1944" HPOS="1316"/>
							<String ID="string_594" HPOS="1422" VPOS="1952" WIDTH="1" HEIGHT="9" WC="0.67" CONTENT="I"/><SP WIDTH="250" VPOS="1952" HPOS="1423"/>
							<String ID="string_595" HPOS="1673" VPOS="1948" WIDTH="2" HEIGHT="9" WC="0.88" CONTENT="I"/><SP WIDTH="99" VPOS="1948" HPOS="1675"/>
							<String ID="string_596" HPOS="1774" VPOS="1948" WIDTH="2" HEIGHT="11" WC="0.81" CONTENT="I"/>
						</TextLine>
						<TextLine ID="line_79" HPOS="173" VPOS="1958" WIDTH="1602" HEIGHT="58">
							<String ID="string_597" HPOS="173" VPOS="1980" WIDTH="25" HEIGHT="16" WC="0.96" CONTENT="10"/><SP WIDTH="19" VPOS="1980" HPOS="198"/>
							<String ID="string_598" HPOS="217" VPOS="1975" WIDTH="41" HEIGHT="20" WC="0.92" CONTENT="För"/><SP WIDTH="23" VPOS="1975" HPOS="258"/>
							<String ID="string_599" HPOS="281" VPOS="1974" WIDTH="158" HEIGHT="21" WC="0.92" CONTENT="stationerande"/><SP WIDTH="23" VPOS="1974" HPOS="439"/>
							<String ID="string_600" HPOS="462" VPOS="1974" WIDTH="68" HEIGHT="21" WC="0.96" CONTENT="under"/><SP WIDTH="18" VPOS="1974" HPOS="530"/>
							<String ID="string_601" HPOS="548" VPOS="1974" WIDTH="201" HEIGHT="21" WC="0.93" CONTENT="vintermånaderna"/><SP WIDTH="17" VPOS="1974" HPOS="749"/>
							<String ID="string_602" HPOS="766" VPOS="1973" WIDTH="125" HEIGHT="29" WC="0.91" CONTENT="1926/1927"/><SP WIDTH="17" VPOS="1973" HPOS="891"/>
							<String ID="string_603" HPOS="908" VPOS="1982" WIDTH="25" HEIGHT="13" WC="0.92" CONTENT="av"/><SP WIDTH="18" VPOS="1982" HPOS="933"/>
							<String ID="string_604" HPOS="951" VPOS="1975" WIDTH="75" HEIGHT="20" WC="0.82" CONTENT="bevak-|"/><SP WIDTH="37" VPOS="1975" HPOS="1026"/>
							<String ID="string_605" HPOS="1063" VPOS="1982" WIDTH="9" HEIGHT="12" WC="0.91" CONTENT="»"/><SP WIDTH="42" VPOS="1982" HPOS="1072"/>
							<String ID="string_606" HPOS="1114" VPOS="1975" WIDTH="40" HEIGHT="20" WC="0.89" CONTENT="1133"/><SP WIDTH="126" VPOS="1975" HPOS="1154"/>
							<String ID="string_607" HPOS="1280" VPOS="1958" WIDTH="36" HEIGHT="50" WC="0.59" CONTENT="10]"/><SP WIDTH="68" VPOS="1958" HPOS="1316"/>
							<String ID="string_608" HPOS="1384" VPOS="1974" WIDTH="25" HEIGHT="20" WC="0.83" CONTENT="33"/><SP WIDTH="-1" VPOS="1974" HPOS="1409"/>
							<String ID="string_609" HPOS="1408" VPOS="1959" WIDTH="13" HEIGHT="46" WC="0.83" CONTENT="|"/><SP WIDTH="65" VPOS="1959" HPOS="1421"/>
							<String ID="string_610" HPOS="1486" VPOS="1969" WIDTH="46" HEIGHT="38" WC="0.43" CONTENT="172|"/><SP WIDTH="60" VPOS="1969" HPOS="1532"/>
							<String ID="string_611" HPOS="1592" VPOS="1968" WIDTH="34" HEIGHT="36" WC="0.81" CONTENT="27:"/><SP WIDTH="11" VPOS="1968" HPOS="1626"/>
							<String ID="string_612" HPOS="1637" VPOS="1968" WIDTH="38" HEIGHT="48" WC="0.35" CONTENT="3"/><SP WIDTH="19" VPOS="1968" HPOS="1675"/>
							<String ID="string_613" HPOS="1694" VPOS="1972" WIDTH="33" HEIGHT="20" WC="0.72" CONTENT="27:"/><SP WIDTH="11" VPOS="1972" HPOS="1727"/>
							<String ID="string_614" HPOS="1738" VPOS="1971" WIDTH="37" HEIGHT="44" WC="0.52" CONTENT="201"/>
						</TextLine>
						<TextLine ID="line_80" HPOS="229" VPOS="2002" WIDTH="1546" HEIGHT="35">
							<String ID="string_615" HPOS="229" VPOS="2005" WIDTH="135" HEIGHT="26" WC="0.92" CONTENT="ningsfartyg"/><SP WIDTH="15" VPOS="2005" HPOS="364"/>
							<String ID="string_616" HPOS="379" VPOS="2004" WIDTH="37" HEIGHT="21" WC="0.96" CONTENT="vid"/><SP WIDTH="15" VPOS="2004" HPOS="416"/>
							<String ID="string_617" HPOS="431" VPOS="2004" WIDTH="66" HEIGHT="21" WC="0.96" CONTENT="rikets"/><SP WIDTH="15" VPOS="2004" HPOS="497"/>
							<String ID="string_618" HPOS="512" VPOS="2005" WIDTH="74" HEIGHT="20" WC="0.96" CONTENT="kuster"/><SP WIDTH="15" VPOS="2005" HPOS="586"/>
							<String ID="string_619" HPOS="601" VPOS="2005" WIDTH="33" HEIGHT="20" WC="0.92" CONTENT="för"/><SP WIDTH="11" VPOS="2005" HPOS="634"/>
							<String ID="string_620" HPOS="645" VPOS="2004" WIDTH="192" HEIGHT="21" WC="0.92" CONTENT="åstadkommande"/><SP WIDTH="11" VPOS="2004" HPOS="837"/>
							<String ID="string_621" HPOS="848" VPOS="2012" WIDTH="26" HEIGHT="13" WC="0.97" CONTENT="av"/><SP WIDTH="11" VPOS="2012" HPOS="874"/>
							<String ID="string_622" HPOS="885" VPOS="2005" WIDTH="90" HEIGHT="26" WC="0.96" CONTENT="ordning"/><SP WIDTH="11" VPOS="2005" HPOS="975"/>
							<String ID="string_623" HPOS="986" VPOS="2005" WIDTH="39" HEIGHT="20" WC="0.96" CONTENT="och"/><SP WIDTH="397" VPOS="2005" HPOS="1025"/>
							<String ID="string_624" HPOS="1422" VPOS="2002" WIDTH="2" HEIGHT="35" WC="0.88" CONTENT="|"/><SP WIDTH="350" VPOS="2002" HPOS="1424"/>
							<String ID="string_625" HPOS="1774" VPOS="2019" WIDTH="1" HEIGHT="13" WC="0.60" CONTENT="I"/>
						</TextLine>
						<TextLine ID="line_81" HPOS="229" VPOS="2005" WIDTH="1446" HEIGHT="84">
							<String ID="string_626" HPOS="229" VPOS="2034" WIDTH="71" HEIGHT="27" WC="0.96" CONTENT="skydd"/><SP WIDTH="16" VPOS="2034" HPOS="300"/>
							<String ID="string_627" HPOS="316" VPOS="2035" WIDTH="37" HEIGHT="20" WC="0.96" CONTENT="vid"/><SP WIDTH="15" VPOS="2035" HPOS="353"/>
							<String ID="string_628" HPOS="368" VPOS="2035" WIDTH="74" HEIGHT="20" WC="0.92" CONTENT="fiskets"/><SP WIDTH="16" VPOS="2035" HPOS="442"/>
							<String ID="string_629" HPOS="458" VPOS="2034" WIDTH="129" HEIGHT="21" WC="0.92" CONTENT="bedrivande"/><SP WIDTH="19" VPOS="2034" HPOS="587"/>
							<String ID="string_630" HPOS="606" VPOS="2035" WIDTH="84" HEIGHT="20" WC="0.96" CONTENT="anvisas"/><SP WIDTH="19" VPOS="2035" HPOS="690"/>
							<String ID="string_631" HPOS="709" VPOS="2035" WIDTH="33" HEIGHT="20" WC="0.96" CONTENT="för"/><SP WIDTH="15" VPOS="2035" HPOS="742"/>
							<String ID="string_632" HPOS="757" VPOS="2035" WIDTH="125" HEIGHT="25" WC="0.93" CONTENT="budgetåret"/><SP WIDTH="17" VPOS="2035" HPOS="882"/>
							<String ID="string_633" HPOS="899" VPOS="2033" WIDTH="125" HEIGHT="25" WC="0.91" CONTENT="1926/1927"/><SP WIDTH="333" VPOS="2033" HPOS="1024"/>
							<String ID="string_634" HPOS="1357" VPOS="2016" WIDTH="1" HEIGHT="42" WC="0.73" CONTENT="|"/><SP WIDTH="65" VPOS="2016" HPOS="1358"/>
							<String ID="string_635" HPOS="1423" VPOS="2039" WIDTH="1" HEIGHT="28" WC="0.92" CONTENT="|"/><SP WIDTH="106" VPOS="2039" HPOS="1424"/>
							<String ID="string_636" HPOS="1530" VPOS="2005" WIDTH="3" HEIGHT="84" WC="0.72" CONTENT="|"/><SP WIDTH="141" VPOS="2005" HPOS="1533"/>
							<String ID="string_637" HPOS="1674" VPOS="2037" WIDTH="1" HEIGHT="21" WC="0.65" CONTENT="|"/>
						</TextLine>
						<TextLine ID="line_82" HPOS="229" VPOS="2041" WIDTH="1547" HEIGHT="50">
							<String ID="string_638" HPOS="229" VPOS="2066" WIDTH="32" HEIGHT="19" WC="0.96" CONTENT="ett"/><SP WIDTH="14" VPOS="2066" HPOS="261"/>
							<String ID="string_639" HPOS="275" VPOS="2066" WIDTH="61" HEIGHT="19" WC="0.93" CONTENT="extra"/><SP WIDTH="26" VPOS="2066" HPOS="336"/>
							<String ID="string_640" HPOS="362" VPOS="2064" WIDTH="205" HEIGHT="27" WC="0.91" CONTENT="eservationsanslag"/><SP WIDTH="15" VPOS="2064" HPOS="567"/>
							<String ID="string_641" HPOS="582" VPOS="2071" WIDTH="26" HEIGHT="14" WC="0.96" CONTENT="av"/><SP WIDTH="16" VPOS="2071" HPOS="608"/>
							<String ID="string_642" HPOS="624" VPOS="2064" WIDTH="80" HEIGHT="21" WC="0.83" CONTENT="37500"/><SP WIDTH="16" VPOS="2064" HPOS="704"/>
							<String ID="string_643" HPOS="720" VPOS="2064" WIDTH="32" HEIGHT="21" WC="0.95" CONTENT="kr."/><SP WIDTH="605" VPOS="2064" HPOS="752"/>
							<String ID="string_644" HPOS="1357" VPOS="2072" WIDTH="2" HEIGHT="17" WC="0.25" CONTENT="ET"/><SP WIDTH="64" VPOS="2072" HPOS="1359"/>
							<String ID="string_645" HPOS="1423" VPOS="2070" WIDTH="2" HEIGHT="18" WC="0.69" CONTENT="I"/><SP WIDTH="249" VPOS="2070" HPOS="1425"/>
							<String ID="string_646" HPOS="1674" VPOS="2064" WIDTH="1" HEIGHT="25" WC="0.68" CONTENT="|"/><SP WIDTH="99" VPOS="2064" HPOS="1675"/>
							<String ID="string_647" HPOS="1774" VPOS="2041" WIDTH="2" HEIGHT="48" WC="0.72" CONTENT="|"/>
						</TextLine>
					</TextBlock>
				</ComposedBlock>
				<ComposedBlock ID="cblock_28" HPOS="1166" VPOS="1092" WIDTH="1" HEIGHT="997">
					<TextBlock ID="block_28" HPOS="1166" VPOS="1092" WIDTH="1" HEIGHT="997">
						<TextLine ID="line_83" HPOS="1166" VPOS="1092" WIDTH="1" HEIGHT="997">
							<String ID="string_648" HPOS="1166" VPOS="1092" WIDTH="1" HEIGHT="997" WC="0.95" CONTENT=" "/>
						</TextLine>
					</TextBlock>
				</ComposedBlock>
				<ComposedBlock ID="cblock_29" HPOS="1218" VPOS="1422" WIDTH="4" HEIGHT="668">
					<TextBlock ID="block_29" HPOS="1218" VPOS="1422" WIDTH="4" HEIGHT="668">
						<TextLine ID="line_84" HPOS="1218" VPOS="1422" WIDTH="4" HEIGHT="668">
							<String ID="string_649" HPOS="1218" VPOS="1422" WIDTH="4" HEIGHT="668" WC="0.95" CONTENT=" "/>
						</TextLine>
					</TextBlock>
				</ComposedBlock>
				<ComposedBlock ID="cblock_30" HPOS="1847" VPOS="641" WIDTH="4" HEIGHT="830">
					<TextBlock ID="block_30" HPOS="1847" VPOS="641" WIDTH="4" HEIGHT="830">
						<TextLine ID="line_85" HPOS="1847" VPOS="641" WIDTH="4" HEIGHT="830">
							<String ID="string_650" HPOS="1847" VPOS="641" WIDTH="4" HEIGHT="830" WC="0.95" CONTENT=" "/>
						</TextLine>
					</TextBlock>
				</ComposedBlock>
				<ComposedBlock ID="cblock_31" HPOS="1847" VPOS="641" WIDTH="4" HEIGHT="1070">
					<TextBlock ID="block_31" HPOS="1847" VPOS="641" WIDTH="4" HEIGHT="1070">
						<TextLine ID="line_86" HPOS="1847" VPOS="641" WIDTH="4" HEIGHT="1070">
							<String ID="string_651" HPOS="1847" VPOS="641" WIDTH="4" HEIGHT="1070" WC="0.95" CONTENT=" "/>
						</TextLine>
					</TextBlock>
				</ComposedBlock>
			</PrintSpace>
		</Page>
	</Layout>
</alto>
