1835 2361
168 160 40 21 546
864 157 224 19 SAKREGISTER

190 448 192 26 Förmynderskap.

191 480 9 18 1
216 478 42 20 RD
274 479 90 25 antager
378 478 35 26 lag
427 483 48 20 ang.
491 477 92 26 ändring
598 477 6 20 i
619 477 57 20 vissa
692 477 59 20 delar
765 482 28 14 av
808 476 61 26 lagen
885 476 41 20 den
941 475 26 21 27
981 475 48 27 juni

231 508 53 20 1924
297 508 34 26 (nr
343 507 49 26 320)
405 513 35 14 om
453 507 189 26 förmynderskap,
656 507 34 26 lag
703 512 34 14 om
751 506 83 20 ändrad
847 506 81 26 lydelse
940 511 28 15 av
982 505 25 20 13
1019 505 10 26 $

229 538 62 26 lagen
305 538 41 20 den
359 538 26 20 27
397 537 48 27 juni
459 537 53 20 1924
525 537 35 26 (nr
572 537 49 25 321)
635 542 48 21 ang.
697 536 114 21 införande
823 542 29 14 av
864 536 62 26 lagen
939 541 35 15 om
987 535 43 20 för-

229 568 154 26 mynderskap,
397 567 35 27 lag
444 573 49 20 ang.
507 567 92 26 ändring
612 567 6 20 i
630 567 58 20 vissa
702 566 59 21 delar
773 572 28 14 av
814 566 62 26 lagen
889 566 42 20 den
943 565 27 21 27
982 565 47 26 juni

230 597 53 21 1924
299 597 35 27 (nr
348 597 50 26 322)
415 603 35 14 om
465 597 55 20 vård
536 603 28 14 av
580 597 114 26 omyndigs
709 596 205 26 värdehandlingar,
930 595 35 27 lag
979 600 49 21 ang.

228 628 84 20 ändrad
326 627 82 27 lydelse
421 633 28 14 av
463 627 13 20 2
489 627 50 26 kap.
556 627 9 20 1
581 627 40 20 och
637 626 24 21 18
675 627 20 25 $$
709 626 62 27 lagen
785 626 42 20 den
840 626 13 20 9
866 626 47 26 juni
929 625 52 21 1933
996 625 34 26 (nr

228 657 50 26 314)
294 664 36 14 om
346 657 146 26 boutredning
507 657 40 20 och
562 657 113 23 arvskifte,
691 656 35 27 lag
741 662 49 20 ang.
806 656 84 20 ändrad
905 655 81 26 lydelse
1001 661 28 14 av

228 688 27 20 52
264 694 12 14 c
289 688 10 25 $
313 688 62 26 lagen
390 687 42 20 den
446 687 26 20 22
485 687 48 26 juni
549 687 49 20 1911
615 687 35 25 (nr
664 686 35 26 74)
714 692 35 14 om
764 686 145 23 bankrörelse,
923 685 41 27 lag.
979 690 49 21 ang.

228 717 84 21 ändrad
325 717 81 27 lydelse
418 723 29 14 av
458 717 27 20 24
497 717 10 25 $
520 717 61 26 lagen
594 717 42 20 den
648 716 26 21 29
686 716 48 27 juni
748 716 52 20 1923
813 716 35 26 (nr
859 715 50 26 286)
922 721 35 14 om
970 720 59 21 spar-

228 747 90 24 banker,
333 747 36 27 lag
383 752 49 21 ang.
448 747 84 20 ändrad
547 746 80 27 lydelse
642 752 29 15 av
685 746 13 20 4
713 746 9 25 $
737 746 62 27 lagen
815 746 41 20 den
871 745 27 21 26
912 745 48 27 juni
976 744 52 21 1936

228 777 35 25 (nr
273 777 50 26 373)
337 777 50 20 med
400 777 58 20 vissa
472 777 163 20 bestämmelser
645 782 35 14 om
692 776 158 20 centralkassor
860 775 34 21 för
902 774 127 28 jordbruks-

227 807 73 20 kredit
314 808 57 19 samt
384 807 127 26 förordning
524 813 36 13 om
573 806 84 21 ändrad
670 806 82 26 lydelse
765 812 28 14 av
806 806 10 25 $
829 806 13 20 2
855 811 67 14 mom.
936 805 12 20 3
962 804 41 21 och
1016 804 12 20 4

228 838 58 19 samt
299 837 10 25 $
323 837 13 20 4
349 837 155 26 förordningen
518 837 42 20 den
574 837 24 20 21
613 836 48 27 juni
676 836 53 20 1922
743 836 35 26 (nr
791 836 50 26 277)
855 841 49 21 ang.
918 836 111 25 postspar-

228 867 94 20 banken.

189 929 10 17 2
214 927 43 20 RD
270 927 72 20 avslår
353 927 84 20 motion
449 932 49 20 ang.
511 927 53 20 ökat
575 926 71 26 skydd
658 926 34 20 för
703 926 129 26 omyndigas
843 925 77 24 medel,
933 930 46 15 som
991 925 37 19 äro

228 957 162 20 underkastade
404 957 38 20 det
456 956 121 21 allmännas
591 956 102 20 kontroll.

214 1016 43 21 RD
271 1018 91 25 antager
375 1016 80 27 förslag
468 1016 34 20 till
515 1016 35 26 lag
563 1016 50 20 med
627 1016 105 20 särskilda
746 1015 164 21 bestämmelser
923 1019 48 21 ang.
986 1014 43 20 för-

227 1047 155 25 mynderskap,
398 1046 150 26 godmanskap
564 1046 41 20 och
620 1046 146 25 boutredning
780 1045 39 20 vid
833 1045 48 26 krig
896 1044 51 20 eller
961 1044 68 25 krigs-

227 1076 47 20 fara
287 1082 29 14 m.
326 1082 29 14 m.

256 1112 23 16 Se
291 1112 34 16 ock
337 1112 126 20 Boutredning
475 1112 69 20 (1933);
553 1111 160 21 Interpellationer
722 1111 60 20 (1936:
791 1112 36 19 26);
835 1110 99 16 Traktater
942 1109 60 21 (1931:
1012 1111 15 17 2;

232 1136 51 16 1933:
292 1136 24 20 4);
329 1132 109 24 Äktenskap
451 1135 68 21 (1934).

185 1196 213 26 FÖRMÅNSRÄTT.

214 1231 42 20 RD
269 1231 73 20 avslår
354 1231 84 20 motion
452 1237 35 14 om
500 1231 92 26 ändring
605 1237 28 14 av
648 1231 24 20 17
685 1231 51 26 kap.
750 1230 12 21 5
775 1231 9 25 $
798 1229 170 21 handelsbalken
981 1229 47 26 (av-

227 1261 78 20 seende
317 1262 35 19 att
364 1267 83 14 samma
460 1261 150 23 förmånsrätt,
623 1266 46 15 som
682 1261 6 19 i
701 1260 95 20 nämnda
809 1260 83 26 lagrum
904 1259 123 20 tillerkänts

227 1291 119 26 hyresvärd
368 1292 113 25 gentemot
502 1290 121 27 hyresgäst,
645 1290 66 20 också
732 1290 140 20 tillerkännes
894 1288 133 21 bostadsför-

227 1320 64 27 ening
310 1322 113 25 gentemot
437 1320 94 21 medlem
546 1320 40 20 och
602 1320 246 26 bostadsrättsförening
862 1320 113 25 gentemot
989 1318 38 20 bo-

227 1350 200 20 stadsrättshavare
441 1352 58 18 samt
511 1351 36 19 att
559 1356 84 14 samma
653 1350 163 20 bestämmelser
824 1351 56 19 även
892 1349 60 20 skola
963 1348 63 26 gälla,

228 1380 27 20 då
270 1380 38 20 det
322 1382 24 18 är
360 1380 61 27 fråga
437 1386 35 14 om
488 1380 222 26 bostadsaktiebolag,
726 1385 47 15 som
788 1381 53 19 utan
856 1378 171 27 hyreskontrakt

228 1410 101 26 upplåter
342 1410 126 27 lägenheter
481 1410 34 20 till
529 1410 47 20 sina
590 1409 141 27 aktieägare).

213 1469 43 21 RD
266 1470 98 19 anhåller
373 1476 36 13 om
419 1469 117 27 utredning
545 1475 49 21 ang.
605 1476 26 13 en
641 1469 93 20 revision
744 1475 29 14 av
783 1469 26 20 de
819 1469 7 20 i
837 1468 24 21 17
871 1469 51 26 kap.
932 1468 14 20 4
955 1469 10 25 $
975 1468 53 20 han-

228 1499 125 20 delsbalken
364 1499 65 27 givna
440 1499 162 20 föreskrifterna
613 1505 36 14 om
659 1499 144 20 förmånsrätt
812 1499 35 20 för
856 1498 100 20 arbetare
965 1504 29 14 m.
1004 1498 23 20 fl.

227 1529 41 20 och
280 1529 44 20 vad
337 1529 89 20 därmed
439 1529 43 20 kan
495 1531 40 24 äga
548 1529 113 20 samband.

256 1565 22 17 Se
291 1565 35 17 ock
339 1565 109 21 Aktiebolag
462 1565 60 19 (1937:
531 1565 24 20 2);
568 1565 115 21 Inteckning;
696 1565 94 20 Konkurs;
804 1564 62 17 Lunds
879 1564 109 21 domkyrka.

184 1613 324 31 FÖRMÖGENHETSSKATT;
524 1625 22 14 se
562 1619 155 26 Bevillningar;
736 1619 111 26 Taxering.

184 1673 144 30 FÖRNAMN;
341 1684 23 15 se
376 1679 157 24 Almanackan;
548 1678 123 27 Dopnamn;
684 1678 167 27 Namngivning.

185 1732 161 26 FÖRNYELSE
367 1738 37 20 AV
423 1738 177 25 INTECKNING;
621 1745 22 14 se
664 1738 125 26 Inteckning
804 1738 65 26 (spec.
887 1737 60 21 1934:
959 1736 68 27 3—4);

216 1768 244 26 Inteckningsförnyelse.

184 1822 286 31 FÖRNYELSEFONDER;
486 1834 22 14 se
522 1828 102 20 Marinen
637 1827 70 27 (1938:
720 1828 40 25 37);
773 1827 128 27 Skogsväsen
914 1826 70 27 (1931:
995 1828 32 22 22;

232 1857 60 20 1932:
305 1857 40 26 19).

184 1911 253 26 FÖRNÖDENHETER.

213 1946 76 20 Såsom
307 1946 219 27 kapitalinvestering
543 1947 7 20 i
569 1947 80 20 fonden
664 1947 34 20 för
712 1947 69 26 förlag
795 1946 33 20 till
842 1946 134 20 statsverket
990 1951 38 14 an-

226 1976 59 20 visas
298 1976 33 20 till
345 1976 165 27 förlagskapital
524 1977 34 20 för
571 1977 67 26 inköp
652 1983 28 14 av
694 1976 169 21 förnödenheter
876 1982 29 14 m.
914 1981 30 15 m.
959 1975 12 21 å
985 1975 43 20 till-

226 2006 107 26 läggsstat
348 2006 8 20 I
370 2008 34 18 ett
416 2006 75 27 anslag
504 2013 28 14 av
547 2006 25 20 10
580 2006 41 20 000
630 2006 41 20 000
684 2006 32 20 kr.
730 2006 35 26 (r).

254 2042 23 17 Se
286 2042 34 17 ock
330 2042 152 21 Förfogandelag;
492 2043 94 17 Jordbruk
594 2043 54 20 (1940
656 2042 23 17 U:
686 2042 24 21 4);
717 2042 137 17 Polisväsendet
861 2042 60 21 (1932:
928 2041 23 21 2);
959 2041 68 17 Rekvi-

229 2066 104 21 sitionslag.

1056 315 26 21 År

1108 261 56 18 Kungl.|

1111 291 54 19 Maj:ts]

1110 324 51 15 Ppropir

1118 351 37 15 eller

1176 283 92 17 Motioner

1322 235 98 17 Utskotts-

1312 265 118 20 utlåtanden,

1295 296 96 16 memorial
1403 295 44 17 eller

1305 325 133 17 betänkanden

1493 235 56 17 Riks-

1486 265 69 21 dagens

1496 295 47 17 skri-

1489 325 60 17 velser

1617 253 116 18 Kamrarnas

1605 284 141 20 förhandlingar

1631 313 88 21 (prot.nr)

1110 381 56 14 skriv:rj

1178 390 34 17 FK

1230 391 36 16 AK
1368 396 90 16 Nummer

1286 379 17 50 Saml

1328 378 17 50 Avd.

1475 391 91 17 Nummer

1589 379 67 17 Första

1588 403 70 17 kamm.

1692 380 65 17 Andra

1689 403 71 18 kamm.

1046 928 53 20 1940

1046 1017 53 21 1940/

1045 1231 54 21 1936

1045 1469 53 20 1938

1118 480 39 20 107

1123 1018 27 20 21

1123 1945 27 21 69

1191 1469 26 20 34

1240 477 47 35 =]
1295 477 51 35 971
1409 480 26 20 33

1234 927 39 21 142]
1294 928 13 21 9)
1337 928 8 20 1
1409 929 26 20 37

1231 1230 41 21 472]
1293 1231 13 20 91.1
1408 1233 26 19 28

1245 1464 46 36 JAR
1308 1468 37 21 ST
1410 1470 23 20 T

1516 1018 26 20 50

1514 1469 27 20 96

1515 1946 26 20 85

1591 481 34 20 30:
1636 483 24 18 61

1592 928 33 20 30:
1636 931 24 18 63

1591 1232 33 20 20:
1636 1234 24 17 40

1592 1469 32 20 18:
1635 1472 24 17 42

1591 1946 33 20 20:
1635 1949 10 17 6

1679 481 33 20 33:
1723 483 25 18 56

1678 930 33 20 33:
1722 931 25 18 63
1758 930 12 20 d

1680 1019 67 20 12:10

1678 1233 33 20 20:
1723 1235 24 18 70

1680 1471 30 20 18:
1722 1473 25 17 69

1677 1947 92 20 21:17
1751 1943 17 33 d
