1849 2357
773 158 222 18 SAKREGISTER

1644 157 40 19 669

99 451 120 21 Hästaveln.

140 481 211 26 amorteringstiden;
372 482 104 19 skolande
495 481 37 20 vid
552 481 176 20 bestämmandet
747 487 28 13 av
795 481 41 20 den
857 480 33 20 del
909 486 28 14 av

140 511 92 20 fondens
242 511 139 26 avkastning,
392 517 47 14 som
449 511 81 26 årligen
541 511 54 20 skall
605 511 107 23 fonderas,
723 510 83 27 jämväl
816 511 33 19 ett
859 510 78 26 belopp

140 541 155 20 motsvarande
312 547 26 14 en
355 541 83 20 tiondel
455 547 28 14 av
500 541 111 20 beräknad
628 541 63 20 ränta
709 540 11 20 å
739 540 37 20 det
792 540 33 20 för
842 539 95 21 nämnda

140 570 102 20 ändamål
258 570 103 20 utlånade
376 571 102 25 beloppet
493 570 73 26 läggas
581 570 32 20 till
629 570 87 20 fonden.

100 626 11 16 9
127 624 41 19 RD
181 624 117 26 medgiver,
312 625 34 19 att
358 624 33 20 för
403 620 66 30 inköp
482 624 33 20 för
526 625 84 18 statens
623 623 163 26 hingstdepåers
798 623 39 20 och
850 623 88 20 stuteris

140 654 92 25 räkning
240 660 27 13 av
276 654 159 25 avelshingstar
442 659 28 14 av
479 653 134 21 nordsvensk
621 659 35 14 ras
664 653 34 20 må
708 659 27 14 av
744 652 193 21 stuteriväsendets

140 683 51 20 fond
208 683 113 20 användas
337 685 32 18 ett
385 683 78 26 belopp
479 689 28 14 av
522 682 27 21 70
557 683 41 19 000
613 683 32 20 kr.

88 740 22 16 10
125 737 40 20 Till
179 739 85 18 statens
279 737 153 26 hingstdepåer
445 737 40 20 och
499 737 84 20 stuteri:
598 736 158 27 överflyttning
769 742 28 14 av
811 736 54 20 visst
879 736 59 20 häst-

139 767 101 20 material
257 767 87 20 anvisas
362 767 12 20 å
393 767 131 25 tilläggsstat
544 767 20 19 II
583 766 32 20 till
633 766 117 20 riksstaten
769 768 32 18 ett
818 766 75 26 anslag
910 771 28 14 av

140 796 72 20 21000
224 796 32 20 kr.

168 833 22 16 Se
204 833 34 16 ock
256 833 131 17 Ardennerras;
406 833 192 20 Lantbruksstyrelsen
616 832 67 18 (1933);
698 832 129 17 Stuteriväsen:
840 832 97 16 Tulltaxan

143 856 60 20 (1934:
212 858 26 18 24;
254 856 50 17 1938:
313 856 23 21 3).

99 900 178 29 HÄSTHAGEN:
294 911 22 13 se
331 905 120 24 Järnvägar
468 904 70 24 (1934:
550 905 26 23 4).

99 959 215 24 HÄSTHANDELN.

127 993 41 19 RD
185 993 103 23 anhåller,
305 995 35 18 att
358 993 62 20 KM:t
436 993 50 20 ville
502 995 50 24 taga
571 993 67 20 under
655 993 157 26 övervägande,
830 992 107 20 huruvida

140 1023 38 19 och
193 1023 5 19 i
210 1023 43 20 vad
266 1023 51 20 mån
329 1023 102 26 åtgärder
442 1023 73 20 kunna
528 1029 52 14 vara
594 1023 113 26 påkallade
719 1023 33 19 för
763 1024 35 18 att
809 1022 38 20 vid
859 1022 78 20 handel

139 1053 49 19 med
205 1053 74 19 hästar
295 1053 66 20 vinna
377 1054 68 18 större
461 1053 98 20 säkerhet
578 1059 34 13 om
629 1053 87 25 djurens
732 1052 65 20 ålder.

98 1107 199 29 HÄSTHOLMEN:
312 1119 21 13 se
348 1112 78 20 Armén
442 1112 69 26 (1939:
524 1114 40 23 71).

98 1166 187 30 HÄSTIMPORT,
296 1171 153 21 förhindrande
460 1178 26 14 av
498 1172 50 19 viss:
560 1178 21 13 se
598 1172 176 26 Interpellationer
786 1171 69 26 (1936:
868 1171 39 25 32).

98 1226 83 24 HÄST-
195 1231 55 20 OCH
264 1231 440 20 FORDONSANSKAFFNINGSLAGEN.

125 1260 43 20 RD
182 1262 91 25 antager
286 1261 80 26 förslag
379 1261 33 20 till
426 1261 34 26 lag
474 1267 35 14 om
523 1261 140 26 anskaffning
676 1267 28 14 av
718 1261 74 20 hästar
806 1260 39 20 och
859 1259 77 21 fordon

139 1290 33 20 för
184 1291 160 25 krigsmaktens
356 1291 107 20 ställande
475 1291 27 26 på
515 1291 92 26 krigsfot
619 1291 68 25 (häst-
699 1291 40 19 och
751 1289 186 21 fordonsanskaff-

139 1320 113 26 ningslag);
265 1321 39 19 och
316 1321 143 26 bemyndigar
471 1320 42 20 RD
525 1321 63 19 KM:t
599 1322 34 19 att
644 1320 33 20 för
687 1326 74 14 senare
773 1320 99 20 halvåret
884 1320 52 19 1934

140 1350 4 19 i
161 1352 76 18 ämnet
253 1350 99 20 meddela
370 1351 26 19 de
413 1350 105 20 särskilda
535 1350 170 22 bestämmelser,
723 1356 45 14 som
785 1350 36 20 må
838 1349 99 20 befinnas

138 1379 145 27 erforderliga.

125 1433 42 20 RD
178 1434 72 19 avslår
259 1434 108 19 motioner
377 1440 35 13 om
423 1434 56 20 vissa
490 1434 132 25 ändringar
606 1429 23 35 i
633 1434 58 20 häst-
702 1434 38 19 och
752 1433 185 20 fordonsanskaff-

140 1463 125 26 ningslagen
281 1469 29 14 m.
320 1469 28 14 m.

166 1499 22 16 Se
202 1500 33 15 ock
249 1500 106 20 Ersättning
369 1500 53 20 (1939
431 1500 30 20 U);
476 1500 143 20 Förfogandelag
633 1500 67 19 (1939).

98 1547 296 26 HÄSTPREMIERINGAR.

125 1582 81 26 Avslag
219 1583 12 19 å
244 1583 83 20 motion
340 1588 49 21 ang.
403 1588 148 21 noggrannare
564 1583 133 20 föreskrifter
710 1583 32 20 för
755 1582 129 20 ordförande
897 1583 39 19 och

140 1612 81 20 nämnd
235 1612 37 20 vid
287 1613 26 19 de
327 1613 65 25 årliga
408 1613 239 26 hästpremieringarna.

97 1666 190 30 HÄSTTULLEN;
304 1679 21 13 se
345 1673 111 20 Tulltaxan
474 1672 69 25 (1933:
556 1676 16 17 9;
592 1672 58 20 1934:
663 1675 30 18 24;
713 1672 58 20 1938:
784 1673 26 24 3).

97 1726 377 26 HÄSTUTSKRIVNINGSLAGEN.

125 1760 42 21 RD
181 1761 85 20 bifaller
278 1768 69 20 prop.,
361 1762 6 19 i
379 1762 44 20 vad
436 1762 41 20 den
490 1762 120 20 innefattar
622 1762 79 26 förslag
713 1762 33 20 till
759 1762 34 26 lag
806 1767 34 14 om
854 1761 83 21 ändrad

139 1790 81 26 lydelse
234 1797 28 14 av
276 1791 13 20 8
304 1792 40 19 och
359 1792 12 19 9
385 1792 21 25 $$
420 1791 7 20 i
441 1792 62 26 lagen
518 1792 41 20 den
574 1792 12 19 2
600 1792 40 25 juli
656 1792 52 19 1915
723 1792 35 25 (nr
771 1791 50 26 261)
836 1796 48 21 ang.
899 1797 38 14 an-

139 1820 115 20 skaffande
271 1827 28 14 av
316 1821 76 20 hästar
408 1822 40 19 och
465 1821 77 20 fordon
559 1822 33 19 för
608 1821 160 26 krigsmaktens
786 1821 107 20 ställande
910 1821 27 26 på

139 1850 92 25 krigsfot
246 1850 287 27 (hästutskrivningslagen).

98 1900 434 39 HÄSTUTTAGNINGSNÄMNDERNA;
556 1918 21 12 se
599 1911 77 20 Armén
698 1911 111 23 (1931:12;
835 1911 59 19 1933:
906 1912 30 19 37;

127 1939 59 20 1934:
200 1941 29 20 13;
248 1940 59 20 1935:
320 1942 16 20 7;
354 1940 59 20 1939:
426 1942 30 22 23;
473 1940 60 20 1940:
545 1941 39 24 34).

97 1993 45 25 HÖ:
158 1998 85 20 frakten
258 1999 12 20 å
285 2002 81 17 statens
380 2000 116 26 järnvägar
510 2006 35 16 av;
561 2006 21 14 se
597 2000 120 25 Järnvägar
732 2000 69 25 (1936:
814 2000 40 25 21);
870 1999 67 21 frakt-

124 2027 92 27 lindring
232 2028 35 20 vid
283 2032 73 23 export
371 2035 36 18 av;
423 2036 22 13 se
460 2029 106 21 Jordbruk
581 2029 70 26 (1938:
665 2031 39 24 18);
720 2029 67 20 tullen
803 2030 21 24 å;
840 2035 21 14 se
881 2029 57 21 Tull-

125 2059 63 19 taxan
200 2058 70 26 (1931:
283 2060 16 20 5;
314 2059 59 20 1932:
386 2060 25 25 4);
424 2059 91 20 skörden
527 2065 35 18 av:
574 2065 21 14 se
610 2059 178 26 Interpellationer
799 2059 64 26 (1940
872 2059 26 20 U:
912 2059 24 26 1).

1218 231 109 31 Utskotts-
1400 236 54 16 Riks-

1006 258 66 34 Kungl.
1126 283 3 4 >
1209 259 128 33 utlåtanden,
1379 259 83 33 dagens
1521 250 118 42 Faunrarnas

1019 292 53 18 Maj:ts]
1085 283 91 16 Motioner
1203 295 95 17 ismorial
1311 295 43 17 ellér
1404 295 45 16 äre
1511 283 140 20 förhandlingar

965 316 26 20 År
1019 325 51 14 Iprop:r
1214 326 132 16 betänkanden
1387 320 69 32 velser
1537 313 88 20 (protnt)

1017 347 46 27 eller
1206 372 5 4 -

1019 381 54 15 skriv:rå
1094 396 4 6 n
1195 378 57 19 tl5
1496 380 67 16 Första
1570 374 21 33 |
1600 379 64 16 Andra

1087 391 86 17 FKIAK
1194 385 17 44 ä
1236 398 16 30 &
1276 392 90 16 Nummer]
1383 392 91 16 Nummer]
1496 403 69 16 kamm.
1567 388 27 35 |
1597 403 69 16 kamm.

1130 452 1 10 |
1266 446 1 13 |
1580 445 1 11 |

1130 466 1 16 |
1266 461 1 10 |
1580 458 1 27 |

952 480 55 21 1940
1130 489 1 23 |
1267 495 1 24 |
1580 490 1 16 I

1267 524 1 14 I

1130 546 1 28 |
1267 540 1 29 |

1039 624 12 5 5
1130 610 1 5 |
1225 600 43 30 Se
1424 624 11 5 å

955 623 53 20 1940]
1027 624 38 19 179
1094 621 37 72 a
1216 622 52 63 a
1317 624 24 19 24
1412 624 38 19 172
1473 617 45 42 122:
1530 626 24 17 79
1581 624 73 31 124:
1623 617 35 42 73

1581 657 1 25 |

1130 694 1 25 |
1226 686 1 26 |
1581 688 1 45 |

955 736 53 20 1940]
1025 736 40 20 293]
1094 722 37 46 —|
1148 736 121 27 —]10/—]
1317 737 26 20 57
1352 718 35 54 |
1410 737 40 19 410
1485 737 33 19 135:
1532 739 35 17 125
1586 737 32 19 |39:
1631 739 23 16 27

1130 775 1 32 |
1581 775 1 17 I

1130 808 1 17 |
1226 816 1 8 |
1581 800 1 22 |

1130 844 1 12 I
1226 834 1 18 |

1130 862 1 21 |
1226 855 1 46 |
1581 863 1 17 |

1226 904 1 10 I
1267 908 1 6 I
1581 894 1 20 I

1226 952 1 21 SS
1581 935 1 41 |

957 992 51 21 1938]
1026 964 33 65 —
1058 964 34 65 |
1093 1004 28 3 —
1140 968 128 56 321l10]—]
1317 993 26 20 58
1351 964 33 65 |
1409 993 40 20 203
1485 993 68 20 28:88
1586 993 92 21 28120

1130 1037 1 27 |
1225 1034 43 28 [el
1581 1042 1 13 |

1581 1071 1 23 |

1266 1097 1 17 I

1266 1117 1 14 I
1581 1113 1 11 I

1266 1162 1 6 |
1581 1152 1 12 |

1266 1225 2 30 |
1581 1208 1 26 |

954 1260 53 20 1934]
1026 1261 38 20 110]
1093 1273 27 2 —|
1152 1273 22 1 —I
1201 1262 12 19 91
1242 1257 100 25 21-15
1410 1261 129 19 133:-:120:-6
1548 1256 14 34 -
1585 1261 69 20 -121::55

1224 1322 43 38 =
1581 1326 1 33 |

1224 1354 2 19 I
1580 1360 2 11 I

1224 1371 43 28 Fra]
1581 1381 1 16 |

1224 1399 2 6 las

955 1433 52 20 19401
1031 1446 28 2 —
1061 1425 25 40 |
1099 1433 27 20 80|
1142 1435 38 20 145]
1201 1435 25 19 9|
1246 1429 21 27 11
1316 1435 26 19 42
1420 1446 10 1 -
1485 1434 32 19 32:
1529 1435 24 17 26
1566 1418 52 94 -
1630 1436 22 17 51
1665 1434 13 20 d

1266 1555 2 17 |
1581 1554 1 6 |

954 1582 53 21 1933]
1031 1594 27 2 —
1061 1578 27 35 |
1093 1595 27 2 —
1139 1583 40 20 13151
1197 1583 24 19 10
1256 1583 11 43 |
1316 1583 26 20 57
1436 1580 10 16 =
1465 1576 52 36 128:
1528 1584 25 17 38
1579 1564 39 53 130:
1630 1584 23 17 88

1224 1738 2 18 I

955 1761 52 20 1933]
1027 1762 37 20 103
1069 1757 18 35 |
1093 1774 27 2 —
1119 1757 14 35 |
1158 1773 16 2 —
1201 1759 25 33 9]
1243 1763 24 34 21
1318 1763 23 18 16
1410 1762 38 19 105.
1484 1760 33 20 J23:
1529 1764 9 15 2
1550 1760 12 20 d
1580 1761 38 31 |25:
1629 1764 25 16 39

1266 1804 1 29 |

1224 1842 2 22 |
1266 1834 1 52 |
1580 1798 1 74 |

1225 1874 1 16 I
1580 1874 1 14 I

1266 1888 1 23 ö
1580 1890 1 26 |

1266 1914 1 19 I

1266 1934 1 16 |
1580 1920 1 32 |

1225 1934 1 58 |
1266 1953 1 57 |
1580 1970 1 24 |

1580 1998 1 4 |
