1806 2336
64 2154 22 17 23

749 66 222 33 SAKREGISTER
1622 72 36 19 161

1121 162 88 17 Motioner
1275 158 70 30 Utskott
1429 175 4 3 2
1511 163 90 17 Protokoll

987 182 24 20 År
1008 178 18 34 |
1035 186 52 21 Prop.
1394 175 57 40 FN

1117 216 30 16 FK
1150 211 23 30 |
1182 216 32 16 AK
1236 215 85 18 ISmllAvd|
1346 216 25 16 Nr
1492 217 29 16 FK
1590 217 32 16 AK

80 256 274 25 Bostadsproduktionen

96 291 10 14 3
125 286 9 19 I
148 286 46 20 anl.
209 291 28 14 av
251 286 26 19 K.
292 286 57 20 M:ts
363 285 202 26 framställningar
579 286 45 20 rör.
637 285 272 25 bostadsförsörjningen
923 285 43 20 och
959 281 13 34 |
989 286 29 22 591
1036 289 34 19 1:7
1127 289 27 20 721
1192 288 28 21 341
1261 289 13 19 6)
1296 301 25 2 —|
1351 289 145 20 491145111:
1512 289 84 20 25dl11:
1612 289 40 20 30d

123 315 8 20 i
147 316 80 19 ämnet
241 315 85 20 väckta
342 316 114 19 motioner
472 317 61 19 samt
548 315 64 20 RD:s
628 315 125 21 revisorers
768 315 137 20 uttalanden
921 316 45 19 rör.
1033 323 56 15 84-93]
1126 319 28 19 82]
1192 319 28 19 99

124 345 259 25 egnahemsbyggandet
397 345 29 25 på
440 345 159 25 landsbygden
613 345 43 20 och
670 351 120 14 samernas
803 345 163 25 bostadsfråga
1036 348 49 20 1:26
1089 342 18 34 |
1113 348 41 20 114
1153 342 22 34 |
1179 348 41 20 100

124 374 103 21 besluter
243 374 39 21 RD
300 375 44 20 rör.
362 375 119 20 allmänna
496 375 102 25 grunder
613 375 37 20 för
664 375 210 24 bostadspolitiken
890 380 30 15 m.
936 381 29 13 m.
1038 382 50 19 4,5,9
1104 378 51 19 |-117
1157 372 18 33 |
1178 378 43 20 106

123 404 44 20 och
177 404 94 21 anvisar
280 404 35 20 till
325 404 290 25 kapitalmedelsförluster
624 405 44 20 och
677 404 197 26 ränteeftergifter
883 404 13 20 å
905 404 62 21 vissa
1111 408 44 20 206
1152 401 21 33 |
1178 408 42 19 156

125 434 258 25 bostadsbyggnadslån
425 434 41 20 150
476 434 41 20 000
527 434 42 21 000
610 434 42 24 kr.,
691 434 36 20 till
767 434 199 21 bostadsrabatter
1110 437 113 21 2091-160

127 464 40 20 140
176 463 43 21 000
228 464 42 20 000
285 464 42 23 kr.,
342 464 35 20 till
391 464 82 25 bidrag
487 464 35 20 till
536 464 47 20 viss
597 464 369 25 bostadsförbättringsverksam-
1111 467 42 20 212
1155 461 16 32 |
1176 467 41 20 261

125 493 40 20 het
181 493 27 20 13
217 493 42 20 000
269 493 42 21 000
327 493 42 24 kr.,
385 493 35 20 till
436 493 81 26 bidrag
532 494 35 20 till
583 494 133 20 inrättande
731 500 28 14 av
774 494 192 25 pensionärshem
1176 497 44 20 264

126 523 26 20 10
162 523 42 20 000
213 523 42 20 000
267 523 35 20 kr.
312 523 44 20 och
366 523 35 20 till
412 523 81 25 bidrag
503 523 35 20 till
549 523 46 21 viss
606 523 305 26 upplysningsverksamhet
921 525 45 19 rör.
1176 527 43 19 265

125 552 231 25 byggnadstekniska
372 552 78 26 frågor
466 553 27 20 25
503 552 42 21 000
561 553 45 23 kr.;
623 553 43 20 och
682 553 116 25 medgiver
814 553 46 24 RD,
876 554 34 20 att
925 559 41 14 un-
1176 556 42 20 267

125 582 40 20 der
182 582 138 25 budgetåret
339 582 91 20 1959/60
447 582 151 25 preliminära
614 582 77 21 beslut
708 588 51 20 ang.
777 582 45 24 lån,
840 589 50 14 som
907 583 59 20 skall
1176 586 43 20 269

125 611 56 26 utgå
197 611 54 21 från
268 611 141 21 lånefonden
426 612 37 20 för
478 612 224 25 bostadsbyggande,
719 612 37 20 må
772 613 117 20 meddelas
905 613 61 20 intill

126 642 33 20 ett
171 641 84 25 belopp
268 647 29 15 av
310 641 41 21 755
361 642 42 20 000
413 642 41 20 000
468 641 34 21 kr.
516 642 43 20 och
572 642 93 20 anvisar
677 642 35 20 till
726 642 140 21 lånefonden
880 642 36 21 för
928 642 39 21 bo-

126 671 187 25 stadsbyggande
326 671 41 20 700
377 671 41 21 000
428 671 42 20 000
483 671 34 20 kr.
530 672 43 20 och
585 672 34 20 till
632 672 141 20 lånefonden
785 672 36 20 för
833 672 134 20 maskinan-

126 700 122 26 skaffning
263 700 64 20 inom
342 701 253 25 byggnadsindustrien
612 702 41 20 100
669 702 44 23 kr.;
730 702 43 19 och
788 702 116 25 medgiver
920 702 46 24 RD,

126 731 34 19 att
176 730 75 20 under
266 730 138 25 budgetåret
421 730 91 21 1959/60
528 731 151 24 preliminära
695 731 76 21 beslut
787 737 51 19 ang.
855 732 45 23 lån,
917 738 49 14 som

125 760 59 20 skall
201 760 56 25 utgå
272 760 53 20 från
341 760 105 25 anslaget
461 760 34 20 till
512 760 112 21 räntefria
640 760 38 20 lån
693 761 35 20 till
743 761 223 26 bostadsbyggande,

126 789 38 20 må
179 789 118 20 meddelas
312 790 60 19 intill
387 791 33 19 ett
434 790 83 25 belopp
532 796 28 14 av
573 790 27 20 80
611 790 41 20 000
662 791 42 20 000
719 790 34 21 kr.
767 791 43 20 och
824 791 94 20 anvisar
932 791 34 20 till

125 818 114 21 räntefria
257 819 39 20 lån
314 819 35 20 till
367 819 217 25 bostadsbyggande
603 819 40 21 120
654 820 41 20 000
704 820 42 20 000
764 820 34 20 kr.
816 821 43 19 och
876 821 35 20 till
928 821 39 19 bo-

125 848 191 26 stadsstyrelsen:
338 849 137 25 avlöningar
494 849 64 20 4080
567 849 42 21 500
629 849 45 24 kr.;
695 850 43 20 och
757 850 152 25 bemyndigar
928 850 39 20 RD

125 878 27 20 K.
170 878 45 20 M:t
232 879 35 19 att
283 878 13 20 å
314 878 288 26 personalförteckningen
619 879 37 20 för
673 879 294 21 länsbostadsnämnderna

125 907 101 25 uppföra
243 908 136 25 ytterligare
395 908 13 20 3
425 908 101 25 tjänster
543 914 50 14 som
611 909 188 20 kontorsbiträde
816 910 7 19 i
840 910 33 20 Ao
883 910 23 24 5;
924 910 43 20 och

126 937 93 20 anvisar
232 937 39 20 RD
283 937 35 20 till
331 937 305 22 länsbostadsnämnderna:
650 939 136 25 avlöningar
798 939 63 20 4488
871 939 42 21 000
925 939 41 24 kr.,

125 967 35 20 till
176 967 222 25 bostadsstyrelsen:
414 968 166 20 omkostnader
595 968 42 20 948
646 968 42 20 000
704 968 41 24 kr.,
760 968 34 20 till
810 969 157 20 länsbostads-

125 997 157 20 nämnderna:
299 997 167 20 omkostnader
481 997 42 20 676
532 997 42 20 000
590 997 34 21 kr.
640 998 43 20 och
698 998 35 20 till
750 998 167 21 förberedelser
932 999 33 20 till

125 1032 29 14 en
164 1026 198 26 bostadsräkning
372 1026 42 21 300
424 1027 41 20 000
477 1027 34 20 kr.

97 1061 10 14 4
126 1056 39 20 RD
181 1056 78 20 avslår
273 1056 115 20 motioner
403 1061 51 20 ang.
470 1056 153 21 överförande
638 1063 28 14 av
680 1057 136 26 privatägda
831 1058 136 25 flerfamiljs|
990 1057 30 22 59)
1060 1071 26 2 —1|
1127 1059 92 20 97/132|]
1247 1060 24 19 11]
1296 1071 26 2 —
1353 1059 27 20 16]
1420 1060 76 20 —1H2:
1512 1060 141 20 s89d/12:109d

125 1085 117 26 hyreshus
252 1086 7 20 i
269 1086 87 20 allmän
367 1086 49 25 ägo,
426 1092 30 14 m.
467 1092 29 15 m,

126 1139 39 20 RD
182 1139 77 20 avslår
275 1140 115 20 motioner
406 1146 38 14 om
459 1140 151 26 besparingar
627 1141 36 20 för
678 1141 136 25 budgetåret
831 1142 90 20 1959/60
938 1142 29 25 på|
990 1140 30 21 59)
1060 1142 160 20 —1531/643]
1261 1143 13 19 6)
1296 1154 26 2 —I
1337 1143 42 19 1741
1420 1143 75 20 —I129:
1511 1147 22 16 22
1561 1144 35 19 129:
1612 1148 22 15 20

125 1168 286 26 bostadsförsörjningens
424 1170 101 20 område.
989 1170 22 21 H
1111 1172 43 20 544
1155 1167 18 34 |
1177 1172 42 19 655

1112 1202 42 20 554
1156 1197 18 34 |
1177 1201 42 20 665

100 1258 6 14 1
127 1253 39 20 RD
179 1253 76 20 avslår
267 1253 115 20 motioner
394 1259 38 14 om
443 1253 82 26 bidrag
536 1254 35 20 till
583 1254 133 20 inrättande
728 1260 27 14 av
767 1254 199 25 pensionärshem.|
990 1259 29 21 60]
1060 1261 160 20 —11601236]
1261 1261 12 20 6)
1296 1273 26 2 —I
1353 1261 27 20 161
1420 1273 26 2 —L
1475 1261 20 20 4:
1511 1261 41 20 a3dl
1576 1262 20 20 4:
1612 1262 41 20 a44d

1370 1295 10 15 2

98 1320 10 14 2
127 1315 39 20 RD
177 1315 117 25 medgiver
305 1316 34 20 att
348 1316 75 20 under
433 1316 137 25 budgetåret
581 1316 91 21 1959/60
682 1316 151 25 preliminära
843 1317 76 20 beslut
929 1323 38 13 om
960 1311 23 35 |
991 1318 28 22 60]
1036 1320 36 20 2:4
1128 1330 26 3 —]I
1193 1330 25 3 —I
1261 1320 13 20 6
1296 1332 26 2 —|
1353 1321 27 19 161
1417 1321 28 20 581
1475 1321 20 20 4:
1511 1325 22 15 20
1544 1315 22 33 |
1576 1321 20 20 4:
1612 1326 22 15 48

126 1344 46 24 lån,
190 1351 50 14 som
258 1345 59 20 skall
335 1345 56 25 utgå
408 1345 53 20 från
479 1345 140 21 lånefonden
636 1346 37 20 för
689 1346 223 25 bostadsbyggande,
930 1346 37 20 må
1060 1354 7 15 1
1370 1355 10 14 3

127 1374 117 20 meddelas
255 1375 61 20 intill
328 1376 32 19 ett
370 1375 83 25 belopp
464 1381 28 14 av
502 1375 42 20 805
554 1376 42 20 000
605 1375 42 21 000
658 1376 34 20 kr.
703 1376 43 20 och
757 1376 93 20 anvisar
860 1377 34 19 till
906 1376 61 20 låne-

127 1403 87 21 fonden
228 1404 36 20 för
277 1404 217 25 bostadsbyggande
508 1405 12 20 å
533 1405 140 25 tilläggsstat
686 1405 21 20 II
721 1405 40 20 150
771 1405 41 20 000
823 1406 41 20 000
877 1406 35 20 kr.

98 1439 9 14 3
125 1433 45 20 Till
187 1434 113 20 räntefria
317 1433 38 21 lån
371 1434 34 20 till
422 1434 217 26 bostadsbyggande
654 1435 93 20 anvisas
763 1435 13 20 å
791 1436 141 25 tilläggsstat
947 1436 19 20 II|
990 1437 29 21 60]
1036 1439 36 19 2:4
1130 1451 26 2 —|!
1195 1450 26 2 —I
1261 1439 13 20 6
1296 1451 25 2 —
1353 1439 26 20 161
1417 1440 28 19 581
1475 1439 20 20 4:
1511 1444 22 15 30
1538 1435 26 33 |
1576 1440 20 20 4:
1613 1444 21 15 54

126 1463 27 20 25
163 1463 42 20 000
214 1463 42 21 000
267 1464 35 19 kr.
1058 1473 10 15 2
1370 1474 10 14 4

98 1499 10 14 4
126 1493 39 20 RD
183 1493 136 25 godkänner
337 1494 127 25 ändringar
480 1494 7 20 i
504 1493 287 26 byggnadsforskningens
809 1495 157 25 organisation]
990 1496 29 22 60)
1038 1498 33 20 1:7
1130 1510 26 2 ST
1261 1499 117 19 RÖTA
1432 1499 63 20 517:
1512 1504 21 15 40
1541 1493 26 33 |
1577 1500 19 19 7:
1613 1504 21 15 78

125 1523 43 20 och
179 1523 94 20 anvisar
282 1523 35 20 till
327 1523 245 26 byggnadsforskning
582 1524 42 20 530
633 1524 42 20 000
686 1524 34 20 kr.
1052 1532 21 16 94
1359 1533 21 15 58

99 1558 9 14 5
127 1553 39 20 RD
182 1553 103 20 besluter
300 1553 45 20 rör.
361 1553 134 25 grunderna
511 1553 36 20 för
562 1554 44 19 den
622 1554 93 25 statliga
731 1553 61 21 låne-
807 1555 43 20 och
865 1554 103 26 bidrags-|
990 1556 29 21 60)
1037 1558 34 19 1:7
1127 1558 27 19 251
1193 1558 26 19 37]
1261 1558 13 20 6
1296 1570 25 2 —|
1351 1559 94 19 501159
1463 1559 33 19 12:
1513 1558 84 21 16dl12:
1613 1559 40 19 36d

125 1583 179 20 verksamheten
321 1583 35 20 till
375 1583 92 20 förmån
484 1583 36 20 för
536 1583 278 26 bostadsförsörjningen,
831 1590 30 14 m.
878 1590 30 14 m.
924 1584 43 20 och
1034 1592 56 15 84-93]
1127 1588 27 19 571)
1192 1588 28 19 65

126 1612 94 20 anvisar
230 1612 35 20 till
275 1612 292 25 kapitalmedelsförluster
576 1613 43 20 och
630 1613 196 26 ränteeftergifter
836 1614 13 20 å
858 1614 62 20 vissa
928 1614 39 20 bo-
1038 1617 49 20 1:27]
1127 1617 28 20 58)
1192 1617 29 20 66

126 1642 226 25 stadsbyggnadslån
364 1642 40 20 195
414 1642 42 20 000
466 1642 41 21 000
518 1643 41 23 kr.,
569 1643 34 20 till
614 1643 199 20 bostadsrabatter
824 1643 40 20 130
874 1643 41 21 000
925 1644 41 20 000
1039 1652 16 18 4,
1069 1652 16 18 5,
1096 1641 14 34 |
1114 1647 41 20 158
1156 1641 18 34 |
1179 1647 40 20 187

126 1673 42 23 kr.,
180 1673 35 20 till
227 1673 82 24 bidrag
320 1673 34 20 till
367 1672 47 21 viss
425 1672 401 25 bostadsförbättringsverksamhet
837 1673 27 20 22
874 1673 41 20 000
925 1673 42 21 000
1039 1681 16 19 9,
1069 1676 86 21 101159
1156 1670 18 34 |
1177 1676 44 20 235

127 1702 41 24 kr.,
184 1702 34 20 till
234 1702 82 25 bidrag
331 1702 34 20 till
381 1702 134 20 inrättande
530 1709 28 14 av
572 1702 192 25 pensionärshem
781 1703 25 19 10
816 1703 42 20 000
867 1703 42 20 000
925 1703 42 23 kr.,
1114 1706 41 20 160
1171 1706 51 20 |-237

125 1732 35 20 till
181 1732 82 25 bidrag
284 1732 34 20 till
340 1732 47 20 viss
408 1732 304 25 upplysningsverksamhet
733 1733 44 19 rör.
798 1732 169 25 byggnadstek-
1112 1736 43 20 239
1153 1729 21 33 |
1178 1736 41 20 301

126 1761 68 20 niska
212 1761 79 26 frågor
310 1761 40 20 100
368 1761 45 23 kr.;
432 1761 43 20 och
492 1762 117 24 medgiver
626 1761 47 24 RD,
690 1762 34 20 att
741 1762 74 20 under
831 1762 136 25 budgetåret
1112 1766 41 19 241
1157 1759 17 33 |
1178 1766 43 19 303

128 1791 88 20 1960/61
231 1791 151 24 preliminära
393 1791 77 20 beslut
480 1796 51 20 ang.
544 1791 45 23 lån,
601 1797 50 14 som
662 1791 59 20 skall
732 1791 56 25 utgå
800 1791 52 20 från
864 1792 103 19 lånefon-
1112 1795 43 20 2431
1178 1795 43 20 305

126 1820 45 20 den
194 1820 36 20 för
253 1820 224 25 bostadsbyggande,
499 1820 38 20 må
559 1821 117 19 meddelas
698 1821 61 20 intill
781 1822 33 19 ett
834 1821 84 25 belopp
940 1827 27 14 av
1112 1825 44 20 246
1155 1818 22 33 |
1179 1825 41 20 307

126 1850 42 20 865
177 1850 42 20 000
229 1850 42 20 000
294 1850 42 23 'kr.,
358 1851 93 19 anvisar
473 1851 35 19 till
531 1850 140 20 lånefonden
694 1850 36 20 för
751 1850 216 26 bostadsbyggande
1112 1855 43 19 345
1155 1847 22 33 |
1179 1855 42 19 335

126 1879 42 21 820
178 1879 42 20 000
230 1879 42 21 000
295 1880 41 23 kr.,
358 1880 34 20 till
415 1880 140 20 lånefonden
577 1880 37 20 för
635 1880 248 25 maskinanskaffning
904 1881 63 19 inom
1112 1884 43 20 349
1178 1884 44 20 1336

126 1909 253 26 byggnadsindustrien
392 1909 40 20 100
444 1909 41 24 kr.,
496 1910 124 24 medgiver,
631 1911 33 19 att
674 1910 75 20 under
758 1910 136 25 budgetåret
906 1910 62 20 1960/
1105 1914 53 20 -352
1178 1914 43 20 1435

127 1939 25 20 61
169 1939 152 25 preliminära
335 1939 76 20 beslut
425 1945 38 14 om
478 1939 45 23 lån,
538 1945 50 14 som
603 1939 59 20 skall
677 1939 55 25 utgå
746 1939 53 20 från
814 1940 104 25 anslaget
933 1940 33 20 till
1112 1944 43 20 500
1158 1937 16 32 |
1178 1944 43 19 438

127 1969 114 20 räntefria
253 1968 38 21 lån
305 1969 34 20 till
352 1969 224 25 bostadsbyggande,
588 1969 38 20 må
638 1969 117 20 meddelas
767 1970 61 20 intill
840 1970 33 20 ett
884 1969 83 25 belopp
1112 1974 41 20 501
1157 1966 17 33 |
1178 1974 43 19 439

127 2005 28 14 av
170 1999 26 20 10
206 1999 42 20 000
258 1999 41 20 000
314 1999 41 23 kr.,
369 1999 94 20 anvisar
476 1999 34 20 till
525 1999 113 20 räntefria
651 1999 38 20 lån
703 1999 34 20 till
751 1999 216 25 bostadsbyggande
1178 2003 43 20 443

127 2028 27 20 90
164 2028 41 20 000
216 2028 41 20 000
269 2028 34 20 kr.
315 2028 42 20 och
369 2028 35 20 till
415 2028 38 20 Tån
465 2028 34 21 till
511 2029 151 20 anordnande
673 2035 28 14 av
712 2029 126 20 kollektiva
848 2029 119 20 tvätterier
1178 2033 43 20 446

127 2058 41 20 700
178 2058 42 20 000
240 2058 45 23 kr.;
305 2058 43 20 och
368 2058 93 20 anvisar
480 2058 38 20 RD
537 2058 35 20 till
591 2058 221 26 bostadsstyrelsen:
832 2059 136 25 avlöningar

127 2089 13 20 4
148 2088 42 21 092
200 2088 42 21 200
261 2088 42 24 kr.,
321 2088 34 20 till
375 2088 304 20 länsbostadsnämnderna:
699 2088 136 25 avlöningar
853 2088 63 21 4676
926 2088 41 21 800
