1853 2362
812 165 135 15 SAKREGISTER

71 2067 2 14 I

95 438 125 29 Fröodling.

98 474 6 15 1

124 470 75 20 Såsom
223 470 75 27 bidrag
316 471 33 20 för
367 471 55 21 1924
439 472 33 20 till
487 472 97 26 åtgärder
598 473 34 19 för
648 473 139 20 befordrande
803 480 26 14 av
845 473 41 21 den
902 474 29 19 in-

139 500 90 20 hemska
245 500 99 27 odlingen
361 508 26 14 av
403 502 32 20 frö
451 509 26 13 av
493 502 124 25 vallväxter,
633 502 177 21 foderrotfrukter
821 503 38 20 och
871 503 60 21 köks-

139 531 74 19 växter
232 531 84 21 anvisas
331 531 33 20 för
381 531 123 27 budgetåret
521 531 126 29 1924/1925
663 535 31 18 ett
709 535 60 18 extra
785 534 146 20 reservations-

139 560 74 25 anslag
229 567 25 14 av
271 561 27 20 20
308 561 42 20 000
366 562 31 19 kr.

96 629 9 15 2
124 625 10 19 I
150 625 113 21 riksstaten
287 626 32 20 för
338 626 125 26 budgetåret
483 626 125 28 1924/1925
625 630 104 24 upptages
744 628 68 20 under
827 629 105 26 egentliga

93 2000 9 15 -

139 655 171 21 statsinkomster
321 656 95 26 följande
427 657 142 21 inkomsttitel
582 657 100 21 sålunda:
692 658 117 20 inkomster
817 665 26 14 av
852 661 79 18 statens

139 685 93 20 centrala
248 686 206 21 frökontrollanstalt
470 687 27 20 65
509 687 41 20 100
561 687 38 24 kr.;
612 688 38 19 och
663 688 84 20 anvisar
758 688 37 20 RD
807 688 32 20 för
849 695 83 13 samma

139 714 103 27 budgetår
257 715 46 21 dels
319 716 33 20 till
362 716 121 21 inrättande
494 723 26 14 av
531 719 80 18 statens
622 717 94 20 centrala
726 718 206 20 frökontrollanstalt

138 746 30 18 ett
184 746 60 19 extra
259 745 74 26 anslag
352 753 25 14 av
394 746 80 21 51000
490 746 39 25 kr.,
541 746 45 21 dels
598 747 33 20 till
643 747 158 26 uppehållande
812 755 25 13 av
849 755 83 14 samma

137 774 89 21 anstalts
249 775 136 21 verksamhet
401 778 31 19 ett
450 778 60 19 extra
528 776 164 27 förslagsanslag
708 784 26 13 av
750 777 27 20 65
788 777 41 21 100
846 778 38 25 kr.,
901 780 31 18 att

137 805 50 25 utgå
203 805 6 19 i
225 805 67 20 första
311 805 58 21 hand
389 812 25 15 av
431 806 118 21 inkomster
564 813 26 14 av
606 807 117 25 anstalten;
739 808 39 20 och
795 808 84 20 anvisar
894 808 37 20 RD

136 834 33 20 för
194 834 125 26 budgetåret
344 835 125 28 1924/1925
493 836 34 20 till
543 836 116 21 understöd
680 837 50 20 med
745 837 62 26 högst
827 838 9 19 1
848 837 42 21 000
902 838 30 20 kr.

137 864 33 20 för
192 865 59 26 varje
267 865 80 20 anstalt
364 866 22 20 åt
402 866 80 20 sådana
499 866 236 26 frökontrollanstalter,
754 874 46 13 som
819 874 26 14 av
863 868 68 20 lands-

136 894 46 25 ting
193 893 52 21 eller
255 894 254 28 hushållningssällskap,
521 898 46 19 vart
578 896 33 21 för
621 897 32 26 sig
664 896 51 21 eller
725 897 6 20 i
743 897 103 26 förening,
858 898 73 20 under-

136 923 80 27 stödjas
241 924 48 21 med
314 925 67 21 minst
399 932 83 14 samma
498 926 77 27 belopp
592 933 45 14 som
654 927 156 26 statsbidraget,
827 930 31 18 ett
873 930 59 18 extra

136 953 74 26 anslag
226 960 26 14 av
271 954 25 21 10
306 954 43 21 000
366 955 30 20 kr.

122 1012 75 21 Såsom
224 1014 73 26 bidrag
312 1015 34 20 för
362 1014 56 21 1925
436 1015 33 21 till
485 1015 98 27 åtgärder
598 1016 33 20 för
647 1016 140 21 befordrande
803 1023 26 14 av
845 1017 40 20 den
902 1018 29 19 in-

137 1043 91 20 hemska
242 1044 101 26 odlingen
359 1051 26 14 av
401 1045 32 20 frö
449 1052 26 13 av
491 1045 125 25 vallväxter,
632 1046 177 21 foderrotfrukter
821 1047 39 20 och
872 1047 59 21 köks-

137 1074 75 19 växter
230 1074 84 20 anvisas
332 1075 33 19 för
382 1074 123 26 budgetåret
523 1074 125 29 1925/1926
665 1078 31 19 ett
711 1078 60 19 extra
786 1077 145 20 reservations-

137 1102 74 27 anslag
227 1110 26 15 av
270 1104 64 20 7000
352 1104 30 21 kr.

121 1162 42 20 Till
186 1163 159 26 uppehållande
369 1170 26 14 av
418 1166 80 19 statens
522 1165 93 20 centrala
638 1165 217 22 frökontrollanstalts
874 1166 57 21 verk-

136 1192 85 21 samhet
236 1193 85 20 anvisas
332 1193 32 20 för
380 1194 125 26 budgetåret
520 1193 125 26 1925/1926
657 1197 30 19 ett
698 1198 61 18 extra
769 1196 163 26 förslagsanslag

137 1228 26 14 av
179 1222 79 21 88500
274 1223 39 24 kr.,
330 1225 31 19 att
376 1225 51 24 utgå
443 1224 6 20 i
465 1224 66 21 första
547 1225 58 20 hand
616 1232 26 14 av
653 1225 118 21 inkomster
781 1232 27 14 av
818 1226 112 21 anstalten.

122 1281 41 20 Till
188 1282 197 26 byggnadsarbeten
409 1284 39 20 och
472 1285 129 20 inventarier
624 1285 36 20 vid
684 1287 80 18 statens
783 1286 93 20 centrala
892 1286 39 20 frö-

137 1311 173 22 kontrollanstalt
321 1314 84 20 anvisas
416 1314 32 20 för
460 1314 124 26 budgetåret
596 1313 125 29 1925/1926
734 1317 30 19 ett
774 1318 61 18 extra
843 1322 88 14 reserva-

138 1341 130 27 tionsanslag
283 1350 25 13 av
326 1343 64 21 2500
407 1343 30 20 kr.

121 1400 41 20 För
189 1401 125 26 budgetåret
342 1401 126 26 1925/1926
495 1404 84 20 anvisas
605 1404 33 20 till
657 1404 117 21 understöd
798 1405 49 20 med
870 1406 62 25 högst

137 1430 64 21 1000
225 1431 31 20 kr.
272 1432 34 20 för
321 1433 59 26 varje
396 1433 79 21 anstalt
490 1434 23 20 åt
531 1433 80 21 sådana
633 1434 236 26 frökontrollanstalter,
885 1442 46 13 som

136 1467 26 13 av
182 1460 108 28 landsting
309 1462 52 20 eller
376 1463 252 27 hushållningssällskap,
645 1466 47 18 vart
707 1465 33 20 för
755 1465 32 26 sig
803 1465 51 20 eller
869 1466 7 19 i
891 1466 40 19 för-

136 1491 70 25 ening,
223 1491 150 27 understödjas
390 1493 49 20 med
456 1494 67 19 minst
534 1500 83 14 samma
628 1494 78 26 belopp
717 1501 46 13 som
775 1494 156 27 statsbidraget,

136 1521 31 19 ett
182 1522 60 19 extra
259 1521 73 26 anslag
348 1529 26 14 av
392 1522 77 21 10000
486 1523 31 20 kr.

122 1579 74 21 Såsom
221 1580 74 27 bidrag
311 1581 33 20 för
361 1581 56 21 1926
434 1582 32 20 till
483 1583 97 26 åtgärder
595 1584 34 19 för
644 1583 141 21 befordrande
802 1591 26 14 av
844 1584 41 20 den
901 1585 30 19 in-

136 1609 90 21 hemska
242 1610 100 27 odlingen
359 1618 25 14 av
400 1612 32 20 frö
449 1619 25 13 av
491 1613 125 25 vallväxter,
632 1613 177 21 foderrotfrukter
820 1614 38 20 och
870 1614 61 20 köks-

136 1641 74 18 växter
229 1641 85 20 anvisas
330 1641 33 20 för
379 1641 124 26 budgetåret
520 1642 126 28 1926/1927
663 1644 31 19 ett
709 1645 60 19 extra
784 1644 147 20 reservations-

135 1669 74 26 anslag
225 1676 26 14 av
269 1670 26 20 15
305 1671 42 20 000
364 1671 31 20 kr.

120 1728 43 20 Till
174 1729 159 26 uppehållande
346 1737 26 14 av
381 1732 80 19 statens
470 1731 93 21 centrala
571 1732 217 21 frökontrollanstalts
797 1733 135 20 verksamhet

136 1759 85 20 anvisas
247 1760 33 20 för
305 1760 124 26 budgetåret
453 1760 125 28 1926/1927
603 1764 30 18 ett
651 1764 61 19 extra
727 1763 164 26 förslagsanslag
906 1770 26 14 av

137 1788 42 20 150
188 1788 43 21 000
251 1789 38 25 kr.,
309 1792 32 18 att
356 1791 51 25 utgå
423 1791 6 19 i
445 1791 67 21 första
528 1791 57 21 hand
601 1798 26 14 av
643 1792 118 21 inkomster
776 1800 26 14 av
818 1793 112 21 anstalten.

121 1847 41 20 För
183 1848 126 26 budgetåret
328 1849 125 28 1926/1927
479 1852 84 20 anvisas
579 1851 33 21 till
628 1852 117 21 understöd
760 1854 23 19 åt
798 1853 79 20 sådana
893 1853 38 20 frö-

136 1877 202 27 kontrollanstalter,
363 1886 46 14 som
432 1887 26 14 av
481 1880 109 27 landsting
613 1881 51 21 eller
679 1882 252 27 hushållningssällskap,

137 1909 46 19 vart
199 1908 33 20 för
247 1909 32 26 sig
294 1909 51 20 eller
360 1910 8 19 i
383 1910 104 26 förening,
504 1911 150 27 understödjas
668 1912 49 21 med
728 1913 67 20 minst
805 1919 84 14 samma
900 1913 31 20 be-

137 1937 50 26 lopp
204 1944 46 15 som
267 1939 156 27 statsbidraget,
440 1942 30 18 ett
485 1943 61 18 extra
561 1941 74 27 anslag
651 1948 26 15 av
695 1942 78 21 10000
790 1943 30 20 kr.

121 1996 41 20 För
186 1997 125 26 budgetåret
334 1998 125 27 1926/1927
477 2001 84 20 anvisas
577 2001 70 20 såsom
664 2001 104 21 särskilda
784 2004 61 18 extra
859 2002 74 26 anslag

136 2026 46 21 dels
206 2027 33 20 till
263 2028 158 26 uppehållande
446 2036 26 14 av
495 2030 97 26 Sveriges
615 2031 196 26 utsädesförenings
827 2032 106 26 praktiskt

136 2057 161 27 vetenskapliga
320 2058 137 21 verksamhet
480 2062 56 18 samt
559 2061 32 20 för
610 2060 88 27 ledning
716 2068 26 14 av
758 2062 39 20 och
813 2062 119 20 samarbete

71 2107 27 18 73.
113 2109 92 19 Sakregister
214 2111 13 15 1.

1640 162 41 20 577

1045 227 17 19 2
1196 220 32 2 53
1402 236 53 17 Riks
1488 221 39 1 [oe

1021 245 12 11 ee

968 257 71 27 Re
1040 247 17 39 Z
1121 282 3 4 å
1236 249 94 42 Utskotts-
1392 259 72 33 dagens
1522 266 117 17 Kamrarnas

968 288 17 25 a
1021 284 41 30 Ka
1072 278 101 44 FIokoner
1224 283 112 17 SEUden
1397 292 56 30 skri-
1507 292 145 30 förhandlingar

968 318 17 27 &
1021 315 41 29 RR
1201 313 46 17 eller
1259 313 99 18 memorial
1399 310 63 37 SFels6r

963 345 97 28 SES
1434 368 2 19 q

968 378 17 11 &
1021 371 35 27 lag
1194 373 17 11 ei
1348 381 18 19 22
1402 391 8 8 »
1426 374 20 32 |
1449 382 17 18 2
1495 380 67 17 Första
1570 374 20 32 |
1596 380 65 17 Andra

1021 389 35 40 28
1082 390 87 17 PER
1193 386 17 44 E
1235 397 18 30 å
1287 386 18 45 Zz
1348 401 18 25 ;
1432 390 32 47 EE
1497 386 65 35 anm:
1593 404 70 17 kamm.

1678 444 1 12 I

947 472 57 23 19241
1012 468 25 37 1:
1048 474 12 20 9
1185 476 26 20 10
1304 476 69 21 6.14]:
1404 477 146 20 221-8.1-15:9
1598 477 32 20 13:
1641 482 23 16 67
1678 458 1 34 |

1030 509 32 18 46
1678 497 1 46 |

1678 545 1 11 I

1678 559 1 24 |

970 636 8 10 >»
1020 629 41 20 1134
1185 630 26 20 10
1289 631 27 20 63
1389 631 42 20 284
1488 631 33 21 41:
1533 632 45 33 67d/
1589 631 33 20 41:
1634 593 33 74 sed

1071 660 2 8 |
1577 672 1 6 I
1678 665 1 21 |

1678 760 1 10 I

947 1016 56 23 1925]
1021 1016 39 21 1:
1042 1011 18 36 9
1185 1018 25 20 10
1304 1019 12 19 51
1349 1022 24 16 17)
1403 1019 27 20 46|
1456 1024 8 15 4]
1496 1019 66 20 11:61]
1599 1019 66 20 12:44

1017 1051 45 22 p.85

970 1165 90 20 HAS
1185 1166 25 21 10
1305 1167 10 20 11
1348 1171 25 16 e64)9
1392 1167 73 21 Al2ol
1496 1168 54 20 22:2
1559 1163 27 35 |
1597 1168 69 21 25:30

1017 1200 45 22 p-82

970 1285 90 20 719
1185 1286 26 21 10
1305 1286 10 20 11
1348 1291 25 15 669
1392 1287 72 20 Alsi]
1496 1287 54 20 22:2
1563 1282 23 35 |
1597 1287 69 20 25:30

1017 1319 45 23 p-83

970 1405 90 20 »-11:9
1184 1405 27 21 10
1305 1405 68 21 11-669
1392 1406 72 21 Alsil]
1496 1407 54 20 22:2
1563 1401 23 35 |
1597 1407 69 20 25:30

1017 1439 46 22 p.84

946 1582 114 23 192611:
1043 1578 19 36 9
1185 1584 26 21 10
1290 1584 83 21 151-20]
1404 1585 61 20 25101
1497 1585 66 20 14:11]
1597 1585 33 20 14:
1642 1590 23 16 17

1017 1624 17 17 p-
1040 1618 22 18 76

970 1741 8 10 &x
1019 1733 41 20 0
1130 1732 81 21 293110
1304 1733 10 20 11
1348 1738 23 16 7119
1391 1733 73 22 Als7]
1496 1733 68 21 19::18
1562 1729 23 35 |
1584 1729 46 35 :20:
1641 1739 24 15 26

1018 1768 44 22 p.74

970 1852 90 20 $i
1185 1852 26 21 10
1305 1852 10 20 1/1
1348 1857 24 16 7419
1391 1852 74 22 Also]
1497 1853 68 21 19:18
1565 1848 19 35 |
1597 1853 68 20 20:26

1017 1893 17 17 p.
1040 1887 22 18 75

970 2009 9 11 »
1020 2001 40 20 [1:91]
1091 2001 120 20 941194110
1306 2001 9 20 1/1
1349 2001 55 21 7419
1414 2003 52 19 Also]
1497 2002 68 21 19:18
1566 1997 19 35 |
1597 2002 68 21 20:26

1018 2042 17 17 p.
1041 2036 22 18 77
