<?xml version="1.0" encoding="UTF-8"?>
<alto xmlns="http://www.loc.gov/standards/alto/ns-v3#" xmlns:xlink="http://www.w3.org/1999/xlink" xmlns:xsi="http://www.w3.org/2001/XMLSchema-instance" xsi:schemaLocation="http://www.loc.gov/standards/alto/ns-v3# http://www.loc.gov/alto/v3/alto-3-0.xsd">
	<Description>
		<MeasurementUnit>pixel</MeasurementUnit>
		<sourceImageInformation>
			<fileName></fileName>
		</sourceImageInformation>
		<OCRProcessing ID="OCR_0">
			<ocrProcessingStep>
				<processingSoftware>
					<softwareName>tesseract 4.1.1</softwareName>
				</processingSoftware>
			</ocrProcessingStep>
		</OCRProcessing>
	</Description>
	<Layout>
		<Page WIDTH="1847" HEIGHT="2359" PHYSICAL_IMG_NR="0" ID="page_0">
			<PrintSpace HPOS="0" VPOS="0" WIDTH="1847" HEIGHT="2359">
				<ComposedBlock ID="cblock_0" HPOS="1" VPOS="804" WIDTH="4" HEIGHT="1551">
					<TextBlock ID="block_0" HPOS="1" VPOS="804" WIDTH="4" HEIGHT="1551">
						<TextLine ID="line_0" HPOS="1" VPOS="804" WIDTH="4" HEIGHT="1551">
							<String ID="string_0" HPOS="1" VPOS="804" WIDTH="4" HEIGHT="1551" WC="0.95" CONTENT=" "/>
						</TextLine>
					</TextBlock>
				</ComposedBlock>
				<ComposedBlock ID="cblock_1" HPOS="164" VPOS="152" WIDTH="871" HEIGHT="21">
					<TextBlock ID="block_1" HPOS="164" VPOS="152" WIDTH="871" HEIGHT="21">
						<TextLine ID="line_1" HPOS="164" VPOS="152" WIDTH="871" HEIGHT="21">
							<String ID="string_1" HPOS="164" VPOS="152" WIDTH="42" HEIGHT="20" WC="0.96" CONTENT="186"/><SP WIDTH="693" VPOS="152" HPOS="206"/>
							<String ID="string_2" HPOS="899" VPOS="158" WIDTH="136" HEIGHT="15" WC="0.91" CONTENT="SAKREGISTER"/>
						</TextLine>
					</TextBlock>
				</ComposedBlock>
				<ComposedBlock ID="cblock_2" HPOS="167" VPOS="200" WIDTH="1607" HEIGHT="10">
					<TextBlock ID="block_2" HPOS="167" VPOS="200" WIDTH="1607" HEIGHT="10">
						<TextLine ID="line_2" HPOS="167" VPOS="200" WIDTH="1607" HEIGHT="10">
							<String ID="string_3" HPOS="167" VPOS="200" WIDTH="1607" HEIGHT="10" WC="0.95" CONTENT=" "/>
						</TextLine>
					</TextBlock>
				</ComposedBlock>
				<ComposedBlock ID="cblock_3" HPOS="166" VPOS="203" WIDTH="1608" HEIGHT="8">
					<TextBlock ID="block_3" HPOS="166" VPOS="203" WIDTH="1608" HEIGHT="8">
						<TextLine ID="line_3" HPOS="166" VPOS="203" WIDTH="1608" HEIGHT="8">
							<String ID="string_4" HPOS="166" VPOS="203" WIDTH="1608" HEIGHT="8" WC="0.95" CONTENT=" "/>
						</TextLine>
					</TextBlock>
				</ComposedBlock>
				<ComposedBlock ID="cblock_4" HPOS="167" VPOS="202" WIDTH="1607" HEIGHT="9">
					<TextBlock ID="block_4" HPOS="167" VPOS="202" WIDTH="1607" HEIGHT="9">
						<TextLine ID="line_4" HPOS="167" VPOS="202" WIDTH="1607" HEIGHT="9">
							<String ID="string_5" HPOS="167" VPOS="202" WIDTH="1607" HEIGHT="9" WC="0.95" CONTENT=" "/>
						</TextLine>
					</TextBlock>
				</ComposedBlock>
				<ComposedBlock ID="cblock_5" HPOS="167" VPOS="200" WIDTH="1607" HEIGHT="15">
					<TextBlock ID="block_5" HPOS="167" VPOS="200" WIDTH="1607" HEIGHT="15">
						<TextLine ID="line_5" HPOS="167" VPOS="200" WIDTH="1607" HEIGHT="15">
							<String ID="string_6" HPOS="167" VPOS="200" WIDTH="1607" HEIGHT="15" WC="0.95" CONTENT=" "/>
						</TextLine>
					</TextBlock>
				</ComposedBlock>
				<ComposedBlock ID="cblock_6" HPOS="167" VPOS="206" WIDTH="1607" HEIGHT="8">
					<TextBlock ID="block_6" HPOS="167" VPOS="206" WIDTH="1607" HEIGHT="8">
						<TextLine ID="line_6" HPOS="167" VPOS="206" WIDTH="1607" HEIGHT="8">
							<String ID="string_7" HPOS="167" VPOS="206" WIDTH="1607" HEIGHT="8" WC="0.95" CONTENT=" "/>
						</TextLine>
					</TextBlock>
				</ComposedBlock>
				<ComposedBlock ID="cblock_7" HPOS="184" VPOS="435" WIDTH="839" HEIGHT="178">
					<TextBlock ID="block_7" HPOS="184" VPOS="435" WIDTH="839" HEIGHT="178">
						<TextLine ID="line_7" HPOS="184" VPOS="435" WIDTH="252" HEIGHT="28">
							<String ID="string_8" HPOS="184" VPOS="435" WIDTH="168" HEIGHT="28" WC="0.77" CONTENT="Avsöndringar"/><SP WIDTH="15" VPOS="435" HPOS="352"/>
							<String ID="string_9" HPOS="367" VPOS="443" WIDTH="26" HEIGHT="14" WC="0.84" CONTENT="m."/><SP WIDTH="17" VPOS="443" HPOS="393"/>
							<String ID="string_10" HPOS="410" VPOS="443" WIDTH="26" HEIGHT="14" WC="0.91" CONTENT="m."/>
						</TextLine>
						<TextLine ID="line_8" HPOS="228" VPOS="466" WIDTH="795" HEIGHT="27">
							<String ID="string_11" HPOS="228" VPOS="467" WIDTH="180" HEIGHT="20" WC="0.92" CONTENT="fiskevattenslott"/><SP WIDTH="18" VPOS="467" HPOS="408"/>
							<String ID="string_12" HPOS="426" VPOS="473" WIDTH="36" HEIGHT="14" WC="0.96" CONTENT="om"/><SP WIDTH="21" VPOS="473" HPOS="462"/>
							<String ID="string_13" HPOS="483" VPOS="466" WIDTH="60" HEIGHT="21" WC="0.78" CONTENT="12.61"/><SP WIDTH="22" VPOS="466" HPOS="543"/>
							<String ID="string_14" HPOS="565" VPOS="466" WIDTH="76" HEIGHT="21" WC="0.96" CONTENT="hektar"/><SP WIDTH="15" VPOS="466" HPOS="641"/>
							<String ID="string_15" HPOS="656" VPOS="467" WIDTH="36" HEIGHT="20" WC="0.93" CONTENT="må"/><SP WIDTH="14" VPOS="467" HPOS="692"/>
							<String ID="string_16" HPOS="706" VPOS="466" WIDTH="125" HEIGHT="27" WC="0.92" CONTENT="frånskiljas"/><SP WIDTH="16" VPOS="466" HPOS="831"/>
							<String ID="string_17" HPOS="847" VPOS="466" WIDTH="176" HEIGHT="21" WC="0.92" CONTENT="hemmansdelen"/>
						</TextLine>
						<TextLine ID="line_9" HPOS="229" VPOS="493" WIDTH="793" HEIGHT="31">
							<String ID="string_18" HPOS="229" VPOS="495" WIDTH="27" HEIGHT="29" WC="0.45" CONTENT="1/,"/><SP WIDTH="10" VPOS="495" HPOS="256"/>
							<String ID="string_19" HPOS="266" VPOS="497" WIDTH="82" HEIGHT="20" WC="0.93" CONTENT="mantal"/><SP WIDTH="8" VPOS="497" HPOS="348"/>
							<String ID="string_20" HPOS="356" VPOS="493" WIDTH="146" HEIGHT="29" WC="0.91" CONTENT="Ängsholmen"/><SP WIDTH="8" VPOS="493" HPOS="502"/>
							<String ID="string_21" HPOS="510" VPOS="496" WIDTH="50" HEIGHT="21" WC="0.93" CONTENT="med"/><SP WIDTH="12" VPOS="496" HPOS="560"/>
							<String ID="string_22" HPOS="572" VPOS="496" WIDTH="110" HEIGHT="27" WC="0.92" CONTENT="Borghaga"/><SP WIDTH="10" VPOS="496" HPOS="682"/>
							<String ID="string_23" HPOS="692" VPOS="504" WIDTH="25" HEIGHT="13" WC="0.95" CONTENT="nr"/><SP WIDTH="12" VPOS="504" HPOS="717"/>
							<String ID="string_24" HPOS="729" VPOS="496" WIDTH="11" HEIGHT="21" WC="0.93" CONTENT="1"/><SP WIDTH="10" VPOS="496" HPOS="740"/>
							<String ID="string_25" HPOS="750" VPOS="496" WIDTH="39" HEIGHT="27" WC="0.95" CONTENT="(17)"/><SP WIDTH="11" VPOS="496" HPOS="789"/>
							<String ID="string_26" HPOS="800" VPOS="497" WIDTH="39" HEIGHT="20" WC="0.96" CONTENT="och"/><SP WIDTH="11" VPOS="497" HPOS="839"/>
							<String ID="string_27" HPOS="850" VPOS="496" WIDTH="50" HEIGHT="21" WC="0.93" CONTENT="med"/><SP WIDTH="10" VPOS="496" HPOS="900"/>
							<String ID="string_28" HPOS="910" VPOS="496" WIDTH="112" HEIGHT="21" WC="0.91" CONTENT="tillträdes-"/>
						</TextLine>
						<TextLine ID="line_10" HPOS="228" VPOS="526" WIDTH="795" HEIGHT="27">
							<String ID="string_29" HPOS="228" VPOS="528" WIDTH="42" HEIGHT="19" WC="0.96" CONTENT="rätt"/><SP WIDTH="23" VPOS="528" HPOS="270"/>
							<String ID="string_30" HPOS="293" VPOS="526" WIDTH="42" HEIGHT="21" WC="0.96" CONTENT="den"/><SP WIDTH="25" VPOS="526" HPOS="335"/>
							<String ID="string_31" HPOS="360" VPOS="526" WIDTH="27" HEIGHT="20" WC="0.96" CONTENT="14"/><SP WIDTH="16" VPOS="526" HPOS="387"/>
							<String ID="string_32" HPOS="403" VPOS="533" WIDTH="56" HEIGHT="14" WC="0.96" CONTENT="mars"/><SP WIDTH="19" VPOS="533" HPOS="459"/>
							<String ID="string_33" HPOS="478" VPOS="526" WIDTH="55" HEIGHT="20" WC="0.93" CONTENT="1928"/><SP WIDTH="16" VPOS="526" HPOS="533"/>
							<String ID="string_34" HPOS="549" VPOS="526" WIDTH="99" HEIGHT="27" WC="0.89" CONTENT="försäljas"/><SP WIDTH="16" VPOS="526" HPOS="648"/>
							<String ID="string_35" HPOS="664" VPOS="526" WIDTH="34" HEIGHT="21" WC="0.96" CONTENT="till"/><SP WIDTH="16" VPOS="526" HPOS="698"/>
							<String ID="string_36" HPOS="714" VPOS="526" WIDTH="76" HEIGHT="21" WC="0.93" CONTENT="doktor"/><SP WIDTH="16" VPOS="526" HPOS="790"/>
							<String ID="string_37" HPOS="806" VPOS="527" WIDTH="23" HEIGHT="20" WC="0.92" CONTENT="T."/><SP WIDTH="17" VPOS="527" HPOS="829"/>
							<String ID="string_38" HPOS="846" VPOS="526" WIDTH="128" HEIGHT="21" WC="0.91" CONTENT="Amundson"/><SP WIDTH="16" VPOS="526" HPOS="974"/>
							<String ID="string_39" HPOS="990" VPOS="526" WIDTH="33" HEIGHT="20" WC="0.96" CONTENT="för"/>
						</TextLine>
						<TextLine ID="line_11" HPOS="229" VPOS="556" WIDTH="794" HEIGHT="27">
							<String ID="string_40" HPOS="229" VPOS="563" WIDTH="26" HEIGHT="14" WC="0.96" CONTENT="en"/><SP WIDTH="22" VPOS="563" HPOS="255"/>
							<String ID="string_41" HPOS="277" VPOS="557" WIDTH="144" HEIGHT="26" WC="0.96" CONTENT="köpeskilling"/><SP WIDTH="22" VPOS="557" HPOS="421"/>
							<String ID="string_42" HPOS="443" VPOS="563" WIDTH="27" HEIGHT="14" WC="0.96" CONTENT="av"/><SP WIDTH="20" VPOS="563" HPOS="470"/>
							<String ID="string_43" HPOS="490" VPOS="556" WIDTH="63" HEIGHT="21" WC="0.91" CONTENT="1640"/><SP WIDTH="17" VPOS="556" HPOS="553"/>
							<String ID="string_44" HPOS="570" VPOS="556" WIDTH="31" HEIGHT="21" WC="0.96" CONTENT="kr."/><SP WIDTH="17" VPOS="556" HPOS="601"/>
							<String ID="string_45" HPOS="618" VPOS="558" WIDTH="32" HEIGHT="19" WC="0.96" CONTENT="att"/><SP WIDTH="15" VPOS="558" HPOS="650"/>
							<String ID="string_46" HPOS="665" VPOS="557" WIDTH="81" HEIGHT="20" WC="0.96" CONTENT="betalas"/><SP WIDTH="15" VPOS="557" HPOS="746"/>
							<String ID="string_47" HPOS="761" VPOS="557" WIDTH="91" HEIGHT="20" WC="0.96" CONTENT="kontant"/><SP WIDTH="15" VPOS="557" HPOS="852"/>
							<String ID="string_48" HPOS="867" VPOS="556" WIDTH="37" HEIGHT="21" WC="0.96" CONTENT="vid"/><SP WIDTH="15" VPOS="556" HPOS="904"/>
							<String ID="string_49" HPOS="919" VPOS="556" WIDTH="104" HEIGHT="21" WC="0.96" CONTENT="tillträdet"/>
						</TextLine>
						<TextLine ID="line_12" HPOS="229" VPOS="587" WIDTH="418" HEIGHT="26">
							<String ID="string_50" HPOS="229" VPOS="589" WIDTH="56" HEIGHT="18" WC="0.95" CONTENT="samt"/><SP WIDTH="15" VPOS="589" HPOS="285"/>
							<String ID="string_51" HPOS="300" VPOS="587" WIDTH="69" HEIGHT="20" WC="0.96" CONTENT="under"/><SP WIDTH="14" VPOS="587" HPOS="369"/>
							<String ID="string_52" HPOS="383" VPOS="587" WIDTH="58" HEIGHT="21" WC="0.96" CONTENT="vissa"/><SP WIDTH="15" VPOS="587" HPOS="441"/>
							<String ID="string_53" HPOS="456" VPOS="587" WIDTH="92" HEIGHT="26" WC="0.96" CONTENT="angivna"/><SP WIDTH="15" VPOS="587" HPOS="548"/>
							<String ID="string_54" HPOS="563" VPOS="587" WIDTH="84" HEIGHT="20" WC="0.96" CONTENT="villkor."/>
						</TextLine>
					</TextBlock>
				</ComposedBlock>
				<ComposedBlock ID="cblock_8" HPOS="185" VPOS="646" WIDTH="838" HEIGHT="147">
					<TextBlock ID="block_8" HPOS="198" VPOS="646" WIDTH="241" HEIGHT="27">
						<TextLine ID="line_13" HPOS="198" VPOS="646" WIDTH="241" HEIGHT="27">
							<String ID="string_55" HPOS="198" VPOS="647" WIDTH="63" HEIGHT="20" WC="0.96" CONTENT="Inom"/><SP WIDTH="22" VPOS="647" HPOS="261"/>
							<String ID="string_56" HPOS="283" VPOS="646" WIDTH="96" HEIGHT="27" WC="0.95" CONTENT="Uppsala"/><SP WIDTH="14" VPOS="646" HPOS="379"/>
							<String ID="string_57" HPOS="393" VPOS="647" WIDTH="46" HEIGHT="20" WC="0.96" CONTENT="län:"/>
						</TextLine>
					</TextBlock>
					<TextBlock ID="block_9" HPOS="185" VPOS="676" WIDTH="838" HEIGHT="117">
						<TextLine ID="line_14" HPOS="185" VPOS="676" WIDTH="838" HEIGHT="27">
							<String ID="string_58" HPOS="185" VPOS="682" WIDTH="10" HEIGHT="15" WC="0.93" CONTENT="6"/><SP WIDTH="18" VPOS="682" HPOS="195"/>
							<String ID="string_59" HPOS="213" VPOS="677" WIDTH="37" HEIGHT="20" WC="0.91" CONTENT="RD"/><SP WIDTH="22" VPOS="677" HPOS="250"/>
							<String ID="string_60" HPOS="272" VPOS="677" WIDTH="115" HEIGHT="26" WC="0.89" CONTENT="medgiver,"/><SP WIDTH="25" VPOS="677" HPOS="387"/>
							<String ID="string_61" HPOS="412" VPOS="678" WIDTH="31" HEIGHT="19" WC="0.96" CONTENT="att"/><SP WIDTH="23" VPOS="678" HPOS="443"/>
							<String ID="string_62" HPOS="466" VPOS="678" WIDTH="29" HEIGHT="19" WC="0.95" CONTENT="ett"/><SP WIDTH="16" VPOS="678" HPOS="495"/>
							<String ID="string_63" HPOS="511" VPOS="677" WIDTH="8" HEIGHT="20" WC="0.93" CONTENT="i"/><SP WIDTH="16" VPOS="677" HPOS="519"/>
							<String ID="string_64" HPOS="535" VPOS="676" WIDTH="233" HEIGHT="27" WC="0.91" CONTENT="statsrådsprotokollet"/><SP WIDTH="23" VPOS="676" HPOS="768"/>
							<String ID="string_65" HPOS="791" VPOS="676" WIDTH="130" HEIGHT="25" WC="0.77" CONTENT="omförmält,"/><SP WIDTH="20" VPOS="676" HPOS="921"/>
							<String ID="string_66" HPOS="941" VPOS="677" WIDTH="82" HEIGHT="20" WC="0.96" CONTENT="kronan"/>
						</TextLine>
						<TextLine ID="line_15" HPOS="228" VPOS="706" WIDTH="794" HEIGHT="27">
							<String ID="string_67" HPOS="228" VPOS="707" WIDTH="105" HEIGHT="26" WC="0.92" CONTENT="tillhörigt"/><SP WIDTH="10" VPOS="707" HPOS="333"/>
							<String ID="string_68" HPOS="343" VPOS="707" WIDTH="87" HEIGHT="20" WC="0.96" CONTENT="område"/><SP WIDTH="10" VPOS="707" HPOS="430"/>
							<String ID="string_69" HPOS="440" VPOS="707" WIDTH="8" HEIGHT="20" WC="0.93" CONTENT="i"/><SP WIDTH="10" VPOS="707" HPOS="448"/>
							<String ID="string_70" HPOS="458" VPOS="706" WIDTH="131" HEIGHT="27" WC="0.92" CONTENT="Bondkyrko"/><SP WIDTH="8" VPOS="706" HPOS="589"/>
							<String ID="string_71" HPOS="597" VPOS="707" WIDTH="85" HEIGHT="26" WC="0.96" CONTENT="socken,"/><SP WIDTH="8" VPOS="707" HPOS="682"/>
							<String ID="string_72" HPOS="690" VPOS="706" WIDTH="153" HEIGHT="21" WC="0.96" CONTENT="innehållande"/><SP WIDTH="9" VPOS="706" HPOS="843"/>
							<String ID="string_73" HPOS="852" VPOS="706" WIDTH="47" HEIGHT="21" WC="0.8" CONTENT="0.26"/><SP WIDTH="7" VPOS="706" HPOS="899"/>
							<String ID="string_74" HPOS="906" VPOS="711" WIDTH="24" HEIGHT="16" WC="0.8" CONTENT="70"/><SP WIDTH="11" VPOS="711" HPOS="930"/>
							<String ID="string_75" HPOS="941" VPOS="707" WIDTH="81" HEIGHT="23" WC="0.96" CONTENT="hektar,"/>
						</TextLine>
						<TextLine ID="line_16" HPOS="228" VPOS="732" WIDTH="795" HEIGHT="32">
							<String ID="string_76" HPOS="228" VPOS="738" WIDTH="36" HEIGHT="19" WC="0.75" CONTENT="må"/><SP WIDTH="23" VPOS="738" HPOS="264"/>
							<String ID="string_77" HPOS="287" VPOS="737" WIDTH="99" HEIGHT="27" WC="0.73" CONTENT="försäljas"/><SP WIDTH="23" VPOS="737" HPOS="386"/>
							<String ID="string_78" HPOS="409" VPOS="737" WIDTH="34" HEIGHT="20" WC="0.93" CONTENT="till"/><SP WIDTH="23" VPOS="737" HPOS="443"/>
							<String ID="string_79" HPOS="466" VPOS="737" WIDTH="155" HEIGHT="27" WC="0.91" CONTENT="kronojägaren"/><SP WIDTH="18" VPOS="737" HPOS="621"/>
							<String ID="string_80" HPOS="639" VPOS="737" WIDTH="20" HEIGHT="20" WC="0.92" CONTENT="J."/><SP WIDTH="19" VPOS="737" HPOS="659"/>
							<String ID="string_81" HPOS="678" VPOS="737" WIDTH="56" HEIGHT="20" WC="0.96" CONTENT="Roos"/><SP WIDTH="16" VPOS="737" HPOS="734"/>
							<String ID="string_82" HPOS="750" VPOS="737" WIDTH="7" HEIGHT="20" WC="0.96" CONTENT="i"/><SP WIDTH="16" VPOS="737" HPOS="757"/>
							<String ID="string_83" HPOS="773" VPOS="732" WIDTH="64" HEIGHT="28" WC="0.96" CONTENT="Åsbo,"/><SP WIDTH="17" VPOS="732" HPOS="837"/>
							<String ID="string_84" HPOS="854" VPOS="736" WIDTH="101" HEIGHT="27" WC="0.96" CONTENT="Uppsala,"/><SP WIDTH="17" VPOS="736" HPOS="955"/>
							<String ID="string_85" HPOS="972" VPOS="736" WIDTH="51" HEIGHT="21" WC="0.96" CONTENT="eller"/>
						</TextLine>
						<TextLine ID="line_17" HPOS="228" VPOS="766" WIDTH="754" HEIGHT="27">
							<String ID="string_86" HPOS="228" VPOS="767" WIDTH="54" HEIGHT="20" WC="0.90" CONTENT="hans"/><SP WIDTH="16" VPOS="767" HPOS="282"/>
							<String ID="string_87" HPOS="298" VPOS="767" WIDTH="183" HEIGHT="20" WC="0.90" CONTENT="rättsinnehavare"/><SP WIDTH="16" VPOS="767" HPOS="481"/>
							<String ID="string_88" HPOS="497" VPOS="767" WIDTH="33" HEIGHT="20" WC="0.97" CONTENT="för"/><SP WIDTH="15" VPOS="767" HPOS="530"/>
							<String ID="string_89" HPOS="545" VPOS="774" WIDTH="26" HEIGHT="13" WC="0.96" CONTENT="en"/><SP WIDTH="16" VPOS="774" HPOS="571"/>
							<String ID="string_90" HPOS="587" VPOS="767" WIDTH="144" HEIGHT="26" WC="0.96" CONTENT="köpeskilling"/><SP WIDTH="16" VPOS="767" HPOS="731"/>
							<String ID="string_91" HPOS="747" VPOS="773" WIDTH="26" HEIGHT="14" WC="0.96" CONTENT="av"/><SP WIDTH="16" VPOS="773" HPOS="773"/>
							<String ID="string_92" HPOS="789" VPOS="766" WIDTH="43" HEIGHT="21" WC="0.96" CONTENT="908"/><SP WIDTH="16" VPOS="766" HPOS="832"/>
							<String ID="string_93" HPOS="848" VPOS="766" WIDTH="32" HEIGHT="20" WC="0.96" CONTENT="kr."/><SP WIDTH="17" VPOS="766" HPOS="880"/>
							<String ID="string_94" HPOS="897" VPOS="767" WIDTH="28" HEIGHT="20" WC="0.96" CONTENT="64"/><SP WIDTH="16" VPOS="767" HPOS="925"/>
							<String ID="string_95" HPOS="941" VPOS="768" WIDTH="41" HEIGHT="19" WC="0.96" CONTENT="öre."/>
						</TextLine>
					</TextBlock>
				</ComposedBlock>
				<ComposedBlock ID="cblock_9" HPOS="185" VPOS="831" WIDTH="839" HEIGHT="118">
					<TextBlock ID="block_10" HPOS="185" VPOS="831" WIDTH="839" HEIGHT="118">
						<TextLine ID="line_18" HPOS="185" VPOS="831" WIDTH="838" HEIGHT="28">
							<String ID="string_96" HPOS="185" VPOS="837" WIDTH="10" HEIGHT="17" WC="0.93" CONTENT="7"/><SP WIDTH="18" VPOS="837" HPOS="195"/>
							<String ID="string_97" HPOS="213" VPOS="832" WIDTH="38" HEIGHT="20" WC="0.89" CONTENT="RD"/><SP WIDTH="24" VPOS="832" HPOS="251"/>
							<String ID="string_98" HPOS="275" VPOS="832" WIDTH="114" HEIGHT="26" WC="0.91" CONTENT="medgiver,"/><SP WIDTH="20" VPOS="832" HPOS="389"/>
							<String ID="string_99" HPOS="409" VPOS="834" WIDTH="31" HEIGHT="18" WC="0.93" CONTENT="att"/><SP WIDTH="16" VPOS="834" HPOS="440"/>
							<String ID="string_100" HPOS="456" VPOS="832" WIDTH="200" HEIGHT="26" WC="0.92" CONTENT="kronoegendomen"/><SP WIDTH="17" VPOS="832" HPOS="656"/>
							<String ID="string_101" HPOS="673" VPOS="831" WIDTH="27" HEIGHT="28" WC="0.32" CONTENT="5/3"/><SP WIDTH="17" VPOS="831" HPOS="700"/>
							<String ID="string_102" HPOS="717" VPOS="832" WIDTH="81" HEIGHT="20" WC="0.93" CONTENT="mantal"/><SP WIDTH="17" VPOS="832" HPOS="798"/>
							<String ID="string_103" HPOS="815" VPOS="832" WIDTH="115" HEIGHT="26" WC="0.91" CONTENT="Hässlinge"/><SP WIDTH="16" VPOS="832" HPOS="930"/>
							<String ID="string_104" HPOS="946" VPOS="839" WIDTH="25" HEIGHT="13" WC="0.96" CONTENT="nr"/><SP WIDTH="17" VPOS="839" HPOS="971"/>
							<String ID="string_105" HPOS="988" VPOS="833" WIDTH="12" HEIGHT="19" WC="0.94" CONTENT="2"/><SP WIDTH="16" VPOS="833" HPOS="1000"/>
							<String ID="string_106" HPOS="1016" VPOS="833" WIDTH="7" HEIGHT="19" WC="0.94" CONTENT="i"/>
						</TextLine>
						<TextLine ID="line_19" HPOS="229" VPOS="862" WIDTH="795" HEIGHT="26">
							<String ID="string_107" HPOS="229" VPOS="862" WIDTH="111" HEIGHT="26" WC="0.96" CONTENT="Lillkyrka"/><SP WIDTH="23" VPOS="862" HPOS="340"/>
							<String ID="string_108" HPOS="363" VPOS="862" WIDTH="78" HEIGHT="20" WC="0.96" CONTENT="socken"/><SP WIDTH="23" VPOS="862" HPOS="441"/>
							<String ID="string_109" HPOS="464" VPOS="863" WIDTH="42" HEIGHT="23" WC="0.96" CONTENT="må,"/><SP WIDTH="20" VPOS="863" HPOS="506"/>
							<String ID="string_110" HPOS="526" VPOS="862" WIDTH="50" HEIGHT="20" WC="0.90" CONTENT="med"/><SP WIDTH="16" VPOS="862" HPOS="576"/>
							<String ID="string_111" HPOS="592" VPOS="862" WIDTH="148" HEIGHT="21" WC="0.90" CONTENT="tillträdesrätt"/><SP WIDTH="15" VPOS="862" HPOS="740"/>
							<String ID="string_112" HPOS="755" VPOS="862" WIDTH="41" HEIGHT="21" WC="0.96" CONTENT="den"/><SP WIDTH="18" VPOS="862" HPOS="796"/>
							<String ID="string_113" HPOS="814" VPOS="862" WIDTH="27" HEIGHT="20" WC="0.96" CONTENT="14"/><SP WIDTH="16" VPOS="862" HPOS="841"/>
							<String ID="string_114" HPOS="857" VPOS="869" WIDTH="57" HEIGHT="13" WC="0.96" CONTENT="mars"/><SP WIDTH="18" VPOS="869" HPOS="914"/>
							<String ID="string_115" HPOS="932" VPOS="862" WIDTH="62" HEIGHT="25" WC="0.92" CONTENT="1928,"/><SP WIDTH="18" VPOS="862" HPOS="994"/>
							<String ID="string_116" HPOS="1012" VPOS="863" WIDTH="12" HEIGHT="19" WC="0.92" CONTENT="å"/>
						</TextLine>
						<TextLine ID="line_20" HPOS="229" VPOS="892" WIDTH="794" HEIGHT="27">
							<String ID="string_117" HPOS="229" VPOS="892" WIDTH="97" HEIGHT="26" WC="0.95" CONTENT="offentlig"/><SP WIDTH="23" VPOS="892" HPOS="326"/>
							<String ID="string_118" HPOS="349" VPOS="892" WIDTH="88" HEIGHT="20" WC="0.96" CONTENT="auktion"/><SP WIDTH="24" VPOS="892" HPOS="437"/>
							<String ID="string_119" HPOS="461" VPOS="892" WIDTH="34" HEIGHT="20" WC="0.95" CONTENT="till"/><SP WIDTH="23" VPOS="892" HPOS="495"/>
							<String ID="string_120" HPOS="518" VPOS="892" WIDTH="41" HEIGHT="20" WC="0.96" CONTENT="den"/><SP WIDTH="24" VPOS="892" HPOS="559"/>
							<String ID="string_121" HPOS="583" VPOS="892" WIDTH="172" HEIGHT="26" WC="0.92" CONTENT="högstbjudande"/><SP WIDTH="19" VPOS="892" HPOS="755"/>
							<String ID="string_122" HPOS="774" VPOS="892" WIDTH="99" HEIGHT="27" WC="0.92" CONTENT="försäljas"/><SP WIDTH="18" VPOS="892" HPOS="873"/>
							<String ID="string_123" HPOS="891" VPOS="892" WIDTH="68" HEIGHT="20" WC="0.96" CONTENT="under"/><SP WIDTH="16" VPOS="892" HPOS="959"/>
							<String ID="string_124" HPOS="975" VPOS="892" WIDTH="25" HEIGHT="20" WC="0.95" CONTENT="de"/><SP WIDTH="16" VPOS="892" HPOS="1000"/>
							<String ID="string_125" HPOS="1016" VPOS="893" WIDTH="7" HEIGHT="19" WC="0.95" CONTENT="i"/>
						</TextLine>
						<TextLine ID="line_21" HPOS="229" VPOS="921" WIDTH="526" HEIGHT="28">
							<String ID="string_126" HPOS="229" VPOS="922" WIDTH="72" HEIGHT="20" WC="0.96" CONTENT="brevet"/><SP WIDTH="16" VPOS="922" HPOS="301"/>
							<String ID="string_127" HPOS="317" VPOS="922" WIDTH="41" HEIGHT="20" WC="0.96" CONTENT="den"/><SP WIDTH="17" VPOS="922" HPOS="358"/>
							<String ID="string_128" HPOS="375" VPOS="921" WIDTH="26" HEIGHT="21" WC="0.96" CONTENT="29"/><SP WIDTH="17" VPOS="921" HPOS="401"/>
							<String ID="string_129" HPOS="418" VPOS="923" WIDTH="44" HEIGHT="26" WC="0.96" CONTENT="maj"/><SP WIDTH="19" VPOS="923" HPOS="462"/>
							<String ID="string_130" HPOS="481" VPOS="922" WIDTH="57" HEIGHT="20" WC="0.96" CONTENT="1874"/><SP WIDTH="16" VPOS="922" HPOS="538"/>
							<String ID="string_131" HPOS="554" VPOS="922" WIDTH="101" HEIGHT="26" WC="0.96" CONTENT="stadgade"/><SP WIDTH="16" VPOS="922" HPOS="655"/>
							<String ID="string_132" HPOS="671" VPOS="922" WIDTH="84" HEIGHT="20" WC="0.96" CONTENT="villkor."/>
						</TextLine>
					</TextBlock>
				</ComposedBlock>
				<ComposedBlock ID="cblock_10" HPOS="186" VPOS="980" WIDTH="838" HEIGHT="88">
					<TextBlock ID="block_11" HPOS="186" VPOS="980" WIDTH="838" HEIGHT="88">
						<TextLine ID="line_22" HPOS="186" VPOS="980" WIDTH="838" HEIGHT="29">
							<String ID="string_133" HPOS="186" VPOS="987" WIDTH="9" HEIGHT="16" WC="0.69" CONTENT="8"/><SP WIDTH="19" VPOS="987" HPOS="195"/>
							<String ID="string_134" HPOS="214" VPOS="982" WIDTH="37" HEIGHT="20" WC="0.91" CONTENT="RD"/><SP WIDTH="24" VPOS="982" HPOS="251"/>
							<String ID="string_135" HPOS="275" VPOS="982" WIDTH="114" HEIGHT="26" WC="0.91" CONTENT="medgiver,"/><SP WIDTH="25" VPOS="982" HPOS="389"/>
							<String ID="string_136" HPOS="414" VPOS="984" WIDTH="37" HEIGHT="22" WC="0.96" CONTENT="att,"/><SP WIDTH="23" VPOS="984" HPOS="451"/>
							<String ID="string_137" HPOS="474" VPOS="982" WIDTH="65" HEIGHT="20" WC="0.95" CONTENT="sedan"/><SP WIDTH="24" VPOS="982" HPOS="539"/>
							<String ID="string_138" HPOS="563" VPOS="981" WIDTH="131" HEIGHT="27" WC="0.92" CONTENT="egendomen"/><SP WIDTH="22" VPOS="981" HPOS="694"/>
							<String ID="string_139" HPOS="716" VPOS="980" WIDTH="28" HEIGHT="29" WC="0.21" CONTENT="/,"/><SP WIDTH="19" VPOS="980" HPOS="744"/>
							<String ID="string_140" HPOS="763" VPOS="982" WIDTH="83" HEIGHT="20" WC="0.93" CONTENT="mantal"/><SP WIDTH="15" VPOS="982" HPOS="846"/>
							<String ID="string_141" HPOS="861" VPOS="982" WIDTH="70" HEIGHT="20" WC="0.92" CONTENT="Järsta"/><SP WIDTH="16" VPOS="982" HPOS="931"/>
							<String ID="string_142" HPOS="947" VPOS="989" WIDTH="25" HEIGHT="13" WC="0.96" CONTENT="nr"/><SP WIDTH="15" VPOS="989" HPOS="972"/>
							<String ID="string_143" HPOS="987" VPOS="982" WIDTH="14" HEIGHT="20" WC="0.93" CONTENT="4"/><SP WIDTH="15" VPOS="982" HPOS="1001"/>
							<String ID="string_144" HPOS="1016" VPOS="982" WIDTH="8" HEIGHT="20" WC="0.92" CONTENT="i"/>
						</TextLine>
						<TextLine ID="line_23" HPOS="228" VPOS="1012" WIDTH="796" HEIGHT="26">
							<String ID="string_145" HPOS="228" VPOS="1012" WIDTH="80" HEIGHT="21" WC="0.96" CONTENT="Tensta"/><SP WIDTH="15" VPOS="1012" HPOS="308"/>
							<String ID="string_146" HPOS="323" VPOS="1012" WIDTH="77" HEIGHT="20" WC="0.93" CONTENT="socken"/><SP WIDTH="17" VPOS="1012" HPOS="400"/>
							<String ID="string_147" HPOS="417" VPOS="1012" WIDTH="94" HEIGHT="26" WC="0.92" CONTENT="styckats"/><SP WIDTH="16" VPOS="1012" HPOS="511"/>
							<String ID="string_148" HPOS="527" VPOS="1012" WIDTH="8" HEIGHT="20" WC="0.96" CONTENT="i"/><SP WIDTH="15" VPOS="1012" HPOS="535"/>
							<String ID="string_149" HPOS="550" VPOS="1013" WIDTH="36" HEIGHT="19" WC="0.96" CONTENT="två"/><SP WIDTH="10" VPOS="1013" HPOS="586"/>
							<String ID="string_150" HPOS="596" VPOS="1012" WIDTH="33" HEIGHT="20" WC="0.93" CONTENT="uti"/><SP WIDTH="11" VPOS="1012" HPOS="629"/>
							<String ID="string_151" HPOS="640" VPOS="1012" WIDTH="232" HEIGHT="26" WC="0.92" CONTENT="statsrådsprotokollet"/><SP WIDTH="10" VPOS="1012" HPOS="872"/>
							<String ID="string_152" HPOS="882" VPOS="1012" WIDTH="142" HEIGHT="20" WC="0.91" CONTENT="omförmälda"/>
						</TextLine>
						<TextLine ID="line_24" HPOS="228" VPOS="1042" WIDTH="566" HEIGHT="26">
							<String ID="string_153" HPOS="228" VPOS="1042" WIDTH="69" HEIGHT="24" WC="0.96" CONTENT="lotter,"/><SP WIDTH="16" VPOS="1042" HPOS="297"/>
							<String ID="string_154" HPOS="313" VPOS="1048" WIDTH="83" HEIGHT="13" WC="0.96" CONTENT="samma"/><SP WIDTH="15" VPOS="1048" HPOS="396"/>
							<String ID="string_155" HPOS="411" VPOS="1042" WIDTH="64" HEIGHT="20" WC="0.96" CONTENT="lotter"/><SP WIDTH="15" VPOS="1042" HPOS="475"/>
							<String ID="string_156" HPOS="490" VPOS="1042" WIDTH="36" HEIGHT="19" WC="0.96" CONTENT="må"/><SP WIDTH="16" VPOS="1042" HPOS="526"/>
							<String ID="string_157" HPOS="542" VPOS="1048" WIDTH="37" HEIGHT="14" WC="0.95" CONTENT="var"/><SP WIDTH="15" VPOS="1048" HPOS="579"/>
							<String ID="string_158" HPOS="594" VPOS="1042" WIDTH="33" HEIGHT="20" WC="0.95" CONTENT="för"/><SP WIDTH="16" VPOS="1042" HPOS="627"/>
							<String ID="string_159" HPOS="643" VPOS="1042" WIDTH="32" HEIGHT="25" WC="0.93" CONTENT="sig"/><SP WIDTH="14" VPOS="1042" HPOS="675"/>
							<String ID="string_160" HPOS="689" VPOS="1042" WIDTH="105" HEIGHT="26" WC="0.92" CONTENT="försäljas."/>
						</TextLine>
					</TextBlock>
				</ComposedBlock>
				<ComposedBlock ID="cblock_11" HPOS="186" VPOS="1101" WIDTH="839" HEIGHT="414">
					<TextBlock ID="block_12" HPOS="186" VPOS="1101" WIDTH="839" HEIGHT="414">
						<TextLine ID="line_25" HPOS="186" VPOS="1101" WIDTH="839" HEIGHT="26">
							<String ID="string_161" HPOS="186" VPOS="1106" WIDTH="9" HEIGHT="15" WC="0.93" CONTENT="9"/><SP WIDTH="18" VPOS="1106" HPOS="195"/>
							<String ID="string_162" HPOS="213" VPOS="1101" WIDTH="38" HEIGHT="20" WC="0.92" CONTENT="RD"/><SP WIDTH="17" VPOS="1101" HPOS="251"/>
							<String ID="string_163" HPOS="268" VPOS="1101" WIDTH="114" HEIGHT="26" WC="0.89" CONTENT="medgiver,"/><SP WIDTH="18" VPOS="1101" HPOS="382"/>
							<String ID="string_164" HPOS="400" VPOS="1103" WIDTH="31" HEIGHT="18" WC="0.96" CONTENT="att"/><SP WIDTH="15" VPOS="1103" HPOS="431"/>
							<String ID="string_165" HPOS="446" VPOS="1102" WIDTH="31" HEIGHT="19" WC="0.96" CONTENT="ett"/><SP WIDTH="15" VPOS="1102" HPOS="477"/>
							<String ID="string_166" HPOS="492" VPOS="1101" WIDTH="76" HEIGHT="26" WC="0.96" CONTENT="utbyte"/><SP WIDTH="16" VPOS="1101" HPOS="568"/>
							<String ID="string_167" HPOS="584" VPOS="1107" WIDTH="26" HEIGHT="14" WC="0.96" CONTENT="av"/><SP WIDTH="16" VPOS="1107" HPOS="610"/>
							<String ID="string_168" HPOS="626" VPOS="1101" WIDTH="61" HEIGHT="20" WC="0.96" CONTENT="mark"/><SP WIDTH="16" VPOS="1101" HPOS="687"/>
							<String ID="string_169" HPOS="703" VPOS="1102" WIDTH="36" HEIGHT="19" WC="0.95" CONTENT="må"/><SP WIDTH="15" VPOS="1102" HPOS="739"/>
							<String ID="string_170" HPOS="754" VPOS="1103" WIDTH="39" HEIGHT="24" WC="0.96" CONTENT="äga"/><SP WIDTH="15" VPOS="1103" HPOS="793"/>
							<String ID="string_171" HPOS="808" VPOS="1108" WIDTH="48" HEIGHT="13" WC="0.96" CONTENT="rum"/><SP WIDTH="16" VPOS="1108" HPOS="856"/>
							<String ID="string_172" HPOS="872" VPOS="1101" WIDTH="80" HEIGHT="20" WC="0.93" CONTENT="mellan"/><SP WIDTH="11" VPOS="1101" HPOS="952"/>
							<String ID="string_173" HPOS="963" VPOS="1101" WIDTH="62" HEIGHT="20" WC="0.91" CONTENT="KM:t"/>
						</TextLine>
						<TextLine ID="line_26" HPOS="228" VPOS="1130" WIDTH="794" HEIGHT="27">
							<String ID="string_174" HPOS="228" VPOS="1131" WIDTH="40" HEIGHT="20" WC="0.96" CONTENT="och"/><SP WIDTH="17" VPOS="1131" HPOS="268"/>
							<String ID="string_175" HPOS="285" VPOS="1131" WIDTH="88" HEIGHT="24" WC="0.93" CONTENT="kronan,"/><SP WIDTH="20" VPOS="1131" HPOS="373"/>
							<String ID="string_176" HPOS="393" VPOS="1131" WIDTH="13" HEIGHT="19" WC="0.92" CONTENT="å"/><SP WIDTH="15" VPOS="1131" HPOS="406"/>
							<String ID="string_177" HPOS="421" VPOS="1137" WIDTH="40" HEIGHT="14" WC="0.96" CONTENT="ena"/><SP WIDTH="15" VPOS="1137" HPOS="461"/>
							<String ID="string_178" HPOS="476" VPOS="1130" WIDTH="68" HEIGHT="25" WC="0.96" CONTENT="sidan,"/><SP WIDTH="17" VPOS="1130" HPOS="544"/>
							<String ID="string_179" HPOS="561" VPOS="1131" WIDTH="40" HEIGHT="20" WC="0.96" CONTENT="och"/><SP WIDTH="17" VPOS="1131" HPOS="601"/>
							<String ID="string_180" HPOS="618" VPOS="1131" WIDTH="96" HEIGHT="26" WC="0.96" CONTENT="Uppsala"/><SP WIDTH="15" VPOS="1131" HPOS="714"/>
							<String ID="string_181" HPOS="729" VPOS="1131" WIDTH="54" HEIGHT="24" WC="0.93" CONTENT="stad,"/><SP WIDTH="16" VPOS="1131" HPOS="783"/>
							<String ID="string_182" HPOS="799" VPOS="1132" WIDTH="12" HEIGHT="19" WC="0.92" CONTENT="å"/><SP WIDTH="16" VPOS="1132" HPOS="811"/>
							<String ID="string_183" HPOS="827" VPOS="1131" WIDTH="66" HEIGHT="20" WC="0.96" CONTENT="andra"/><SP WIDTH="16" VPOS="1131" HPOS="893"/>
							<String ID="string_184" HPOS="909" VPOS="1131" WIDTH="67" HEIGHT="24" WC="0.93" CONTENT="sidan,"/><SP WIDTH="18" VPOS="1131" HPOS="976"/>
							<String ID="string_185" HPOS="994" VPOS="1132" WIDTH="28" HEIGHT="19" WC="0.93" CONTENT="så-"/>
						</TextLine>
						<TextLine ID="line_27" HPOS="228" VPOS="1160" WIDTH="796" HEIGHT="25">
							<String ID="string_186" HPOS="228" VPOS="1160" WIDTH="74" HEIGHT="25" WC="0.92" CONTENT="lunda,"/><SP WIDTH="25" VPOS="1160" HPOS="302"/>
							<String ID="string_187" HPOS="327" VPOS="1162" WIDTH="37" HEIGHT="23" WC="0.95" CONTENT="att,"/><SP WIDTH="25" VPOS="1162" HPOS="364"/>
							<String ID="string_188" HPOS="389" VPOS="1160" WIDTH="66" HEIGHT="21" WC="0.96" CONTENT="sedan"/><SP WIDTH="22" VPOS="1160" HPOS="455"/>
							<String ID="string_189" HPOS="477" VPOS="1160" WIDTH="36" HEIGHT="21" WC="0.96" CONTENT="det"/><SP WIDTH="23" VPOS="1160" HPOS="513"/>
							<String ID="string_190" HPOS="536" VPOS="1160" WIDTH="86" HEIGHT="21" WC="0.96" CONTENT="område"/><SP WIDTH="23" VPOS="1160" HPOS="622"/>
							<String ID="string_191" HPOS="645" VPOS="1167" WIDTH="36" HEIGHT="14" WC="0.96" CONTENT="om"/><SP WIDTH="24" VPOS="1167" HPOS="681"/>
							<String ID="string_192" HPOS="705" VPOS="1161" WIDTH="58" HEIGHT="20" WC="0.94" CONTENT="cirka"/><SP WIDTH="19" VPOS="1161" HPOS="763"/>
							<String ID="string_193" HPOS="782" VPOS="1161" WIDTH="12" HEIGHT="20" WC="0.96" CONTENT="3"/><SP WIDTH="17" VPOS="1161" HPOS="794"/>
							<String ID="string_194" HPOS="811" VPOS="1161" WIDTH="75" HEIGHT="20" WC="0.96" CONTENT="hektar"/><SP WIDTH="16" VPOS="1161" HPOS="886"/>
							<String ID="string_195" HPOS="902" VPOS="1168" WIDTH="26" HEIGHT="13" WC="0.96" CONTENT="av"/><SP WIDTH="16" VPOS="1168" HPOS="928"/>
							<String ID="string_196" HPOS="944" VPOS="1161" WIDTH="80" HEIGHT="20" WC="0.96" CONTENT="Ultuna"/>
						</TextLine>
						<TextLine ID="line_28" HPOS="229" VPOS="1190" WIDTH="795" HEIGHT="27">
							<String ID="string_197" HPOS="229" VPOS="1190" WIDTH="175" HEIGHT="26" WC="0.90" CONTENT="kungsladugård"/><SP WIDTH="8" VPOS="1190" HPOS="404"/>
							<String ID="string_198" HPOS="412" VPOS="1191" WIDTH="7" HEIGHT="20" WC="0.96" CONTENT="i"/><SP WIDTH="8" VPOS="1191" HPOS="419"/>
							<String ID="string_199" HPOS="427" VPOS="1190" WIDTH="96" HEIGHT="27" WC="0.96" CONTENT="Uppsala"/><SP WIDTH="8" VPOS="1190" HPOS="523"/>
							<String ID="string_200" HPOS="531" VPOS="1190" WIDTH="43" HEIGHT="24" WC="0.95" CONTENT="län,"/><SP WIDTH="7" VPOS="1190" HPOS="574"/>
							<String ID="string_201" HPOS="581" VPOS="1197" WIDTH="46" HEIGHT="14" WC="0.93" CONTENT="som"/><SP WIDTH="9" VPOS="1197" HPOS="627"/>
							<String ID="string_202" HPOS="636" VPOS="1191" WIDTH="13" HEIGHT="20" WC="0.93" CONTENT="å"/><SP WIDTH="8" VPOS="1191" HPOS="649"/>
							<String ID="string_203" HPOS="657" VPOS="1190" WIDTH="183" HEIGHT="27" WC="0.93" CONTENT="stadsingenjören"/><SP WIDTH="9" VPOS="1190" HPOS="840"/>
							<String ID="string_204" HPOS="849" VPOS="1191" WIDTH="26" HEIGHT="20" WC="0.92" CONTENT="K."/><SP WIDTH="10" VPOS="1191" HPOS="875"/>
							<String ID="string_205" HPOS="885" VPOS="1191" WIDTH="23" HEIGHT="20" WC="0.89" CONTENT="E."/><SP WIDTH="10" VPOS="1191" HPOS="908"/>
							<String ID="string_206" HPOS="918" VPOS="1191" WIDTH="106" HEIGHT="20" WC="0.91" CONTENT="Romsons"/>
						</TextLine>
						<TextLine ID="line_29" HPOS="229" VPOS="1220" WIDTH="795" HEIGHT="27">
							<String ID="string_207" HPOS="229" VPOS="1221" WIDTH="8" HEIGHT="19" WC="0.96" CONTENT="i"/><SP WIDTH="15" VPOS="1221" HPOS="237"/>
							<String ID="string_208" HPOS="252" VPOS="1220" WIDTH="88" HEIGHT="21" WC="0.93" CONTENT="ärendet"/><SP WIDTH="18" VPOS="1220" HPOS="340"/>
							<String ID="string_209" HPOS="358" VPOS="1220" WIDTH="110" HEIGHT="21" WC="0.92" CONTENT="företedda"/><SP WIDTH="16" VPOS="1220" HPOS="468"/>
							<String ID="string_210" HPOS="484" VPOS="1221" WIDTH="61" HEIGHT="20" WC="0.96" CONTENT="karta"/><SP WIDTH="15" VPOS="1221" HPOS="545"/>
							<String ID="string_211" HPOS="560" VPOS="1220" WIDTH="124" HEIGHT="21" WC="0.96" CONTENT="betecknats"/><SP WIDTH="16" VPOS="1220" HPOS="684"/>
							<String ID="string_212" HPOS="700" VPOS="1220" WIDTH="50" HEIGHT="21" WC="0.96" CONTENT="med"/><SP WIDTH="15" VPOS="1220" HPOS="750"/>
							<String ID="string_213" HPOS="765" VPOS="1221" WIDTH="39" HEIGHT="20" WC="0.96" CONTENT="röd"/><SP WIDTH="15" VPOS="1221" HPOS="804"/>
							<String ID="string_214" HPOS="819" VPOS="1221" WIDTH="53" HEIGHT="26" WC="0.96" CONTENT="färg,"/><SP WIDTH="17" VPOS="1221" HPOS="872"/>
							<String ID="string_215" HPOS="889" VPOS="1221" WIDTH="27" HEIGHT="26" WC="0.96" CONTENT="på"/><SP WIDTH="16" VPOS="1221" HPOS="916"/>
							<String ID="string_216" HPOS="932" VPOS="1220" WIDTH="92" HEIGHT="21" WC="0.96" CONTENT="kronans"/>
						</TextLine>
						<TextLine ID="line_30" HPOS="230" VPOS="1250" WIDTH="794" HEIGHT="26">
							<String ID="string_217" HPOS="230" VPOS="1250" WIDTH="119" HEIGHT="21" WC="0.93" CONTENT="bekostnad"/><SP WIDTH="18" VPOS="1250" HPOS="349"/>
							<String ID="string_218" HPOS="367" VPOS="1250" WIDTH="161" HEIGHT="26" WC="0.91" CONTENT="vederbörligen"/><SP WIDTH="20" VPOS="1250" HPOS="528"/>
							<String ID="string_219" HPOS="548" VPOS="1250" WIDTH="89" HEIGHT="21" WC="0.92" CONTENT="avskilts"/><SP WIDTH="15" VPOS="1250" HPOS="637"/>
							<String ID="string_220" HPOS="652" VPOS="1251" WIDTH="48" HEIGHT="19" WC="0.96" CONTENT="från"/><SP WIDTH="16" VPOS="1251" HPOS="700"/>
							<String ID="string_221" HPOS="716" VPOS="1250" WIDTH="137" HEIGHT="26" WC="0.96" CONTENT="egendomen,"/><SP WIDTH="17" VPOS="1250" HPOS="853"/>
							<String ID="string_222" HPOS="870" VPOS="1250" WIDTH="95" HEIGHT="21" WC="0.93" CONTENT="nämnda"/><SP WIDTH="16" VPOS="1250" HPOS="965"/>
							<String ID="string_223" HPOS="981" VPOS="1257" WIDTH="43" HEIGHT="14" WC="0.91" CONTENT="om-"/>
						</TextLine>
						<TextLine ID="line_31" HPOS="228" VPOS="1280" WIDTH="796" HEIGHT="27">
							<String ID="string_224" HPOS="228" VPOS="1280" WIDTH="50" HEIGHT="20" WC="0.96" CONTENT="råde"/><SP WIDTH="17" VPOS="1280" HPOS="278"/>
							<String ID="string_225" HPOS="295" VPOS="1281" WIDTH="36" HEIGHT="19" WC="0.96" CONTENT="må"/><SP WIDTH="15" VPOS="1281" HPOS="331"/>
							<String ID="string_226" HPOS="346" VPOS="1287" WIDTH="27" HEIGHT="14" WC="0.96" CONTENT="av"/><SP WIDTH="14" VPOS="1287" HPOS="373"/>
							<String ID="string_227" HPOS="387" VPOS="1280" WIDTH="83" HEIGHT="20" WC="0.96" CONTENT="kronan"/><SP WIDTH="16" VPOS="1280" HPOS="470"/>
							<String ID="string_228" HPOS="486" VPOS="1280" WIDTH="105" HEIGHT="21" WC="0.96" CONTENT="överlåtas"/><SP WIDTH="16" VPOS="1280" HPOS="591"/>
							<String ID="string_229" HPOS="607" VPOS="1280" WIDTH="33" HEIGHT="20" WC="0.95" CONTENT="till"/><SP WIDTH="16" VPOS="1280" HPOS="640"/>
							<String ID="string_230" HPOS="656" VPOS="1280" WIDTH="96" HEIGHT="27" WC="0.96" CONTENT="Uppsala"/><SP WIDTH="10" VPOS="1280" HPOS="752"/>
							<String ID="string_231" HPOS="762" VPOS="1280" WIDTH="55" HEIGHT="26" WC="0.96" CONTENT="stad,"/><SP WIDTH="11" VPOS="1280" HPOS="817"/>
							<String ID="string_232" HPOS="828" VPOS="1282" WIDTH="32" HEIGHT="19" WC="0.96" CONTENT="att"/><SP WIDTH="10" VPOS="1282" HPOS="860"/>
							<String ID="string_233" HPOS="870" VPOS="1280" WIDTH="96" HEIGHT="27" WC="0.96" CONTENT="Uppsala"/><SP WIDTH="11" VPOS="1280" HPOS="966"/>
							<String ID="string_234" HPOS="977" VPOS="1280" WIDTH="47" HEIGHT="21" WC="0.95" CONTENT="stad"/>
						</TextLine>
						<TextLine ID="line_32" HPOS="229" VPOS="1310" WIDTH="795" HEIGHT="26">
							<String ID="string_235" HPOS="229" VPOS="1310" WIDTH="34" HEIGHT="20" WC="0.96" CONTENT="till"/><SP WIDTH="16" VPOS="1310" HPOS="263"/>
							<String ID="string_236" HPOS="279" VPOS="1310" WIDTH="81" HEIGHT="20" WC="0.96" CONTENT="kronan"/><SP WIDTH="15" VPOS="1310" HPOS="360"/>
							<String ID="string_237" HPOS="375" VPOS="1310" WIDTH="104" HEIGHT="21" WC="0.96" CONTENT="överlåter"/><SP WIDTH="10" VPOS="1310" HPOS="479"/>
							<String ID="string_238" HPOS="489" VPOS="1310" WIDTH="152" HEIGHT="26" WC="0.96" CONTENT="äganderätten"/><SP WIDTH="11" VPOS="1310" HPOS="641"/>
							<String ID="string_239" HPOS="652" VPOS="1310" WIDTH="33" HEIGHT="20" WC="0.96" CONTENT="till"/><SP WIDTH="11" VPOS="1310" HPOS="685"/>
							<String ID="string_240" HPOS="696" VPOS="1310" WIDTH="37" HEIGHT="21" WC="0.96" CONTENT="det"/><SP WIDTH="10" VPOS="1310" HPOS="733"/>
							<String ID="string_241" HPOS="743" VPOS="1310" WIDTH="86" HEIGHT="20" WC="0.96" CONTENT="område"/><SP WIDTH="12" VPOS="1310" HPOS="829"/>
							<String ID="string_242" HPOS="841" VPOS="1317" WIDTH="34" HEIGHT="13" WC="0.96" CONTENT="om"/><SP WIDTH="13" VPOS="1317" HPOS="875"/>
							<String ID="string_243" HPOS="888" VPOS="1310" WIDTH="48" HEIGHT="21" WC="0.96" CONTENT="2.48"/><SP WIDTH="13" VPOS="1310" HPOS="936"/>
							<String ID="string_244" HPOS="949" VPOS="1310" WIDTH="75" HEIGHT="20" WC="0.95" CONTENT="hektar"/>
						</TextLine>
						<TextLine ID="line_33" HPOS="230" VPOS="1340" WIDTH="794" HEIGHT="27">
							<String ID="string_245" HPOS="230" VPOS="1347" WIDTH="26" HEIGHT="13" WC="0.96" CONTENT="av"/><SP WIDTH="15" VPOS="1347" HPOS="256"/>
							<String ID="string_246" HPOS="271" VPOS="1340" WIDTH="75" HEIGHT="20" WC="0.96" CONTENT="staden"/><SP WIDTH="16" VPOS="1340" HPOS="346"/>
							<String ID="string_247" HPOS="362" VPOS="1340" WIDTH="108" HEIGHT="26" WC="0.93" CONTENT="tillhöriga"/><SP WIDTH="11" VPOS="1340" HPOS="470"/>
							<String ID="string_248" HPOS="481" VPOS="1340" WIDTH="113" HEIGHT="26" WC="0.91" CONTENT="stadsägan"/><SP WIDTH="16" VPOS="1340" HPOS="594"/>
							<String ID="string_249" HPOS="610" VPOS="1347" WIDTH="25" HEIGHT="13" WC="0.96" CONTENT="nr"/><SP WIDTH="15" VPOS="1347" HPOS="635"/>
							<String ID="string_250" HPOS="650" VPOS="1340" WIDTH="49" HEIGHT="25" WC="0.96" CONTENT="328,"/><SP WIDTH="12" VPOS="1340" HPOS="699"/>
							<String ID="string_251" HPOS="711" VPOS="1347" WIDTH="45" HEIGHT="13" WC="0.93" CONTENT="som"/><SP WIDTH="12" VPOS="1347" HPOS="756"/>
							<String ID="string_252" HPOS="768" VPOS="1341" WIDTH="12" HEIGHT="19" WC="0.91" CONTENT="å"/><SP WIDTH="11" VPOS="1341" HPOS="780"/>
							<String ID="string_253" HPOS="791" VPOS="1340" WIDTH="233" HEIGHT="27" WC="0.92" CONTENT="mätningsingenjören"/>
						</TextLine>
						<TextLine ID="line_34" HPOS="229" VPOS="1369" WIDTH="795" HEIGHT="27">
							<String ID="string_254" HPOS="229" VPOS="1370" WIDTH="24" HEIGHT="20" WC="0.90" CONTENT="E."/><SP WIDTH="18" VPOS="1370" HPOS="253"/>
							<String ID="string_255" HPOS="271" VPOS="1369" WIDTH="111" HEIGHT="21" WC="0.88" CONTENT="Nohldéns"/><SP WIDTH="16" VPOS="1369" HPOS="382"/>
							<String ID="string_256" HPOS="398" VPOS="1370" WIDTH="7" HEIGHT="20" WC="0.97" CONTENT="i"/><SP WIDTH="16" VPOS="1370" HPOS="405"/>
							<String ID="string_257" HPOS="421" VPOS="1369" WIDTH="88" HEIGHT="21" WC="0.93" CONTENT="ärendet"/><SP WIDTH="15" VPOS="1369" HPOS="509"/>
							<String ID="string_258" HPOS="524" VPOS="1369" WIDTH="111" HEIGHT="21" WC="0.92" CONTENT="företedda"/><SP WIDTH="15" VPOS="1369" HPOS="635"/>
							<String ID="string_259" HPOS="650" VPOS="1370" WIDTH="61" HEIGHT="20" WC="0.96" CONTENT="karta"/><SP WIDTH="15" VPOS="1370" HPOS="711"/>
							<String ID="string_260" HPOS="726" VPOS="1370" WIDTH="91" HEIGHT="26" WC="0.96" CONTENT="angivits"/><SP WIDTH="17" VPOS="1370" HPOS="817"/>
							<String ID="string_261" HPOS="834" VPOS="1370" WIDTH="49" HEIGHT="20" WC="0.96" CONTENT="med"/><SP WIDTH="16" VPOS="1370" HPOS="883"/>
							<String ID="string_262" HPOS="899" VPOS="1370" WIDTH="38" HEIGHT="20" WC="0.93" CONTENT="röd"/><SP WIDTH="11" VPOS="1370" HPOS="937"/>
							<String ID="string_263" HPOS="948" VPOS="1370" WIDTH="76" HEIGHT="20" WC="0.91" CONTENT="streck-"/>
						</TextLine>
						<TextLine ID="line_35" HPOS="229" VPOS="1399" WIDTH="796" HEIGHT="27">
							<String ID="string_264" HPOS="229" VPOS="1400" WIDTH="58" HEIGHT="25" WC="0.95" CONTENT="ning,"/><SP WIDTH="24" VPOS="1400" HPOS="287"/>
							<String ID="string_265" HPOS="311" VPOS="1401" WIDTH="32" HEIGHT="19" WC="0.96" CONTENT="att"/><SP WIDTH="23" VPOS="1401" HPOS="343"/>
							<String ID="string_266" HPOS="366" VPOS="1400" WIDTH="26" HEIGHT="20" WC="0.96" CONTENT="de"/><SP WIDTH="23" VPOS="1400" HPOS="392"/>
							<String ID="string_267" HPOS="415" VPOS="1400" WIDTH="8" HEIGHT="20" WC="0.95" CONTENT="i"/><SP WIDTH="19" VPOS="1400" HPOS="423"/>
							<String ID="string_268" HPOS="442" VPOS="1400" WIDTH="60" HEIGHT="26" WC="0.96" CONTENT="bytet"/><SP WIDTH="22" VPOS="1400" HPOS="502"/>
							<String ID="string_269" HPOS="524" VPOS="1399" WIDTH="104" HEIGHT="26" WC="0.93" CONTENT="ingående"/><SP WIDTH="22" VPOS="1399" HPOS="628"/>
							<String ID="string_270" HPOS="650" VPOS="1400" WIDTH="177" HEIGHT="20" WC="0.92" CONTENT="markområdena"/><SP WIDTH="23" VPOS="1400" HPOS="827"/>
							<String ID="string_271" HPOS="850" VPOS="1401" WIDTH="13" HEIGHT="19" WC="0.93" CONTENT="å"/><SP WIDTH="22" VPOS="1401" HPOS="863"/>
							<String ID="string_272" HPOS="885" VPOS="1401" WIDTH="59" HEIGHT="19" WC="0.94" CONTENT="ömse"/><SP WIDTH="24" VPOS="1401" HPOS="944"/>
							<String ID="string_273" HPOS="968" VPOS="1400" WIDTH="57" HEIGHT="20" WC="0.94" CONTENT="sidor"/>
						</TextLine>
						<TextLine ID="line_36" HPOS="229" VPOS="1429" WIDTH="796" HEIGHT="27">
							<String ID="string_274" HPOS="229" VPOS="1429" WIDTH="84" HEIGHT="20" WC="0.96" CONTENT="lämnas"/><SP WIDTH="15" VPOS="1429" HPOS="313"/>
							<String ID="string_275" HPOS="328" VPOS="1430" WIDTH="41" HEIGHT="19" WC="0.96" CONTENT="fria"/><SP WIDTH="15" VPOS="1430" HPOS="369"/>
							<String ID="string_276" HPOS="384" VPOS="1430" WIDTH="48" HEIGHT="19" WC="0.95" CONTENT="från"/><SP WIDTH="16" VPOS="1430" HPOS="432"/>
							<String ID="string_277" HPOS="448" VPOS="1429" WIDTH="43" HEIGHT="20" WC="0.93" CONTENT="alla"/><SP WIDTH="15" VPOS="1429" HPOS="491"/>
							<String ID="string_278" HPOS="506" VPOS="1430" WIDTH="139" HEIGHT="25" WC="0.91" CONTENT="gravationer,"/><SP WIDTH="17" VPOS="1430" HPOS="645"/>
							<String ID="string_279" HPOS="662" VPOS="1431" WIDTH="56" HEIGHT="19" WC="0.96" CONTENT="samt"/><SP WIDTH="16" VPOS="1431" HPOS="718"/>
							<String ID="string_280" HPOS="734" VPOS="1431" WIDTH="31" HEIGHT="19" WC="0.96" CONTENT="att"/><SP WIDTH="15" VPOS="1431" HPOS="765"/>
							<String ID="string_281" HPOS="780" VPOS="1430" WIDTH="82" HEIGHT="20" WC="0.96" CONTENT="kronan"/><SP WIDTH="16" VPOS="1430" HPOS="862"/>
							<String ID="string_282" HPOS="878" VPOS="1430" WIDTH="40" HEIGHT="20" WC="0.96" CONTENT="och"/><SP WIDTH="11" VPOS="1430" HPOS="918"/>
							<String ID="string_283" HPOS="929" VPOS="1430" WIDTH="96" HEIGHT="26" WC="0.96" CONTENT="Uppsala"/>
						</TextLine>
						<TextLine ID="line_37" HPOS="230" VPOS="1459" WIDTH="795" HEIGHT="27">
							<String ID="string_284" HPOS="230" VPOS="1459" WIDTH="47" HEIGHT="20" WC="0.96" CONTENT="stad"/><SP WIDTH="16" VPOS="1459" HPOS="277"/>
							<String ID="string_285" HPOS="293" VPOS="1466" WIDTH="37" HEIGHT="13" WC="0.96" CONTENT="var"/><SP WIDTH="15" VPOS="1466" HPOS="330"/>
							<String ID="string_286" HPOS="345" VPOS="1459" WIDTH="33" HEIGHT="20" WC="0.95" CONTENT="för"/><SP WIDTH="15" VPOS="1459" HPOS="378"/>
							<String ID="string_287" HPOS="393" VPOS="1460" WIDTH="32" HEIGHT="25" WC="0.96" CONTENT="sig"/><SP WIDTH="15" VPOS="1460" HPOS="425"/>
							<String ID="string_288" HPOS="440" VPOS="1459" WIDTH="94" HEIGHT="20" WC="0.96" CONTENT="bestrida"/><SP WIDTH="16" VPOS="1459" HPOS="534"/>
							<String ID="string_289" HPOS="550" VPOS="1459" WIDTH="143" HEIGHT="21" WC="0.96" CONTENT="kostnaderna"/><SP WIDTH="15" VPOS="1459" HPOS="693"/>
							<String ID="string_290" HPOS="708" VPOS="1460" WIDTH="33" HEIGHT="19" WC="0.96" CONTENT="för"/><SP WIDTH="15" VPOS="1460" HPOS="741"/>
							<String ID="string_291" HPOS="756" VPOS="1460" WIDTH="78" HEIGHT="26" WC="0.93" CONTENT="lagfart"/><SP WIDTH="15" VPOS="1460" HPOS="834"/>
							<String ID="string_292" HPOS="849" VPOS="1460" WIDTH="13" HEIGHT="20" WC="0.92" CONTENT="å"/><SP WIDTH="15" VPOS="1460" HPOS="862"/>
							<String ID="string_293" HPOS="877" VPOS="1466" WIDTH="76" HEIGHT="19" WC="0.96" CONTENT="genom"/><SP WIDTH="12" VPOS="1466" HPOS="953"/>
							<String ID="string_294" HPOS="965" VPOS="1460" WIDTH="60" HEIGHT="26" WC="0.96" CONTENT="bytet"/>
						</TextLine>
						<TextLine ID="line_38" HPOS="229" VPOS="1489" WIDTH="224" HEIGHT="26">
							<String ID="string_295" HPOS="229" VPOS="1489" WIDTH="101" HEIGHT="20" WC="0.92" CONTENT="tillfallen"/><SP WIDTH="16" VPOS="1489" HPOS="330"/>
							<String ID="string_296" HPOS="346" VPOS="1489" WIDTH="107" HEIGHT="26" WC="0.96" CONTENT="fastighet."/>
						</TextLine>
					</TextBlock>
				</ComposedBlock>
				<ComposedBlock ID="cblock_12" HPOS="173" VPOS="1547" WIDTH="852" HEIGHT="327">
					<TextBlock ID="block_13" HPOS="200" VPOS="1547" WIDTH="323" HEIGHT="22">
						<TextLine ID="line_39" HPOS="200" VPOS="1547" WIDTH="323" HEIGHT="22">
							<String ID="string_297" HPOS="200" VPOS="1549" WIDTH="62" HEIGHT="20" WC="0.96" CONTENT="Inom"/><SP WIDTH="18" VPOS="1549" HPOS="262"/>
							<String ID="string_298" HPOS="280" VPOS="1547" WIDTH="183" HEIGHT="22" WC="0.87" CONTENT="Södermanlands"/><SP WIDTH="15" VPOS="1547" HPOS="463"/>
							<String ID="string_299" HPOS="478" VPOS="1549" WIDTH="45" HEIGHT="20" WC="0.95" CONTENT="län:"/>
						</TextLine>
					</TextBlock>
					<TextBlock ID="block_14" HPOS="173" VPOS="1578" WIDTH="852" HEIGHT="296">
						<TextLine ID="line_40" HPOS="173" VPOS="1578" WIDTH="851" HEIGHT="28">
							<String ID="string_300" HPOS="173" VPOS="1584" WIDTH="24" HEIGHT="15" WC="0.93" CONTENT="10"/><SP WIDTH="17" VPOS="1584" HPOS="197"/>
							<String ID="string_301" HPOS="214" VPOS="1579" WIDTH="38" HEIGHT="20" WC="0.90" CONTENT="RD"/><SP WIDTH="16" VPOS="1579" HPOS="252"/>
							<String ID="string_302" HPOS="268" VPOS="1578" WIDTH="114" HEIGHT="27" WC="0.90" CONTENT="medgiver,"/><SP WIDTH="17" VPOS="1578" HPOS="382"/>
							<String ID="string_303" HPOS="399" VPOS="1579" WIDTH="45" HEIGHT="20" WC="0.96" CONTENT="dels"/><SP WIDTH="16" VPOS="1579" HPOS="444"/>
							<String ID="string_304" HPOS="460" VPOS="1581" WIDTH="32" HEIGHT="18" WC="0.96" CONTENT="att"/><SP WIDTH="15" VPOS="1581" HPOS="492"/>
							<String ID="string_305" HPOS="507" VPOS="1579" WIDTH="42" HEIGHT="20" WC="0.96" CONTENT="den"/><SP WIDTH="15" VPOS="1579" HPOS="549"/>
							<String ID="string_306" HPOS="564" VPOS="1579" WIDTH="8" HEIGHT="20" WC="0.93" CONTENT="i"/><SP WIDTH="16" VPOS="1579" HPOS="572"/>
							<String ID="string_307" HPOS="588" VPOS="1579" WIDTH="232" HEIGHT="27" WC="0.91" CONTENT="statsrådsprotokollet"/><SP WIDTH="10" VPOS="1579" HPOS="820"/>
							<String ID="string_308" HPOS="830" VPOS="1579" WIDTH="149" HEIGHT="25" WC="0.91" CONTENT="omförmälda,"/><SP WIDTH="12" VPOS="1579" HPOS="979"/>
							<String ID="string_309" HPOS="991" VPOS="1579" WIDTH="33" HEIGHT="20" WC="0.96" CONTENT="till"/>
						</TextLine>
						<TextLine ID="line_41" HPOS="229" VPOS="1608" WIDTH="795" HEIGHT="27">
							<String ID="string_310" HPOS="229" VPOS="1609" WIDTH="199" HEIGHT="25" WC="0.91" CONTENT="kronoegendomen"/><SP WIDTH="17" VPOS="1609" HPOS="428"/>
							<String ID="string_311" HPOS="445" VPOS="1608" WIDTH="27" HEIGHT="27" WC="0.63" CONTENT="!/;"/><SP WIDTH="18" VPOS="1608" HPOS="472"/>
							<String ID="string_312" HPOS="490" VPOS="1609" WIDTH="81" HEIGHT="20" WC="0.93" CONTENT="mantal"/><SP WIDTH="16" VPOS="1609" HPOS="571"/>
							<String ID="string_313" HPOS="587" VPOS="1609" WIDTH="131" HEIGHT="20" WC="0.92" CONTENT="Furholmen"/><SP WIDTH="16" VPOS="1609" HPOS="718"/>
							<String ID="string_314" HPOS="734" VPOS="1609" WIDTH="51" HEIGHT="20" WC="0.92" CONTENT="eller"/><SP WIDTH="15" VPOS="1609" HPOS="785"/>
							<String ID="string_315" HPOS="800" VPOS="1609" WIDTH="131" HEIGHT="20" WC="0.91" CONTENT="Fruholmen"/><SP WIDTH="16" VPOS="1609" HPOS="931"/>
							<String ID="string_316" HPOS="947" VPOS="1616" WIDTH="25" HEIGHT="13" WC="0.94" CONTENT="nr"/><SP WIDTH="17" VPOS="1616" HPOS="972"/>
							<String ID="string_317" HPOS="989" VPOS="1608" WIDTH="11" HEIGHT="21" WC="0.34" CONTENT="1"/><SP WIDTH="3" VPOS="1608" HPOS="1000"/>
							<String ID="string_318" HPOS="1003" VPOS="1604" WIDTH="14" HEIGHT="35" WC="0.34" CONTENT="i"/>
						</TextLine>
						<TextLine ID="line_42" HPOS="230" VPOS="1638" WIDTH="795" HEIGHT="27">
							<String ID="string_319" HPOS="230" VPOS="1638" WIDTH="212" HEIGHT="26" WC="0.92" CONTENT="Trosa-Vagnhärads"/><SP WIDTH="11" VPOS="1638" HPOS="442"/>
							<String ID="string_320" HPOS="453" VPOS="1639" WIDTH="78" HEIGHT="20" WC="0.96" CONTENT="socken"/><SP WIDTH="11" VPOS="1639" HPOS="531"/>
							<String ID="string_321" HPOS="542" VPOS="1638" WIDTH="94" HEIGHT="21" WC="0.93" CONTENT="hörande"/><SP WIDTH="11" VPOS="1638" HPOS="636"/>
							<String ID="string_322" HPOS="647" VPOS="1640" WIDTH="78" HEIGHT="25" WC="0.92" CONTENT="utägan"/><SP WIDTH="8" VPOS="1640" HPOS="725"/>
							<String ID="string_323" HPOS="733" VPOS="1639" WIDTH="77" HEIGHT="20" WC="0.91" CONTENT="Kärret"/><SP WIDTH="8" VPOS="1639" HPOS="810"/>
							<String ID="string_324" HPOS="818" VPOS="1645" WIDTH="35" HEIGHT="14" WC="0.92" CONTENT="om"/><SP WIDTH="8" VPOS="1645" HPOS="853"/>
							<String ID="string_325" HPOS="861" VPOS="1639" WIDTH="78" HEIGHT="21" WC="0.90" CONTENT="5.4265"/><SP WIDTH="10" VPOS="1639" HPOS="939"/>
							<String ID="string_326" HPOS="949" VPOS="1639" WIDTH="76" HEIGHT="20" WC="0.96" CONTENT="hektar"/>
						</TextLine>
						<TextLine ID="line_43" HPOS="229" VPOS="1668" WIDTH="795" HEIGHT="27">
							<String ID="string_327" HPOS="229" VPOS="1669" WIDTH="36" HEIGHT="19" WC="0.95" CONTENT="må"/><SP WIDTH="23" VPOS="1669" HPOS="265"/>
							<String ID="string_328" HPOS="288" VPOS="1668" WIDTH="47" HEIGHT="21" WC="0.94" CONTENT="från"/><SP WIDTH="24" VPOS="1668" HPOS="335"/>
							<String ID="string_329" HPOS="359" VPOS="1668" WIDTH="131" HEIGHT="26" WC="0.92" CONTENT="egendomen"/><SP WIDTH="24" VPOS="1668" HPOS="490"/>
							<String ID="string_330" HPOS="514" VPOS="1668" WIDTH="112" HEIGHT="27" WC="0.92" CONTENT="avstyckas"/><SP WIDTH="19" VPOS="1668" HPOS="626"/>
							<String ID="string_331" HPOS="645" VPOS="1669" WIDTH="40" HEIGHT="20" WC="0.97" CONTENT="och"/><SP WIDTH="18" VPOS="1669" HPOS="685"/>
							<String ID="string_332" HPOS="703" VPOS="1668" WIDTH="34" HEIGHT="21" WC="0.96" CONTENT="till"/><SP WIDTH="16" VPOS="1668" HPOS="737"/>
							<String ID="string_333" HPOS="753" VPOS="1668" WIDTH="129" HEIGHT="27" WC="0.96" CONTENT="godsägaren"/><SP WIDTH="16" VPOS="1668" HPOS="882"/>
							<String ID="string_334" HPOS="898" VPOS="1669" WIDTH="65" HEIGHT="20" WC="0.93" CONTENT="Ernst"/><SP WIDTH="15" VPOS="1669" HPOS="963"/>
							<String ID="string_335" HPOS="978" VPOS="1669" WIDTH="46" HEIGHT="20" WC="0.80" CONTENT="Isoz"/>
						</TextLine>
						<TextLine ID="line_44" HPOS="229" VPOS="1698" WIDTH="795" HEIGHT="27">
							<String ID="string_336" HPOS="229" VPOS="1698" WIDTH="98" HEIGHT="27" WC="0.91" CONTENT="försäljas"/><SP WIDTH="22" VPOS="1698" HPOS="327"/>
							<String ID="string_337" HPOS="349" VPOS="1700" WIDTH="46" HEIGHT="19" WC="0.96" CONTENT="mot"/><SP WIDTH="23" VPOS="1700" HPOS="395"/>
							<String ID="string_338" HPOS="418" VPOS="1705" WIDTH="26" HEIGHT="14" WC="0.95" CONTENT="en"/><SP WIDTH="24" VPOS="1705" HPOS="444"/>
							<String ID="string_339" HPOS="468" VPOS="1698" WIDTH="144" HEIGHT="26" WC="0.95" CONTENT="köpeskilling"/><SP WIDTH="18" VPOS="1698" HPOS="612"/>
							<String ID="string_340" HPOS="630" VPOS="1705" WIDTH="26" HEIGHT="14" WC="0.96" CONTENT="av"/><SP WIDTH="20" VPOS="1705" HPOS="656"/>
							<String ID="string_341" HPOS="676" VPOS="1698" WIDTH="66" HEIGHT="21" WC="0.92" CONTENT="4350"/><SP WIDTH="19" VPOS="1698" HPOS="742"/>
							<String ID="string_342" HPOS="761" VPOS="1699" WIDTH="31" HEIGHT="20" WC="0.92" CONTENT="kr."/><SP WIDTH="20" VPOS="1699" HPOS="792"/>
							<String ID="string_343" HPOS="812" VPOS="1701" WIDTH="57" HEIGHT="18" WC="0.96" CONTENT="samt"/><SP WIDTH="15" VPOS="1701" HPOS="869"/>
							<String ID="string_344" HPOS="884" VPOS="1698" WIDTH="68" HEIGHT="21" WC="0.96" CONTENT="under"/><SP WIDTH="15" VPOS="1698" HPOS="952"/>
							<String ID="string_345" HPOS="967" VPOS="1699" WIDTH="57" HEIGHT="20" WC="0.96" CONTENT="vissa"/>
						</TextLine>
						<TextLine ID="line_45" HPOS="229" VPOS="1728" WIDTH="796" HEIGHT="27">
							<String ID="string_346" HPOS="229" VPOS="1729" WIDTH="92" HEIGHT="25" WC="0.96" CONTENT="angivna"/><SP WIDTH="15" VPOS="1729" HPOS="321"/>
							<String ID="string_347" HPOS="336" VPOS="1728" WIDTH="86" HEIGHT="24" WC="0.96" CONTENT="villkor;"/><SP WIDTH="18" VPOS="1728" HPOS="422"/>
							<String ID="string_348" HPOS="440" VPOS="1728" WIDTH="45" HEIGHT="21" WC="0.96" CONTENT="dels"/><SP WIDTH="14" VPOS="1728" HPOS="485"/>
							<String ID="string_349" HPOS="499" VPOS="1728" WIDTH="39" HEIGHT="20" WC="0.96" CONTENT="ock"/><SP WIDTH="11" VPOS="1728" HPOS="538"/>
							<String ID="string_350" HPOS="549" VPOS="1730" WIDTH="32" HEIGHT="19" WC="0.96" CONTENT="att"/><SP WIDTH="10" VPOS="1730" HPOS="581"/>
							<String ID="string_351" HPOS="591" VPOS="1730" WIDTH="31" HEIGHT="19" WC="0.96" CONTENT="ett"/><SP WIDTH="10" VPOS="1730" HPOS="622"/>
							<String ID="string_352" HPOS="632" VPOS="1728" WIDTH="79" HEIGHT="27" WC="0.96" CONTENT="belopp"/><SP WIDTH="10" VPOS="1728" HPOS="711"/>
							<String ID="string_353" HPOS="721" VPOS="1728" WIDTH="149" HEIGHT="21" WC="0.96" CONTENT="motsvarande"/><SP WIDTH="12" VPOS="1728" HPOS="870"/>
							<String ID="string_354" HPOS="882" VPOS="1729" WIDTH="43" HEIGHT="20" WC="0.96" CONTENT="fem"/><SP WIDTH="12" VPOS="1729" HPOS="925"/>
							<String ID="string_355" HPOS="937" VPOS="1730" WIDTH="88" HEIGHT="25" WC="0.95" CONTENT="procent"/>
						</TextLine>
						<TextLine ID="line_46" HPOS="228" VPOS="1758" WIDTH="796" HEIGHT="27">
							<String ID="string_356" HPOS="228" VPOS="1760" WIDTH="61" HEIGHT="19" WC="0.93" CONTENT="ränta"/><SP WIDTH="18" VPOS="1760" HPOS="289"/>
							<String ID="string_357" HPOS="307" VPOS="1759" WIDTH="13" HEIGHT="19" WC="0.92" CONTENT="å"/><SP WIDTH="19" VPOS="1759" HPOS="320"/>
							<String ID="string_358" HPOS="339" VPOS="1758" WIDTH="89" HEIGHT="20" WC="0.96" CONTENT="berörda"/><SP WIDTH="22" VPOS="1758" HPOS="428"/>
							<String ID="string_359" HPOS="450" VPOS="1758" WIDTH="145" HEIGHT="26" WC="0.96" CONTENT="köpeskilling"/><SP WIDTH="14" VPOS="1758" HPOS="595"/>
							<String ID="string_360" HPOS="609" VPOS="1759" WIDTH="37" HEIGHT="19" WC="0.96" CONTENT="må"/><SP WIDTH="15" VPOS="1759" HPOS="646"/>
							<String ID="string_361" HPOS="661" VPOS="1758" WIDTH="80" HEIGHT="26" WC="0.96" CONTENT="årligen"/><SP WIDTH="16" VPOS="1758" HPOS="741"/>
							<String ID="string_362" HPOS="757" VPOS="1765" WIDTH="26" HEIGHT="14" WC="0.93" CONTENT="ur"/><SP WIDTH="15" VPOS="1765" HPOS="783"/>
							<String ID="string_363" HPOS="798" VPOS="1758" WIDTH="160" HEIGHT="21" WC="0.92" CONTENT="domänfonden"/><SP WIDTH="15" VPOS="1758" HPOS="958"/>
							<String ID="string_364" HPOS="973" VPOS="1759" WIDTH="51" HEIGHT="26" WC="0.95" CONTENT="utgå"/>
						</TextLine>
						<TextLine ID="line_47" HPOS="228" VPOS="1788" WIDTH="796" HEIGHT="26">
							<String ID="string_365" HPOS="228" VPOS="1788" WIDTH="34" HEIGHT="20" WC="0.81" CONTENT="till"/><SP WIDTH="23" VPOS="1788" HPOS="262"/>
							<String ID="string_366" HPOS="285" VPOS="1788" WIDTH="113" HEIGHT="26" WC="0.81" CONTENT="Tullgarns"/><SP WIDTH="23" VPOS="1788" HPOS="398"/>
							<String ID="string_367" HPOS="421" VPOS="1788" WIDTH="193" HEIGHT="26" WC="0.86" CONTENT="slottsförvaltning"/><SP WIDTH="22" VPOS="1788" HPOS="614"/>
							<String ID="string_368" HPOS="636" VPOS="1788" WIDTH="33" HEIGHT="20" WC="0.96" CONTENT="för"/><SP WIDTH="23" VPOS="1788" HPOS="669"/>
							<String ID="string_369" HPOS="692" VPOS="1788" WIDTH="36" HEIGHT="20" WC="0.96" CONTENT="det"/><SP WIDTH="15" VPOS="1788" HPOS="728"/>
							<String ID="string_370" HPOS="743" VPOS="1788" WIDTH="101" HEIGHT="20" WC="0.96" CONTENT="ändamål"/><SP WIDTH="16" VPOS="1788" HPOS="844"/>
							<String ID="string_371" HPOS="860" VPOS="1788" WIDTH="40" HEIGHT="20" WC="0.96" CONTENT="och"/><SP WIDTH="16" VPOS="1788" HPOS="900"/>
							<String ID="string_372" HPOS="916" VPOS="1788" WIDTH="67" HEIGHT="26" WC="0.96" CONTENT="enligt"/><SP WIDTH="15" VPOS="1788" HPOS="983"/>
							<String ID="string_373" HPOS="998" VPOS="1788" WIDTH="26" HEIGHT="21" WC="0.95" CONTENT="de"/>
						</TextLine>
						<TextLine ID="line_48" HPOS="227" VPOS="1817" WIDTH="797" HEIGHT="27">
							<String ID="string_374" HPOS="227" VPOS="1818" WIDTH="99" HEIGHT="26" WC="0.95" CONTENT="grunder,"/><SP WIDTH="20" VPOS="1818" HPOS="326"/>
							<String ID="string_375" HPOS="346" VPOS="1824" WIDTH="46" HEIGHT="14" WC="0.96" CONTENT="som"/><SP WIDTH="16" VPOS="1824" HPOS="392"/>
							<String ID="string_376" HPOS="408" VPOS="1818" WIDTH="8" HEIGHT="19" WC="0.93" CONTENT="i"/><SP WIDTH="15" VPOS="1818" HPOS="416"/>
							<String ID="string_377" HPOS="431" VPOS="1818" WIDTH="71" HEIGHT="20" WC="0.92" CONTENT="KM:ts"/><SP WIDTH="16" VPOS="1818" HPOS="502"/>
							<String ID="string_378" HPOS="518" VPOS="1818" WIDTH="8" HEIGHT="19" WC="0.93" CONTENT="i"/><SP WIDTH="16" VPOS="1818" HPOS="526"/>
							<String ID="string_379" HPOS="542" VPOS="1817" WIDTH="232" HEIGHT="27" WC="0.91" CONTENT="statsrådsprotokollet"/><SP WIDTH="21" VPOS="1817" HPOS="774"/>
							<String ID="string_380" HPOS="795" VPOS="1818" WIDTH="143" HEIGHT="20" WC="0.92" CONTENT="omförmälda"/><SP WIDTH="16" VPOS="1818" HPOS="938"/>
							<String ID="string_381" HPOS="954" VPOS="1818" WIDTH="70" HEIGHT="20" WC="0.96" CONTENT="beslut"/>
						</TextLine>
						<TextLine ID="line_49" HPOS="228" VPOS="1847" WIDTH="370" HEIGHT="27">
							<String ID="string_382" HPOS="228" VPOS="1847" WIDTH="42" HEIGHT="21" WC="0.96" CONTENT="den"/><SP WIDTH="17" VPOS="1847" HPOS="270"/>
							<String ID="string_383" HPOS="287" VPOS="1847" WIDTH="27" HEIGHT="21" WC="0.96" CONTENT="18"/><SP WIDTH="15" VPOS="1847" HPOS="314"/>
							<String ID="string_384" HPOS="329" VPOS="1848" WIDTH="48" HEIGHT="26" WC="0.96" CONTENT="juni"/><SP WIDTH="17" VPOS="1848" HPOS="377"/>
							<String ID="string_385" HPOS="394" VPOS="1847" WIDTH="57" HEIGHT="21" WC="0.96" CONTENT="1920"/><SP WIDTH="16" VPOS="1847" HPOS="451"/>
							<String ID="string_386" HPOS="467" VPOS="1848" WIDTH="131" HEIGHT="20" WC="0.96" CONTENT="förutsättas."/>
						</TextLine>
					</TextBlock>
				</ComposedBlock>
				<ComposedBlock ID="cblock_13" HPOS="171" VPOS="1905" WIDTH="853" HEIGHT="148">
					<TextBlock ID="block_15" HPOS="171" VPOS="1905" WIDTH="853" HEIGHT="148">
						<TextLine ID="line_50" HPOS="171" VPOS="1905" WIDTH="852" HEIGHT="29">
							<String ID="string_387" HPOS="171" VPOS="1911" WIDTH="23" HEIGHT="15" WC="0.92" CONTENT="11"/><SP WIDTH="19" VPOS="1911" HPOS="194"/>
							<String ID="string_388" HPOS="213" VPOS="1906" WIDTH="38" HEIGHT="20" WC="0.92" CONTENT="RD"/><SP WIDTH="15" VPOS="1906" HPOS="251"/>
							<String ID="string_389" HPOS="266" VPOS="1906" WIDTH="115" HEIGHT="26" WC="0.91" CONTENT="medgiver,"/><SP WIDTH="16" VPOS="1906" HPOS="381"/>
							<String ID="string_390" HPOS="397" VPOS="1907" WIDTH="33" HEIGHT="19" WC="0.93" CONTENT="att"/><SP WIDTH="14" VPOS="1907" HPOS="430"/>
							<String ID="string_391" HPOS="444" VPOS="1906" WIDTH="200" HEIGHT="26" WC="0.92" CONTENT="kronoegendomen"/><SP WIDTH="18" VPOS="1906" HPOS="644"/>
							<String ID="string_392" HPOS="662" VPOS="1905" WIDTH="25" HEIGHT="27" WC="0.91" CONTENT="!/,"/><SP WIDTH="18" VPOS="1905" HPOS="687"/>
							<String ID="string_393" HPOS="705" VPOS="1906" WIDTH="82" HEIGHT="21" WC="0.95" CONTENT="mantal"/><SP WIDTH="11" VPOS="1906" HPOS="787"/>
							<String ID="string_394" HPOS="798" VPOS="1906" WIDTH="63" HEIGHT="21" WC="0.96" CONTENT="Valla"/><SP WIDTH="11" VPOS="1906" HPOS="861"/>
							<String ID="string_395" HPOS="872" VPOS="1914" WIDTH="25" HEIGHT="13" WC="0.95" CONTENT="nr"/><SP WIDTH="11" VPOS="1914" HPOS="897"/>
							<String ID="string_396" HPOS="908" VPOS="1907" WIDTH="12" HEIGHT="20" WC="0.95" CONTENT="2"/><SP WIDTH="12" VPOS="1907" HPOS="920"/>
							<String ID="string_397" HPOS="932" VPOS="1907" WIDTH="7" HEIGHT="20" WC="0.93" CONTENT="i"/><SP WIDTH="11" VPOS="1907" HPOS="939"/>
							<String ID="string_398" HPOS="950" VPOS="1907" WIDTH="73" HEIGHT="27" WC="0.92" CONTENT="Björk-"/>
						</TextLine>
						<TextLine ID="line_51" HPOS="227" VPOS="1936" WIDTH="795" HEIGHT="26">
							<String ID="string_399" HPOS="227" VPOS="1936" WIDTH="48" HEIGHT="20" WC="0.96" CONTENT="viks"/><SP WIDTH="23" VPOS="1936" HPOS="275"/>
							<String ID="string_400" HPOS="298" VPOS="1936" WIDTH="78" HEIGHT="20" WC="0.96" CONTENT="socken"/><SP WIDTH="21" VPOS="1936" HPOS="376"/>
							<String ID="string_401" HPOS="397" VPOS="1937" WIDTH="37" HEIGHT="19" WC="0.92" CONTENT="må"/><SP WIDTH="22" VPOS="1937" HPOS="434"/>
							<String ID="string_402" HPOS="456" VPOS="1936" WIDTH="13" HEIGHT="20" WC="0.88" CONTENT="å"/><SP WIDTH="15" VPOS="1936" HPOS="469"/>
							<String ID="string_403" HPOS="484" VPOS="1936" WIDTH="98" HEIGHT="26" WC="0.96" CONTENT="offentlig"/><SP WIDTH="15" VPOS="1936" HPOS="582"/>
							<String ID="string_404" HPOS="597" VPOS="1936" WIDTH="89" HEIGHT="20" WC="0.96" CONTENT="auktion"/><SP WIDTH="16" VPOS="1936" HPOS="686"/>
							<String ID="string_405" HPOS="702" VPOS="1936" WIDTH="67" HEIGHT="26" WC="0.96" CONTENT="enligt"/><SP WIDTH="15" VPOS="1936" HPOS="769"/>
							<String ID="string_406" HPOS="784" VPOS="1936" WIDTH="26" HEIGHT="21" WC="0.96" CONTENT="de"/><SP WIDTH="16" VPOS="1936" HPOS="810"/>
							<String ID="string_407" HPOS="826" VPOS="1937" WIDTH="8" HEIGHT="19" WC="0.96" CONTENT="i"/><SP WIDTH="15" VPOS="1937" HPOS="834"/>
							<String ID="string_408" HPOS="849" VPOS="1937" WIDTH="72" HEIGHT="20" WC="0.96" CONTENT="brevet"/><SP WIDTH="16" VPOS="1937" HPOS="921"/>
							<String ID="string_409" HPOS="937" VPOS="1937" WIDTH="42" HEIGHT="20" WC="0.96" CONTENT="den"/><SP WIDTH="16" VPOS="1937" HPOS="979"/>
							<String ID="string_410" HPOS="995" VPOS="1937" WIDTH="27" HEIGHT="20" WC="0.95" CONTENT="29"/>
						</TextLine>
						<TextLine ID="line_52" HPOS="227" VPOS="1965" WIDTH="797" HEIGHT="28">
							<String ID="string_411" HPOS="227" VPOS="1966" WIDTH="44" HEIGHT="26" WC="0.96" CONTENT="maj"/><SP WIDTH="19" VPOS="1966" HPOS="271"/>
							<String ID="string_412" HPOS="290" VPOS="1965" WIDTH="57" HEIGHT="21" WC="0.96" CONTENT="1874"/><SP WIDTH="16" VPOS="1965" HPOS="347"/>
							<String ID="string_413" HPOS="363" VPOS="1965" WIDTH="101" HEIGHT="27" WC="0.95" CONTENT="stadgade"/><SP WIDTH="16" VPOS="1965" HPOS="464"/>
							<String ID="string_414" HPOS="480" VPOS="1965" WIDTH="78" HEIGHT="21" WC="0.93" CONTENT="villkor"/><SP WIDTH="15" VPOS="1965" HPOS="558"/>
							<String ID="string_415" HPOS="573" VPOS="1966" WIDTH="99" HEIGHT="26" WC="0.91" CONTENT="försäljas"/><SP WIDTH="16" VPOS="1966" HPOS="672"/>
							<String ID="string_416" HPOS="688" VPOS="1966" WIDTH="34" HEIGHT="20" WC="0.96" CONTENT="till"/><SP WIDTH="16" VPOS="1966" HPOS="722"/>
							<String ID="string_417" HPOS="738" VPOS="1966" WIDTH="41" HEIGHT="20" WC="0.96" CONTENT="den"/><SP WIDTH="11" VPOS="1966" HPOS="779"/>
							<String ID="string_418" HPOS="790" VPOS="1966" WIDTH="173" HEIGHT="27" WC="0.96" CONTENT="högstbjudande"/><SP WIDTH="11" VPOS="1966" HPOS="963"/>
							<String ID="string_419" HPOS="974" VPOS="1967" WIDTH="50" HEIGHT="20" WC="0.96" CONTENT="med"/>
						</TextLine>
						<TextLine ID="line_53" HPOS="227" VPOS="1995" WIDTH="796" HEIGHT="27">
							<String ID="string_420" HPOS="227" VPOS="1995" WIDTH="149" HEIGHT="21" WC="0.92" CONTENT="tillträdesrätt"/><SP WIDTH="15" VPOS="1995" HPOS="376"/>
							<String ID="string_421" HPOS="391" VPOS="1995" WIDTH="41" HEIGHT="21" WC="0.96" CONTENT="den"/><SP WIDTH="18" VPOS="1995" HPOS="432"/>
							<String ID="string_422" HPOS="450" VPOS="1995" WIDTH="27" HEIGHT="20" WC="0.96" CONTENT="14"/><SP WIDTH="16" VPOS="1995" HPOS="477"/>
							<String ID="string_423" HPOS="493" VPOS="2002" WIDTH="57" HEIGHT="14" WC="0.96" CONTENT="mars"/><SP WIDTH="18" VPOS="2002" HPOS="550"/>
							<String ID="string_424" HPOS="568" VPOS="1995" WIDTH="56" HEIGHT="20" WC="0.96" CONTENT="1928"/><SP WIDTH="11" VPOS="1995" HPOS="624"/>
							<String ID="string_425" HPOS="635" VPOS="1996" WIDTH="40" HEIGHT="20" WC="0.96" CONTENT="och"/><SP WIDTH="16" VPOS="1996" HPOS="675"/>
							<String ID="string_426" HPOS="691" VPOS="1996" WIDTH="50" HEIGHT="20" WC="0.95" CONTENT="med"/><SP WIDTH="16" VPOS="1996" HPOS="741"/>
							<String ID="string_427" HPOS="757" VPOS="1995" WIDTH="135" HEIGHT="27" WC="0.96" CONTENT="iakttagande"/><SP WIDTH="11" VPOS="1995" HPOS="892"/>
							<String ID="string_428" HPOS="903" VPOS="1998" WIDTH="32" HEIGHT="19" WC="0.96" CONTENT="att"/><SP WIDTH="10" VPOS="1998" HPOS="935"/>
							<String ID="string_429" HPOS="945" VPOS="1997" WIDTH="7" HEIGHT="20" WC="0.93" CONTENT="i"/><SP WIDTH="11" VPOS="1997" HPOS="952"/>
							<String ID="string_430" HPOS="963" VPOS="1999" WIDTH="60" HEIGHT="18" WC="0.92" CONTENT="stats-"/>
						</TextLine>
						<TextLine ID="line_54" HPOS="227" VPOS="2025" WIDTH="797" HEIGHT="28">
							<String ID="string_431" HPOS="227" VPOS="2025" WIDTH="179" HEIGHT="26" WC="0.92" CONTENT="rådsprotokollet"/><SP WIDTH="22" VPOS="2025" HPOS="406"/>
							<String ID="string_432" HPOS="428" VPOS="2025" WIDTH="144" HEIGHT="21" WC="0.91" CONTENT="omförmälda"/><SP WIDTH="22" VPOS="2025" HPOS="572"/>
							<String ID="string_433" HPOS="594" VPOS="2025" WIDTH="142" HEIGHT="27" WC="0.88" CONTENT="landvinning"/><SP WIDTH="19" VPOS="2025" HPOS="736"/>
							<String ID="string_434" HPOS="755" VPOS="2026" WIDTH="54" HEIGHT="20" WC="0.93" CONTENT="skall"/><SP WIDTH="16" VPOS="2026" HPOS="809"/>
							<String ID="string_435" HPOS="825" VPOS="2026" WIDTH="103" HEIGHT="27" WC="0.92" CONTENT="utbjudas"/><SP WIDTH="16" VPOS="2026" HPOS="928"/>
							<String ID="string_436" HPOS="944" VPOS="2027" WIDTH="33" HEIGHT="20" WC="0.96" CONTENT="för"/><SP WIDTH="15" VPOS="2027" HPOS="977"/>
							<String ID="string_437" HPOS="992" VPOS="2027" WIDTH="32" HEIGHT="26" WC="0.96" CONTENT="sig"/>
						</TextLine>
					</TextBlock>
				</ComposedBlock>
				<ComposedBlock ID="cblock_14" HPOS="1167" VPOS="353" WIDTH="601" HEIGHT="2">
					<TextBlock ID="block_16" HPOS="1167" VPOS="353" WIDTH="601" HEIGHT="2">
						<TextLine ID="line_55" HPOS="1167" VPOS="353" WIDTH="601" HEIGHT="2">
							<String ID="string_438" HPOS="1167" VPOS="353" WIDTH="601" HEIGHT="2" WC="0.95" CONTENT=" "/>
						</TextLine>
					</TextBlock>
				</ComposedBlock>
				<ComposedBlock ID="cblock_15" HPOS="1037" VPOS="428" WIDTH="732" HEIGHT="7">
					<TextBlock ID="block_17" HPOS="1037" VPOS="428" WIDTH="732" HEIGHT="7">
						<TextLine ID="line_56" HPOS="1037" VPOS="428" WIDTH="732" HEIGHT="7">
							<String ID="string_439" HPOS="1037" VPOS="428" WIDTH="732" HEIGHT="7" WC="0.95" CONTENT=" "/>
						</TextLine>
					</TextBlock>
				</ComposedBlock>
				<ComposedBlock ID="cblock_16" HPOS="1038" VPOS="221" WIDTH="725" HEIGHT="1744">
					<TextBlock ID="block_18" HPOS="1112" VPOS="221" WIDTH="435" HEIGHT="34">
						<TextLine ID="line_57" HPOS="1112" VPOS="221" WIDTH="435" HEIGHT="34">
							<String ID="string_440" HPOS="1112" VPOS="221" WIDTH="41" HEIGHT="34" WC="0.26" CONTENT="DÅ"/><SP WIDTH="341" VPOS="221" HPOS="1153"/>
							<String ID="string_441" HPOS="1494" VPOS="227" WIDTH="53" HEIGHT="17" WC="0.92" CONTENT="Riks-"/>
						</TextLine>
					</TextBlock>
					<TextBlock ID="block_19" HPOS="1059" VPOS="241" WIDTH="674" HEIGHT="44">
						<TextLine ID="line_58" HPOS="1059" VPOS="241" WIDTH="674" HEIGHT="44">
							<String ID="string_442" HPOS="1059" VPOS="250" WIDTH="17" HEIGHT="26" WC="0.27" CONTENT="5"/><SP WIDTH="36" VPOS="250" HPOS="1076"/>
							<String ID="string_443" HPOS="1112" VPOS="257" WIDTH="17" HEIGHT="28" WC="0.86" CONTENT="2"/><SP WIDTH="2" VPOS="257" HPOS="1129"/>
							<String ID="string_444" HPOS="1131" VPOS="253" WIDTH="22" HEIGHT="32" WC="0.12" CONTENT="="/><SP WIDTH="59" VPOS="253" HPOS="1153"/>
							<String ID="string_445" HPOS="1212" VPOS="275" WIDTH="4" HEIGHT="3" WC="0.34" CONTENT="3"/><SP WIDTH="112" VPOS="275" HPOS="1216"/>
							<String ID="string_446" HPOS="1328" VPOS="241" WIDTH="94" HEIGHT="42" WC="0.44" CONTENT="Utskotte-"/><SP WIDTH="62" VPOS="241" HPOS="1422"/>
							<String ID="string_447" HPOS="1484" VPOS="252" WIDTH="72" HEIGHT="31" WC="0.96" CONTENT="dagens"/><SP WIDTH="58" VPOS="252" HPOS="1556"/>
							<String ID="string_448" HPOS="1614" VPOS="257" WIDTH="119" HEIGHT="17" WC="0.92" CONTENT="Kamrarnas"/>
						</TextLine>
					</TextBlock>
					<TextBlock ID="block_20" HPOS="1059" VPOS="271" WIDTH="687" HEIGHT="49">
						<TextLine ID="line_59" HPOS="1059" VPOS="271" WIDTH="687" HEIGHT="49">
							<String ID="string_449" HPOS="1059" VPOS="280" WIDTH="65" HEIGHT="26" WC="0.27" CONTENT="SR"/><SP WIDTH="17" VPOS="280" HPOS="1124"/>
							<String ID="string_450" HPOS="1141" VPOS="271" WIDTH="10" HEIGHT="49" WC="0.36" CONTENT="Zz"/><SP WIDTH="19" VPOS="271" HPOS="1151"/>
							<String ID="string_451" HPOS="1170" VPOS="275" WIDTH="95" HEIGHT="17" WC="0.95" CONTENT="Motioner"/><SP WIDTH="41" VPOS="275" HPOS="1265"/>
							<String ID="string_452" HPOS="1306" VPOS="271" WIDTH="122" HEIGHT="42" WC="0.95" CONTENT="utlåtanden"/><SP WIDTH="71" VPOS="271" HPOS="1428"/>
							<String ID="string_453" HPOS="1499" VPOS="287" WIDTH="45" HEIGHT="17" WC="0.0" CONTENT="Ske."/><SP WIDTH="55" VPOS="287" HPOS="1544"/>
							<String ID="string_454" HPOS="1599" VPOS="287" WIDTH="147" HEIGHT="21" WC="0.96" CONTENT="förhandlingar"/>
						</TextLine>
					</TextBlock>
					<TextBlock ID="block_21" HPOS="1059" VPOS="305" WIDTH="495" HEIGHT="45">
						<TextLine ID="line_60" HPOS="1059" VPOS="305" WIDTH="495" HEIGHT="45">
							<String ID="string_455" HPOS="1059" VPOS="311" WIDTH="17" HEIGHT="27" WC="0.33" CONTENT="2"/><SP WIDTH="36" VPOS="311" HPOS="1076"/>
							<String ID="string_456" HPOS="1112" VPOS="308" WIDTH="42" HEIGHT="42" WC="0.0" CONTENT="äx"/><SP WIDTH="138" VPOS="308" HPOS="1154"/>
							<String ID="string_457" HPOS="1292" VPOS="305" WIDTH="47" HEIGHT="17" WC="0.96" CONTENT="eller"/><SP WIDTH="11" VPOS="305" HPOS="1339"/>
							<String ID="string_458" HPOS="1350" VPOS="305" WIDTH="100" HEIGHT="18" WC="0.96" CONTENT="memorial"/><SP WIDTH="6" VPOS="305" HPOS="1450"/>
							<String ID="string_459" HPOS="1456" VPOS="301" WIDTH="25" HEIGHT="38" WC="0.93" CONTENT="|"/><SP WIDTH="10" VPOS="301" HPOS="1481"/>
							<String ID="string_460" HPOS="1491" VPOS="317" WIDTH="63" HEIGHT="18" WC="0.90" CONTENT="velser"/>
						</TextLine>
					</TextBlock>
					<TextBlock ID="block_22" HPOS="1054" VPOS="342" WIDTH="618" HEIGHT="31">
						<TextLine ID="line_61" HPOS="1054" VPOS="342" WIDTH="618" HEIGHT="31">
							<String ID="string_461" HPOS="1054" VPOS="342" WIDTH="17" HEIGHT="25" WC="0.0" CONTENT="="/><SP WIDTH="42" VPOS="342" HPOS="1071"/>
							<String ID="string_462" HPOS="1113" VPOS="343" WIDTH="39" HEIGHT="25" WC="0.31" CONTENT="SE"/><SP WIDTH="519" VPOS="343" HPOS="1152"/>
							<String ID="string_463" HPOS="1671" VPOS="358" WIDTH="1" HEIGHT="15" WC="0.66" CONTENT="I"/>
						</TextLine>
					</TextBlock>
					<TextBlock ID="block_23" HPOS="1059" VPOS="365" WIDTH="697" HEIGHT="27">
						<TextLine ID="line_62" HPOS="1059" VPOS="365" WIDTH="697" HEIGHT="27">
							<String ID="string_464" HPOS="1059" VPOS="371" WIDTH="17" HEIGHT="11" WC="0.82" CONTENT="&amp;"/><SP WIDTH="37" VPOS="371" HPOS="1076"/>
							<String ID="string_465" HPOS="1113" VPOS="368" WIDTH="35" HEIGHT="22" WC="0.35" CONTENT="jag"/><SP WIDTH="105" VPOS="368" HPOS="1148"/>
							<String ID="string_466" HPOS="1253" VPOS="383" WIDTH="7" HEIGHT="5" WC="0.0" CONTENT="ÅS"/><SP WIDTH="180" VPOS="383" HPOS="1260"/>
							<String ID="string_467" HPOS="1440" VPOS="373" WIDTH="17" HEIGHT="19" WC="0.0" CONTENT="z"/><SP WIDTH="96" VPOS="373" HPOS="1457"/>
							<String ID="string_468" HPOS="1553" VPOS="373" WIDTH="6" HEIGHT="18" WC="0.15" CONTENT="|"/><SP WIDTH="29" VPOS="373" HPOS="1559"/>
							<String ID="string_469" HPOS="1588" VPOS="371" WIDTH="68" HEIGHT="17" WC="0.96" CONTENT="Första"/><SP WIDTH="7" VPOS="371" HPOS="1656"/>
							<String ID="string_470" HPOS="1663" VPOS="366" WIDTH="21" HEIGHT="31" WC="0.95" CONTENT="|"/><SP WIDTH="7" VPOS="366" HPOS="1684"/>
							<String ID="string_471" HPOS="1691" VPOS="370" WIDTH="65" HEIGHT="18" WC="0.96" CONTENT="Andra"/>
						</TextLine>
					</TextBlock>
					<TextBlock ID="block_24" HPOS="1059" VPOS="378" WIDTH="698" HEIGHT="44">
						<TextLine ID="line_63" HPOS="1059" VPOS="378" WIDTH="698" HEIGHT="44">
							<String ID="string_472" HPOS="1059" VPOS="386" WIDTH="11" HEIGHT="9" WC="0.0" CONTENT="2"/><SP WIDTH="42" VPOS="386" HPOS="1070"/>
							<String ID="string_473" HPOS="1112" VPOS="381" WIDTH="35" HEIGHT="40" WC="0.62" CONTENT="25"/><SP WIDTH="26" VPOS="381" HPOS="1147"/>
							<String ID="string_474" HPOS="1173" VPOS="382" WIDTH="34" HEIGHT="17" WC="0.45" CONTENT="FK"/><SP WIDTH="19" VPOS="382" HPOS="1207"/>
							<String ID="string_475" HPOS="1226" VPOS="383" WIDTH="35" HEIGHT="17" WC="0.0" CONTENT="AK"/><SP WIDTH="24" VPOS="383" HPOS="1261"/>
							<String ID="string_476" HPOS="1285" VPOS="378" WIDTH="17" HEIGHT="44" WC="0.0" CONTENT="ä"/><SP WIDTH="25" VPOS="378" HPOS="1302"/>
							<String ID="string_477" HPOS="1327" VPOS="389" WIDTH="17" HEIGHT="30" WC="0.66" CONTENT="ä"/><SP WIDTH="36" VPOS="389" HPOS="1344"/>
							<String ID="string_478" HPOS="1380" VPOS="382" WIDTH="17" HEIGHT="28" WC="0.16" CONTENT="2"/><SP WIDTH="97" VPOS="382" HPOS="1397"/>
							<String ID="string_479" HPOS="1494" VPOS="383" WIDTH="17" HEIGHT="27" WC="0.0" CONTENT="z"/><SP WIDTH="31" VPOS="383" HPOS="1511"/>
							<String ID="string_480" HPOS="1542" VPOS="393" WIDTH="17" HEIGHT="25" WC="0.81" CONTENT="&amp;"/><SP WIDTH="1" VPOS="393" HPOS="1559"/>
							<String ID="string_481" HPOS="1560" VPOS="389" WIDTH="14" HEIGHT="33" WC="0.59" CONTENT="|]"/><SP WIDTH="11" VPOS="389" HPOS="1574"/>
							<String ID="string_482" HPOS="1585" VPOS="395" WIDTH="71" HEIGHT="17" WC="0.45" CONTENT="kamm."/><SP WIDTH="1" VPOS="395" HPOS="1656"/>
							<String ID="string_483" HPOS="1657" VPOS="389" WIDTH="26" HEIGHT="33" WC="0.93" CONTENT="|"/><SP WIDTH="4" VPOS="389" HPOS="1683"/>
							<String ID="string_484" HPOS="1687" VPOS="395" WIDTH="70" HEIGHT="17" WC="0.90" CONTENT="kamm."/>
						</TextLine>
					</TextBlock>
					<TextBlock ID="block_25" HPOS="1038" VPOS="466" WIDTH="54" HEIGHT="21">
						<TextLine ID="line_64" HPOS="1038" VPOS="466" WIDTH="54" HEIGHT="21">
							<String ID="string_485" HPOS="1038" VPOS="466" WIDTH="54" HEIGHT="21" WC="0.96" CONTENT="1927"/>
						</TextLine>
					</TextBlock>
					<TextBlock ID="block_26" HPOS="1061" VPOS="677" WIDTH="701" HEIGHT="21">
						<TextLine ID="line_65" HPOS="1061" VPOS="677" WIDTH="701" HEIGHT="21">
							<String ID="string_486" HPOS="1061" VPOS="684" WIDTH="9" HEIGHT="11" WC="0.45" CONTENT="&gt;»"/><SP WIDTH="17" VPOS="684" HPOS="1070"/>
							<String ID="string_487" HPOS="1087" VPOS="672" WIDTH="23" HEIGHT="35" WC="0.94" CONTENT="|"/><SP WIDTH="8" VPOS="672" HPOS="1110"/>
							<String ID="string_488" HPOS="1118" VPOS="677" WIDTH="26" HEIGHT="20" WC="0.94" CONTENT="81"/><SP WIDTH="133" VPOS="677" HPOS="1144"/>
							<String ID="string_489" HPOS="1277" VPOS="677" WIDTH="26" HEIGHT="21" WC="0.96" CONTENT="10"/><SP WIDTH="80" VPOS="677" HPOS="1303"/>
							<String ID="string_490" HPOS="1383" VPOS="677" WIDTH="26" HEIGHT="21" WC="0.96" CONTENT="17"/><SP WIDTH="75" VPOS="677" HPOS="1409"/>
							<String ID="string_491" HPOS="1484" VPOS="677" WIDTH="40" HEIGHT="21" WC="0.1" CONTENT="133"/><SP WIDTH="53" VPOS="677" HPOS="1524"/>
							<String ID="string_492" HPOS="1577" VPOS="678" WIDTH="83" HEIGHT="20" WC="0.5" CONTENT="|13:106"/><SP WIDTH="0" VPOS="678" HPOS="1660"/>
							<String ID="string_493" HPOS="1660" VPOS="673" WIDTH="23" HEIGHT="36" WC="0.96" CONTENT="|"/><SP WIDTH="11" VPOS="673" HPOS="1683"/>
							<String ID="string_494" HPOS="1694" VPOS="677" WIDTH="68" HEIGHT="21" WC="0.90" CONTENT="14:20"/>
						</TextLine>
					</TextBlock>
					<TextBlock ID="block_27" HPOS="1062" VPOS="833" WIDTH="684" HEIGHT="57">
						<TextLine ID="line_66" HPOS="1062" VPOS="833" WIDTH="684" HEIGHT="21">
							<String ID="string_495" HPOS="1062" VPOS="840" WIDTH="8" HEIGHT="10" WC="0.40" CONTENT="&gt;»"/><SP WIDTH="42" VPOS="840" HPOS="1070"/>
							<String ID="string_496" HPOS="1112" VPOS="833" WIDTH="40" HEIGHT="20" WC="0.87" CONTENT="1166"/><SP WIDTH="126" VPOS="833" HPOS="1152"/>
							<String ID="string_497" HPOS="1278" VPOS="833" WIDTH="26" HEIGHT="20" WC="0.96" CONTENT="10"/><SP WIDTH="79" VPOS="833" HPOS="1304"/>
							<String ID="string_498" HPOS="1383" VPOS="834" WIDTH="28" HEIGHT="20" WC="0.64" CONTENT="281"/><SP WIDTH="47" VPOS="834" HPOS="1411"/>
							<String ID="string_499" HPOS="1458" VPOS="833" WIDTH="67" HEIGHT="21" WC="0.6" CONTENT="8|143)"/><SP WIDTH="25" VPOS="833" HPOS="1525"/>
							<String ID="string_500" HPOS="1550" VPOS="839" WIDTH="10" HEIGHT="15" WC="0.45" CONTENT="el"/><SP WIDTH="32" VPOS="839" HPOS="1560"/>
							<String ID="string_501" HPOS="1592" VPOS="833" WIDTH="68" HEIGHT="21" WC="0.68" CONTENT="19:46]"/><SP WIDTH="32" VPOS="833" HPOS="1660"/>
							<String ID="string_502" HPOS="1692" VPOS="833" WIDTH="54" HEIGHT="21" WC="0.91" CONTENT="20:3"/>
						</TextLine>
						<TextLine ID="line_67" HPOS="1115" VPOS="868" WIDTH="559" HEIGHT="22">
							<String ID="string_503" HPOS="1115" VPOS="868" WIDTH="33" HEIGHT="22" WC="0.72" CONTENT="p.2"/><SP WIDTH="207" VPOS="868" HPOS="1148"/>
							<String ID="string_504" HPOS="1355" VPOS="869" WIDTH="2" HEIGHT="21" WC="0.64" CONTENT="I"/><SP WIDTH="315" VPOS="869" HPOS="1357"/>
							<String ID="string_505" HPOS="1672" VPOS="870" WIDTH="2" HEIGHT="2" WC="0.68" CONTENT="I"/>
						</TextLine>
					</TextBlock>
					<TextBlock ID="block_28" HPOS="1673" VPOS="951" WIDTH="2" HEIGHT="27">
						<TextLine ID="line_68" HPOS="1673" VPOS="951" WIDTH="2" HEIGHT="27">
							<String ID="string_506" HPOS="1673" VPOS="951" WIDTH="2" HEIGHT="27" WC="0.85" CONTENT="|"/>
						</TextLine>
					</TextBlock>
					<TextBlock ID="block_29" HPOS="1062" VPOS="982" WIDTH="701" HEIGHT="58">
						<TextLine ID="line_69" HPOS="1062" VPOS="982" WIDTH="701" HEIGHT="22">
							<String ID="string_507" HPOS="1062" VPOS="991" WIDTH="8" HEIGHT="10" WC="0.72" CONTENT="&gt;"/><SP WIDTH="41" VPOS="991" HPOS="1070"/>
							<String ID="string_508" HPOS="1111" VPOS="982" WIDTH="41" HEIGHT="20" WC="0.83" CONTENT="1215"/><SP WIDTH="126" VPOS="982" HPOS="1152"/>
							<String ID="string_509" HPOS="1278" VPOS="982" WIDTH="26" HEIGHT="20" WC="0.96" CONTENT="10"/><SP WIDTH="79" VPOS="982" HPOS="1304"/>
							<String ID="string_510" HPOS="1383" VPOS="983" WIDTH="28" HEIGHT="20" WC="0.49" CONTENT="461"/><SP WIDTH="47" VPOS="983" HPOS="1411"/>
							<String ID="string_511" HPOS="1458" VPOS="983" WIDTH="67" HEIGHT="21" WC="0.9" CONTENT="41327)"/><SP WIDTH="27" VPOS="983" HPOS="1525"/>
							<String ID="string_512" HPOS="1552" VPOS="988" WIDTH="8" HEIGHT="15" WC="0.88" CONTENT="11"/><SP WIDTH="32" VPOS="988" HPOS="1560"/>
							<String ID="string_513" HPOS="1592" VPOS="983" WIDTH="69" HEIGHT="21" WC="0.75" CONTENT="27:13"/><SP WIDTH="2" VPOS="983" HPOS="1661"/>
							<String ID="string_514" HPOS="1663" VPOS="979" WIDTH="18" HEIGHT="35" WC="0.75" CONTENT="|"/><SP WIDTH="13" VPOS="979" HPOS="1681"/>
							<String ID="string_515" HPOS="1694" VPOS="983" WIDTH="69" HEIGHT="21" WC="0.95" CONTENT="28:16"/>
						</TextLine>
						<TextLine ID="line_70" HPOS="1115" VPOS="1019" WIDTH="33" HEIGHT="21">
							<String ID="string_516" HPOS="1115" VPOS="1019" WIDTH="33" HEIGHT="21" WC="0.72" CONTENT="p.3"/>
						</TextLine>
					</TextBlock>
					<TextBlock ID="block_30" HPOS="1062" VPOS="1101" WIDTH="701" HEIGHT="56">
						<TextLine ID="line_71" HPOS="1062" VPOS="1101" WIDTH="701" HEIGHT="23">
							<String ID="string_517" HPOS="1062" VPOS="1110" WIDTH="9" HEIGHT="10" WC="0.75" CONTENT="+"/><SP WIDTH="40" VPOS="1110" HPOS="1071"/>
							<String ID="string_518" HPOS="1111" VPOS="1101" WIDTH="42" HEIGHT="21" WC="0.53" CONTENT="1215"/><SP WIDTH="127" VPOS="1101" HPOS="1153"/>
							<String ID="string_519" HPOS="1280" VPOS="1102" WIDTH="25" HEIGHT="20" WC="0.96" CONTENT="10"/><SP WIDTH="78" VPOS="1102" HPOS="1305"/>
							<String ID="string_520" HPOS="1383" VPOS="1103" WIDTH="27" HEIGHT="20" WC="0.96" CONTENT="46"/><SP WIDTH="75" VPOS="1103" HPOS="1410"/>
							<String ID="string_521" HPOS="1485" VPOS="1102" WIDTH="41" HEIGHT="21" WC="0.45" CONTENT="327)"/><SP WIDTH="26" VPOS="1102" HPOS="1526"/>
							<String ID="string_522" HPOS="1552" VPOS="1108" WIDTH="9" HEIGHT="15" WC="0.61" CONTENT="8Å"/><SP WIDTH="31" VPOS="1108" HPOS="1561"/>
							<String ID="string_523" HPOS="1592" VPOS="1103" WIDTH="69" HEIGHT="21" WC="0.91" CONTENT="27:18"/><SP WIDTH="2" VPOS="1103" HPOS="1661"/>
							<String ID="string_524" HPOS="1663" VPOS="1098" WIDTH="23" HEIGHT="36" WC="0.91" CONTENT="|"/><SP WIDTH="8" VPOS="1098" HPOS="1686"/>
							<String ID="string_525" HPOS="1694" VPOS="1102" WIDTH="69" HEIGHT="21" WC="0.93" CONTENT="28:16"/>
						</TextLine>
						<TextLine ID="line_72" HPOS="1115" VPOS="1136" WIDTH="35" HEIGHT="21">
							<String ID="string_526" HPOS="1115" VPOS="1136" WIDTH="35" HEIGHT="21" WC="0.66" CONTENT="p.4"/>
						</TextLine>
					</TextBlock>
					<TextBlock ID="block_31" HPOS="1062" VPOS="1578" WIDTH="687" HEIGHT="59">
						<TextLine ID="line_73" HPOS="1062" VPOS="1578" WIDTH="687" HEIGHT="23">
							<String ID="string_527" HPOS="1062" VPOS="1587" WIDTH="9" HEIGHT="11" WC="0.53" CONTENT="&gt;"/><SP WIDTH="42" VPOS="1587" HPOS="1071"/>
							<String ID="string_528" HPOS="1113" VPOS="1578" WIDTH="40" HEIGHT="21" WC="0.89" CONTENT="1166"/><SP WIDTH="131" VPOS="1578" HPOS="1153"/>
							<String ID="string_529" HPOS="1284" VPOS="1580" WIDTH="26" HEIGHT="20" WC="0.96" CONTENT="10"/><SP WIDTH="73" VPOS="1580" HPOS="1310"/>
							<String ID="string_530" HPOS="1383" VPOS="1581" WIDTH="28" HEIGHT="20" WC="0.96" CONTENT="28"/><SP WIDTH="74" VPOS="1581" HPOS="1411"/>
							<String ID="string_531" HPOS="1485" VPOS="1580" WIDTH="41" HEIGHT="21" WC="0.60" CONTENT="143]"/><SP WIDTH="26" VPOS="1580" HPOS="1526"/>
							<String ID="string_532" HPOS="1552" VPOS="1586" WIDTH="9" HEIGHT="15" WC="0.53" CONTENT="61"/><SP WIDTH="32" VPOS="1586" HPOS="1561"/>
							<String ID="string_533" HPOS="1593" VPOS="1581" WIDTH="69" HEIGHT="20" WC="0.82" CONTENT="19:46"/><SP WIDTH="1" VPOS="1581" HPOS="1662"/>
							<String ID="string_534" HPOS="1663" VPOS="1575" WIDTH="19" HEIGHT="36" WC="0.82" CONTENT="|"/><SP WIDTH="12" VPOS="1575" HPOS="1682"/>
							<String ID="string_535" HPOS="1694" VPOS="1579" WIDTH="55" HEIGHT="21" WC="0.92" CONTENT="20:3"/>
						</TextLine>
						<TextLine ID="line_74" HPOS="1115" VPOS="1614" WIDTH="34" HEIGHT="23">
							<String ID="string_536" HPOS="1115" VPOS="1614" WIDTH="34" HEIGHT="23" WC="0.53" CONTENT="p.3"/>
						</TextLine>
					</TextBlock>
					<TextBlock ID="block_32" HPOS="1062" VPOS="1907" WIDTH="686" HEIGHT="58">
						<TextLine ID="line_75" HPOS="1062" VPOS="1907" WIDTH="686" HEIGHT="23">
							<String ID="string_537" HPOS="1062" VPOS="1915" WIDTH="8" HEIGHT="11" WC="0.35" CONTENT="&gt;»"/><SP WIDTH="42" VPOS="1915" HPOS="1070"/>
							<String ID="string_538" HPOS="1112" VPOS="1907" WIDTH="40" HEIGHT="20" WC="0.91" CONTENT="1166"/><SP WIDTH="128" VPOS="1907" HPOS="1152"/>
							<String ID="string_539" HPOS="1280" VPOS="1908" WIDTH="24" HEIGHT="20" WC="0.96" CONTENT="10"/><SP WIDTH="79" VPOS="1908" HPOS="1304"/>
							<String ID="string_540" HPOS="1383" VPOS="1910" WIDTH="28" HEIGHT="20" WC="0.96" CONTENT="28"/><SP WIDTH="74" VPOS="1910" HPOS="1411"/>
							<String ID="string_541" HPOS="1485" VPOS="1909" WIDTH="40" HEIGHT="20" WC="0.31" CONTENT="143!"/><SP WIDTH="26" VPOS="1909" HPOS="1525"/>
							<String ID="string_542" HPOS="1551" VPOS="1915" WIDTH="9" HEIGHT="14" WC="0.52" CONTENT="6]"/><SP WIDTH="32" VPOS="1915" HPOS="1560"/>
							<String ID="string_543" HPOS="1592" VPOS="1909" WIDTH="69" HEIGHT="21" WC="0.63" CONTENT="19:46"/><SP WIDTH="0" VPOS="1909" HPOS="1661"/>
							<String ID="string_544" HPOS="1661" VPOS="1904" WIDTH="15" HEIGHT="37" WC="0.63" CONTENT="|"/><SP WIDTH="18" VPOS="1904" HPOS="1676"/>
							<String ID="string_545" HPOS="1694" VPOS="1908" WIDTH="54" HEIGHT="21" WC="0.90" CONTENT="20:3"/>
						</TextLine>
						<TextLine ID="line_76" HPOS="1115" VPOS="1942" WIDTH="34" HEIGHT="23">
							<String ID="string_546" HPOS="1115" VPOS="1942" WIDTH="34" HEIGHT="23" WC="0.8" CONTENT="p-4"/>
						</TextLine>
					</TextBlock>
				</ComposedBlock>
				<ComposedBlock ID="cblock_17" HPOS="1029" VPOS="204" WIDTH="9" HEIGHT="1879">
					<TextBlock ID="block_33" HPOS="1029" VPOS="204" WIDTH="9" HEIGHT="1879">
						<TextLine ID="line_77" HPOS="1029" VPOS="204" WIDTH="9" HEIGHT="1879">
							<String ID="string_547" HPOS="1029" VPOS="204" WIDTH="9" HEIGHT="1879" WC="0.95" CONTENT=" "/>
						</TextLine>
					</TextBlock>
				</ComposedBlock>
				<ComposedBlock ID="cblock_18" HPOS="162" VPOS="215" WIDTH="8" HEIGHT="1867">
					<TextBlock ID="block_34" HPOS="162" VPOS="215" WIDTH="8" HEIGHT="1867">
						<TextLine ID="line_78" HPOS="162" VPOS="215" WIDTH="8" HEIGHT="1867">
							<String ID="string_548" HPOS="162" VPOS="215" WIDTH="8" HEIGHT="1867" WC="0.95" CONTENT=" "/>
						</TextLine>
					</TextBlock>
				</ComposedBlock>
				<ComposedBlock ID="cblock_19" HPOS="230" VPOS="2055" WIDTH="395" HEIGHT="26">
					<TextBlock ID="block_35" HPOS="230" VPOS="2055" WIDTH="395" HEIGHT="26">
						<TextLine ID="line_79" HPOS="230" VPOS="2055" WIDTH="395" HEIGHT="26">
							<String ID="string_549" HPOS="230" VPOS="2055" WIDTH="39" HEIGHT="21" WC="0.96" CONTENT="och"/><SP WIDTH="17" VPOS="2055" HPOS="269"/>
							<String ID="string_550" HPOS="286" VPOS="2055" WIDTH="131" HEIGHT="26" WC="0.96" CONTENT="egendomen"/><SP WIDTH="16" VPOS="2055" HPOS="417"/>
							<String ID="string_551" HPOS="433" VPOS="2055" WIDTH="7" HEIGHT="20" WC="0.96" CONTENT="i"/><SP WIDTH="16" VPOS="2055" HPOS="440"/>
							<String ID="string_552" HPOS="456" VPOS="2056" WIDTH="69" HEIGHT="25" WC="0.96" CONTENT="övrigt"/><SP WIDTH="15" VPOS="2056" HPOS="525"/>
							<String ID="string_553" HPOS="540" VPOS="2055" WIDTH="33" HEIGHT="21" WC="0.96" CONTENT="för"/><SP WIDTH="15" VPOS="2055" HPOS="573"/>
							<String ID="string_554" HPOS="588" VPOS="2056" WIDTH="37" HEIGHT="25" WC="0.93" CONTENT="sig."/>
						</TextLine>
					</TextBlock>
				</ComposedBlock>
				<ComposedBlock ID="cblock_20" HPOS="1093" VPOS="212" WIDTH="12" HEIGHT="1870">
					<TextBlock ID="block_36" HPOS="1093" VPOS="212" WIDTH="12" HEIGHT="1870">
						<TextLine ID="line_80" HPOS="1093" VPOS="212" WIDTH="12" HEIGHT="1870">
							<String ID="string_555" HPOS="1093" VPOS="212" WIDTH="12" HEIGHT="1870" WC="0.95" CONTENT=" "/>
						</TextLine>
					</TextBlock>
				</ComposedBlock>
				<ComposedBlock ID="cblock_21" HPOS="1160" VPOS="212" WIDTH="9" HEIGHT="1871">
					<TextBlock ID="block_37" HPOS="1160" VPOS="212" WIDTH="9" HEIGHT="1871">
						<TextLine ID="line_81" HPOS="1160" VPOS="212" WIDTH="9" HEIGHT="1871">
							<String ID="string_556" HPOS="1160" VPOS="212" WIDTH="9" HEIGHT="1871" WC="0.95" CONTENT=" "/>
						</TextLine>
					</TextBlock>
				</ComposedBlock>
				<ComposedBlock ID="cblock_22" HPOS="1215" VPOS="358" WIDTH="9" HEIGHT="1726">
					<TextBlock ID="block_38" HPOS="1215" VPOS="358" WIDTH="9" HEIGHT="1726">
						<TextLine ID="line_82" HPOS="1215" VPOS="358" WIDTH="9" HEIGHT="1726">
							<String ID="string_557" HPOS="1215" VPOS="358" WIDTH="9" HEIGHT="1726" WC="0.95" CONTENT=" "/>
						</TextLine>
					</TextBlock>
				</ComposedBlock>
				<ComposedBlock ID="cblock_23" HPOS="1268" VPOS="212" WIDTH="10" HEIGHT="1872">
					<TextBlock ID="block_39" HPOS="1268" VPOS="212" WIDTH="10" HEIGHT="1872">
						<TextLine ID="line_83" HPOS="1268" VPOS="212" WIDTH="10" HEIGHT="1872">
							<String ID="string_558" HPOS="1268" VPOS="212" WIDTH="10" HEIGHT="1872" WC="0.95" CONTENT=" "/>
						</TextLine>
					</TextBlock>
				</ComposedBlock>
				<ComposedBlock ID="cblock_24" HPOS="1310" VPOS="359" WIDTH="11" HEIGHT="1726">
					<TextBlock ID="block_40" HPOS="1310" VPOS="359" WIDTH="11" HEIGHT="1726">
						<TextLine ID="line_84" HPOS="1310" VPOS="359" WIDTH="11" HEIGHT="1726">
							<String ID="string_559" HPOS="1310" VPOS="359" WIDTH="11" HEIGHT="1726" WC="0.95" CONTENT=" "/>
						</TextLine>
					</TextBlock>
				</ComposedBlock>
				<ComposedBlock ID="cblock_25" HPOS="1352" VPOS="359" WIDTH="11" HEIGHT="1724">
					<TextBlock ID="block_41" HPOS="1352" VPOS="359" WIDTH="11" HEIGHT="1724">
						<TextLine ID="line_85" HPOS="1352" VPOS="359" WIDTH="11" HEIGHT="1724">
							<String ID="string_560" HPOS="1352" VPOS="359" WIDTH="11" HEIGHT="1724" WC="0.95" CONTENT=" "/>
						</TextLine>
					</TextBlock>
				</ComposedBlock>
				<ComposedBlock ID="cblock_26" HPOS="1417" VPOS="359" WIDTH="12" HEIGHT="1728">
					<TextBlock ID="block_42" HPOS="1417" VPOS="359" WIDTH="12" HEIGHT="1728">
						<TextLine ID="line_86" HPOS="1417" VPOS="359" WIDTH="12" HEIGHT="1728">
							<String ID="string_561" HPOS="1417" VPOS="359" WIDTH="12" HEIGHT="1728" WC="0.95" CONTENT=" "/>
						</TextLine>
					</TextBlock>
				</ComposedBlock>
				<ComposedBlock ID="cblock_27" HPOS="1469" VPOS="205" WIDTH="14" HEIGHT="1879">
					<TextBlock ID="block_43" HPOS="1469" VPOS="205" WIDTH="14" HEIGHT="1879">
						<TextLine ID="line_87" HPOS="1469" VPOS="205" WIDTH="14" HEIGHT="1879">
							<String ID="string_562" HPOS="1469" VPOS="205" WIDTH="14" HEIGHT="1879" WC="0.95" CONTENT=" "/>
						</TextLine>
					</TextBlock>
				</ComposedBlock>
				<ComposedBlock ID="cblock_28" HPOS="1471" VPOS="205" WIDTH="10" HEIGHT="1879">
					<TextBlock ID="block_44" HPOS="1471" VPOS="205" WIDTH="10" HEIGHT="1879">
						<TextLine ID="line_88" HPOS="1471" VPOS="205" WIDTH="10" HEIGHT="1879">
							<String ID="string_563" HPOS="1471" VPOS="205" WIDTH="10" HEIGHT="1879" WC="0.95" CONTENT=" "/>
						</TextLine>
					</TextBlock>
				</ComposedBlock>
				<ComposedBlock ID="cblock_29" HPOS="1474" VPOS="801" WIDTH="6" HEIGHT="1283">
					<TextBlock ID="block_45" HPOS="1474" VPOS="801" WIDTH="6" HEIGHT="1283">
						<TextLine ID="line_89" HPOS="1474" VPOS="801" WIDTH="6" HEIGHT="1283">
							<String ID="string_564" HPOS="1474" VPOS="801" WIDTH="6" HEIGHT="1283" WC="0.95" CONTENT=" "/>
						</TextLine>
					</TextBlock>
				</ComposedBlock>
				<ComposedBlock ID="cblock_30" HPOS="1477" VPOS="1501" WIDTH="3" HEIGHT="583">
					<TextBlock ID="block_46" HPOS="1477" VPOS="1501" WIDTH="3" HEIGHT="583">
						<TextLine ID="line_90" HPOS="1477" VPOS="1501" WIDTH="3" HEIGHT="583">
							<String ID="string_565" HPOS="1477" VPOS="1501" WIDTH="3" HEIGHT="583" WC="0.95" CONTENT=" "/>
						</TextLine>
					</TextBlock>
				</ComposedBlock>
				<ComposedBlock ID="cblock_31" HPOS="1526" VPOS="358" WIDTH="11" HEIGHT="1726">
					<TextBlock ID="block_47" HPOS="1526" VPOS="358" WIDTH="11" HEIGHT="1726">
						<TextLine ID="line_91" HPOS="1526" VPOS="358" WIDTH="11" HEIGHT="1726">
							<String ID="string_566" HPOS="1526" VPOS="358" WIDTH="11" HEIGHT="1726" WC="0.95" CONTENT=" "/>
						</TextLine>
					</TextBlock>
				</ComposedBlock>
				<ComposedBlock ID="cblock_32" HPOS="1566" VPOS="212" WIDTH="14" HEIGHT="1874">
					<TextBlock ID="block_48" HPOS="1566" VPOS="212" WIDTH="14" HEIGHT="1874">
						<TextLine ID="line_92" HPOS="1566" VPOS="212" WIDTH="14" HEIGHT="1874">
							<String ID="string_567" HPOS="1566" VPOS="212" WIDTH="14" HEIGHT="1874" WC="0.95" CONTENT=" "/>
						</TextLine>
					</TextBlock>
				</ComposedBlock>
				<ComposedBlock ID="cblock_33" HPOS="1669" VPOS="376" WIDTH="12" HEIGHT="1708">
					<TextBlock ID="block_49" HPOS="1669" VPOS="376" WIDTH="12" HEIGHT="1708">
						<TextLine ID="line_93" HPOS="1669" VPOS="376" WIDTH="12" HEIGHT="1708">
							<String ID="string_568" HPOS="1669" VPOS="376" WIDTH="12" HEIGHT="1708" WC="0.95" CONTENT=" "/>
						</TextLine>
					</TextBlock>
				</ComposedBlock>
				<ComposedBlock ID="cblock_34" HPOS="1842" VPOS="1180" WIDTH="3" HEIGHT="527">
					<TextBlock ID="block_50" HPOS="1842" VPOS="1180" WIDTH="3" HEIGHT="527">
						<TextLine ID="line_94" HPOS="1842" VPOS="1180" WIDTH="3" HEIGHT="527">
							<String ID="string_569" HPOS="1842" VPOS="1180" WIDTH="3" HEIGHT="527" WC="0.95" CONTENT=" "/>
						</TextLine>
					</TextBlock>
				</ComposedBlock>
				<ComposedBlock ID="cblock_35" HPOS="1769" VPOS="203" WIDTH="14" HEIGHT="1876">
					<TextBlock ID="block_51" HPOS="1769" VPOS="203" WIDTH="14" HEIGHT="1876">
						<TextLine ID="line_95" HPOS="1769" VPOS="203" WIDTH="14" HEIGHT="1876">
							<String ID="string_570" HPOS="1769" VPOS="203" WIDTH="14" HEIGHT="1876" WC="0.95" CONTENT=" "/>
						</TextLine>
					</TextBlock>
				</ComposedBlock>
			</PrintSpace>
		</Page>
	</Layout>
</alto>
