1855 2365
181 162 42 21 570
916 168 135 15 SAKREGISTER

180 1169 2 7 I

180 1607 2 19 I

180 1565 2 11 |
200 1557 94 24 Fridell,
311 1557 64 22 Julia
390 1556 70 27 Sofia,
477 1558 122 21 arbeterska
616 1558 35 21 vid
667 1558 263 24 ammunitionsfabriken;
947 1564 22 14 se
985 1557 52 21 Pen-

179 1805 2 18 |
199 1796 114 27 Frigivna
336 1794 99 29 fångar;
461 1804 21 14 se
506 1796 144 28 Fångvården
673 1796 131 27 (1921:1,5;
830 1796 93 26 1922:4;
944 1796 92 24 1923:4;

199 445 56 27 Feij,
273 444 19 22 J.
312 444 32 26 A.,
368 446 14 20 f.
402 446 19 20 d.
441 446 69 21 soldat
529 446 36 21 vid
581 446 133 27 Jönköpings
730 448 128 24 regemente;
875 453 22 14 se
913 445 123 27 Pensioner,

244 476 107 27 beviljade
366 476 81 26 (1929).

200 535 37 21 Fri
253 532 142 29 rättegång.

229 566 43 21 Till
288 566 136 21 bestridande
440 573 26 13 av
482 566 26 20 de
524 565 121 25 kostnader,
662 573 45 13 som
724 566 66 26 enligt
806 566 60 26 lagen
882 573 35 13 om
934 567 26 20 fri
977 568 60 19 rätte-

244 597 55 25 gång
318 596 61 20 skola
397 596 73 26 gäldas
486 603 26 13 av
528 596 110 20 allmänna
654 596 77 24 medel,
748 596 101 27 uppföres
865 596 68 21 under
949 597 34 19 2:a
998 597 39 20 HT

245 628 31 19 ett
291 626 43 21 ord.
352 626 164 26 förslagsanslag
531 627 13 19 å
559 626 42 20 260
611 625 42 22 000
665 626 30 20 kr.

230 686 49 21 Ord.
297 686 185 26 förslagsanslaget
498 686 32 20 till
547 685 120 26 kostnader,
684 692 45 14 som
744 686 66 26 enligt
820 686 62 26 lagen
892 692 35 14 om
939 686 27 20 fri
977 688 60 19 rätte-

244 717 55 25 gång
322 716 60 20 skola
405 716 73 26 gäldas
498 723 26 14 av
543 716 109 20 allmänna
671 716 77 24 medel,
768 716 60 26 höjes
844 716 49 20 med
909 716 28 20 40
947 716 42 21 000
1005 717 31 20 kr.

245 746 33 21 till
295 746 42 20 300
347 746 42 21 000
406 746 30 20 kr.

230 807 37 19 RD
283 808 87 24 antager
385 806 33 20 för
434 806 32 20 sin
483 805 34 21 del
534 805 79 27 förslag
629 805 33 21 till
678 805 35 26 lag
728 812 34 14 om
780 805 90 27 ändring
885 806 6 20 i
908 806 56 20 vissa
980 806 58 21 delar

245 843 26 14 av
287 836 60 26 lagen
364 836 40 20 den
424 836 25 20 19
465 836 48 26 juni
531 835 55 21 1919
603 836 33 25 (nr
652 835 51 26 367)
718 842 35 14 om
770 836 26 20 fri
812 836 115 26 rättegång.

200 900 37 22 Fri
253 900 135 27 skaffning;
405 909 22 13 se
443 901 105 22 Marinen
564 901 73 26 (1926:
649 901 40 26 29).

200 966 53 22 Fria
273 965 194 28 järnvägsresor
489 968 34 20 för
546 967 156 27 riksdagsmän;
728 973 21 14 se
772 966 127 28 Riksdagen
921 967 72 27 (1925:
1006 973 31 19 14;

246 981 63 47 1930:
321 981 24 47 4).

200 1062 108 26 Friberg,
324 1061 22 22 C.
364 1061 31 25 0.,
411 1063 136 26 värnpliktig.

229 1094 54 25 Ang.
301 1093 88 26 pension
405 1094 22 19 åt
443 1093 53 20 hans
512 1092 83 24 moder;
612 1098 22 14 se
651 1090 123 26 Pensioner,
791 1092 107 27 beviljade
913 1092 80 26 (1927).

200 1157 108 26 Friberg,
323 1156 26 22 N.
366 1156 74 28 S:son,
457 1157 134 27 stallbetjänt
606 1157 36 21 vid
658 1157 88 27 Flyinge
762 1157 133 26 hingstdepå.
1047 1169 1 23 |

230 1189 53 25 Ang.
301 1188 88 26 pension
405 1189 23 19 åt
443 1188 53 20 hans
513 1188 65 24 änka;
595 1193 22 15 se
633 1186 126 26 Pensioner,
775 1187 120 26 föreslagna
910 1194 50 14 men
974 1188 19 26 ej
1006 1188 32 20 be-

244 1218 80 27 viljade
339 1217 79 27 (1930).

200 1282 238 27 Fribiljettsystemet
446 1281 40 22 vid
495 1276 95 37 statens
595 1276 149 37 järnvägar;
755 1289 22 14 se
785 1282 129 27 Järnvägar
921 1282 72 26 (1923:
1005 1288 33 19 21;

246 1313 63 21 1924:
321 1314 41 26 22).

201 1378 77 24 Frick,
294 1378 33 24 H.,
344 1379 140 26 flaggkorpral
500 1379 36 21 vid
553 1378 119 21 Vaxholms
688 1378 265 27 kustartilleriregemente.

231 1410 52 25 Ang.
301 1409 116 21 understöd
428 1409 22 21 åt
460 1409 54 21 hans
525 1409 56 20 änka
591 1409 40 21 och
642 1409 36 20 två
689 1409 61 24 barn;
763 1415 21 14 se
796 1408 124 25 Pensioner,
932 1409 107 27 beviljade

245 1439 80 27 (1930).

201 1497 117 27 Fridagar
334 1499 32 20 för
382 1499 168 26 yrkesmusiker;
568 1505 21 14 se
605 1497 112 22 Arbetstid
732 1498 73 26 (1928:
815 1498 25 26 3).

243 1587 78 28 sioner,
338 1588 107 27 beviljade
460 1587 80 28 (1930).

199 1646 94 27 Fridén,
309 1647 21 22 J.
346 1646 34 27 E.,
392 1648 13 20 f.
417 1647 20 21 d.
450 1648 78 24 soldat;
541 1654 21 14 se
573 1646 124 26 Pensioner,
710 1648 118 24 föreslagna
839 1654 48 14 men
899 1648 20 25 ej
932 1647 105 27 beviljade

244 1677 79 28 (1929).

199 1736 155 28 Fridlysning
369 1741 31 17 av
416 1734 55 27 örn;
487 1744 22 14 se
524 1736 56 22 Jakt
594 1736 80 28 (1924).

245 1828 63 20 1924:
321 1832 17 20 4;
365 1827 63 21 1925:
440 1832 18 20 5;
484 1827 93 24 1926:6;
599 1827 92 24 1927:8;
714 1826 61 21 1928:
788 1832 17 19 4;
824 1826 63 21 1929:
899 1832 18 19 38;
936 1826 62 21 1930:
1011 1827 25 25 3),

244 1857 163 27 Skyddsvärnet
423 1857 79 27 (1921).

199 1916 112 22 Frihamn
327 1916 45 21 och
388 1915 110 27 frilager.

229 1948 37 20 RD
289 1947 93 21 besluter
403 1947 82 21 ändrad
508 1947 81 27 lydelse
611 1954 26 14 av
653 1947 13 26 8
684 1946 26 21 19
734 1954 65 13 mom.
822 1946 9 21 1
852 1946 194 21 frihamnsförord-
1034 1942 10 37 |

243 1978 78 25 ningen
344 1978 14 24 (i
382 1977 56 26 syfte
461 1979 31 19 att
515 1979 114 24 varuägare
654 1977 86 20 beredes
763 1976 113 27 möjlighet
898 1978 32 19 att
952 1976 36 21 vid
1007 1977 29 19 in-

243 2007 105 21 träffande
364 2007 165 27 tullförhöjning
545 2007 74 20 kunna
634 2007 47 20 från
692 2007 71 26 fartyg
773 2007 34 20 via
818 2007 94 19 frihamn
924 2006 69 20 införa
1004 2006 32 20 till

244 2038 79 19 honom
346 2037 159 20 ankommande
528 2037 52 26 gods
603 2037 28 26 på
646 2037 7 20 i
669 2038 53 19 stort
741 2038 41 19 sett
799 2043 83 13 samma
898 2036 77 21 villkor
991 2042 45 14 som

243 2068 35 20 via
294 2067 121 25 tullhamn).

1126 230 41 32 så
1507 237 53 18 Riks-

1073 260 17 27 5
1126 260 36 36 2e
1226 285 3 4 5
1342 251 93 43 Utekotte-
1497 261 73 32 dagens
1627 267 117 18 Kamrarnas

1073 291 16 26 z
1126 290 41 36 är
1172 281 106 31 Motioner
1319 281 125 42 utlåtanden
1512 297 45 18 skl
1612 297 144 22 förhandlingar

1079 312 8 40 Zu
1126 318 36 30 är
1306 315 46 18 eller
1365 315 99 18 memorial
1504 327 62 18 völser

1068 352 17 12 &
1126 348 39 23 138
1586 365 48 1 NESE

1073 368 17 25 >
1126 362 36 29 leg
1299 376 17 11 Fl
1453 382 17 11 2
1554 382 17 12 2
1570 365 12 46 |
1600 382 55 17 Första
1670 365 24 46 |
1701 381 43 18 And

1453 395 17 5 El
1554 395 17 5 DR
1628 376 40 33 rsta
1719 387 48 12 ndra

1073 396 12 10 -
1126 392 36 40 58
1187 393 34 18 KE
1299 389 17 43 2
1340 399 18 31 å
1394 393 17 27 2
1453 402 18 25 >
1507 393 17 28 2
1554 402 17 25 &
1571 398 18 34 |
1597 406 70 17 kamm.
1669 398 26 34 |
1698 406 70 17 kamm.

1053 567 56 22 19261
1124 568 41 20 1:
1149 563 19 35 2
1303 568 53 21 GIL
1409 569 12 20 21
1454 573 23 16 1812
1516 564 34 35 A|
1560 574 10 16 8]
1601 568 67 21 34:61
1671 564 19 35 |
1701 568 34 20 34:
1746 568 26 21 4d

1122 603 45 22 p.24

1053 687 112 22 192811:
1148 683 14 36 2
1303 689 12 20 6)
1345 688 75 20 112]
1467 689 68 20 6l2Al
1560 688 111 22 87:30]
1717 688 38 20 7:83

1122 723 46 22 p.19

1052 807 57 22 19291
1125 808 39 20 191
1303 809 12 20 91
1346 809 10 20 1!
1394 808 27 20 34
1493 808 41 21 213
1592 808 33 20 31:
1636 808 41 21 64d|
1693 808 33 20 38:
1737 807 40 22 83d

1230 913 2 32 |

1539 1880 2 42 |
1682 1879 2 40 |

1052 1945 54 23 1921
1304 1946 11 20 71
1346 1946 76 20 11:54
1494 1919 47 57 400)
1601 1946 69 20 47:23
1673 1942 18 34 |
1703 1946 67 20 59:12
