1851 2359
177 158 44 21 484

912 163 136 15 SAKREGISTER

1179 215 33 2 |

194 443 167 22 Fiskehamnar.

238 474 92 26 skoning
352 474 40 21 och
416 474 90 27 bryggor
525 485 28 2 —
572 475 101 18 ävensom
690 472 66 21 andra
771 472 220 21 fiskehamnsarbeten
1007 479 26 13 av

238 504 104 20 liknande
360 506 38 23 art,
418 511 45 13 som
484 511 26 13 av
528 503 113 26 riksdagen
657 503 89 20 komma
761 504 31 19 att
808 502 100 24 beslutas,
925 502 61 20 skola
1000 504 31 18 ut-

238 534 57 20 föras
310 534 103 27 jämsides
429 533 50 21 med
495 533 67 21 andra
577 533 7 20 i
600 534 55 25 gång
665 532 92 21 varande
768 532 263 26 fiskehamnsbyggnader;

239 564 40 20 och
304 564 92 21 besluter
419 564 45 26 RD,
480 565 31 19 att
527 563 26 20 de
569 563 91 20 hamnar
675 562 36 21 vid
727 562 131 24 Kårehamn,
875 561 157 27 Kapelludden,

238 594 176 25 Bremö-Kalven,
428 593 121 26 Vändborg,
563 593 118 24 Faludden,
694 592 134 25 Stendörren,
840 592 72 26 Långö
923 592 39 20 och
974 592 59 20 Bokö

238 626 57 18 samt
311 624 41 20 den
368 624 195 25 hamnförbättring
576 623 35 20 vid
623 622 191 24 Gäddbäckssund,
826 629 45 13 som
883 629 26 13 av
920 621 112 26 riksdagen

238 654 90 26 tidigare
344 654 110 24 beslutats,
471 653 47 21 icke
534 653 61 21 skola
610 653 89 20 komma
714 652 33 21 till
763 652 123 24 utförande;
898 652 39 20 och
949 652 84 20 anvisas

238 684 34 20 till
296 684 135 20 bestridande
455 690 26 14 av
504 683 119 21 kostnaden
639 683 33 20 för
687 682 26 21 de
729 682 34 21 till
779 682 228 26 fiskehamnsgruppen
1023 682 10 19 I

238 714 95 20 hörande
356 713 190 27 hamnbyggnader
568 713 33 20 för
624 713 126 26 budgetåret
775 710 126 30 1923/1924
924 714 31 18 ett
973 714 60 18 extra

238 744 216 26 reservationsanslag
469 750 27 15 av
512 743 42 21 600
563 743 42 21 000
622 743 30 20 kr.

197 808 8 16 1
224 804 82 20 Motion
330 811 34 13 om
389 804 74 26 anslag
485 804 33 20 för
541 802 204 27 iordningställande
771 809 26 13 av
817 802 165 26 tilläggsplatser
1000 801 33 21 för

238 834 115 20 fiskebåtar
369 834 36 21 vid
421 834 65 20 Torsö
502 833 101 26 fiskeläge
618 833 7 20 i
642 832 102 26 Blekinge
760 832 75 21 avslås.

195 899 10 15 2
223 894 43 20 Till
282 894 185 26 undersökningar
483 894 39 20 och
538 892 153 28 upprättandet
707 899 26 14 av
749 892 145 26 arbetsplaner
910 892 32 20 för
953 891 80 21 sådana

238 924 150 25 fiskehamnar,
413 930 46 14 som
482 925 36 19 äro
538 923 94 21 avsedda
647 925 32 18 att
694 922 81 21 erhålla
790 922 130 26 statsbidrag
934 922 48 20 från
997 928 35 13 an-

238 954 67 26 slaget
323 954 34 20 till
376 953 181 28 understödjande
576 960 26 13 av
621 952 84 21 mindre
720 951 261 28 fiskehamnsbyggnader,
998 958 33 13 an-

237 984 56 20 visas
312 984 32 20 för
363 984 126 26 budgetåret
509 982 125 29 1924/1925
655 985 31 18 ett
701 984 60 19 extra
777 981 214 26 reservationsanslag
1006 988 26 14 av

240 1013 27 21 10
277 1013 42 21 000
330 1014 32 20 kr.

195 1078 9 15 3
222 1073 43 20 Till
281 1073 137 21 bestridande
437 1080 26 14 av
482 1072 115 21 kostnader
616 1072 33 20 för
665 1073 65 19 större
746 1072 138 26 reparations-
901 1071 39 20 och
958 1070 74 21 mudd-

237 1103 146 26 ringsarbeten
397 1104 13 19 å
422 1109 77 20 genom
510 1104 80 19 statens
601 1103 81 25 försorg
692 1101 115 20 tillkomna
817 1101 216 25 fiskehamnsanlägg-

237 1133 76 26 ningar
328 1133 86 20 anvisas
429 1133 33 20 för
478 1132 125 27 budgetåret
620 1131 126 28 1924/1925
763 1133 31 19 ett
809 1133 61 19 extra
885 1131 147 20 reservations-

238 1163 74 26 anslag
327 1170 27 14 av
371 1162 27 21 10
408 1162 42 21 000
466 1163 31 20 kr.

194 1232 10 15 4
222 1228 38 20 RD
284 1228 100 25 besluter,
409 1230 31 18 att
463 1227 96 28 följande
582 1227 33 21 till
637 1227 228 26 fiskehamnsgruppen
887 1226 22 20 II
931 1225 101 25 hörande,

237 1258 173 25 huvudsakligen
425 1265 26 14 av
465 1257 139 26 muddringar
614 1257 114 21 bestående
740 1257 224 25 hamnförbättringar,
975 1257 57 19 näm-

237 1287 58 26 ligen
303 1288 37 20 vid
348 1288 158 26 Prästgrundet,
515 1288 73 26 Bergö,
600 1287 134 24 Storrebben,
742 1286 118 25 Rönnskär,
869 1286 163 27 Skeppsmalen,

239 1317 103 26 Grisslan,
358 1318 199 26 Marviksgrunnan,
574 1318 46 25 Agö
636 1317 39 21 och
693 1317 86 24 Våtnäs,
796 1316 61 21 skola
872 1317 8 19 i
896 1323 29 13 nu
942 1316 91 26 angiven

238 1347 91 26 ordning
344 1348 91 24 utföras;
451 1348 40 20 och
508 1348 93 20 besluter
616 1347 44 25 RD,
677 1349 31 18 att
722 1347 86 20 arbeten
819 1346 33 20 för
863 1345 170 21 iståndsättande

238 1384 26 14 av
276 1377 94 21 hamnen
381 1378 36 20 vid
428 1377 135 21 Baskemölla
574 1378 35 20 må
617 1377 82 21 utföras
709 1376 103 27 jämsides
823 1376 50 20 med
885 1376 81 26 företag
974 1376 59 20 inom

238 1407 253 27 fiskehamnsgrupperna
504 1408 11 20 I
529 1408 39 20 och
579 1408 31 23 II;
623 1408 39 19 och
674 1407 108 26 medgiver
792 1407 45 24 RD,
849 1408 32 19 att
892 1405 142 21 kostnaderna

238 1437 34 20 för
295 1438 135 20 sistnämnda
451 1438 71 20 arbete
546 1438 36 19 må
604 1437 103 20 bestridas
723 1437 48 20 från
787 1436 26 20 de
829 1443 26 13 av
871 1435 113 27 riksdagen
1000 1435 34 20 till

238 1467 81 26 företag
334 1468 60 20 inom
410 1468 228 25 fiskehamnsgruppen
649 1467 22 20 II
683 1466 100 21 anvisade
794 1466 84 26 anslag;
890 1466 39 20 och
942 1465 92 21 besluter

238 1497 44 25 RD,
300 1499 31 19 att
347 1504 26 14 av
389 1497 26 21 de
430 1498 82 25 företag
525 1498 59 19 inom
599 1497 253 26 fiskehamnsgrupperna
863 1496 10 20 I
884 1496 40 20 och
935 1496 29 24 II,
976 1495 59 20 vilka

238 1534 26 14 av
274 1527 114 26 riksdagen
399 1527 89 26 tidigare
500 1527 104 23 beslutits,
615 1526 247 26 hamnförbättringarna
870 1525 36 21 vid
915 1525 118 20 Rödkallen

238 1557 40 20 och
302 1557 114 20 Storhamn
440 1557 47 20 icke
506 1557 60 20 skola
585 1557 89 20 komma
689 1556 33 21 till
738 1555 114 21 utförande
868 1557 56 19 samt
939 1555 94 20 hamnen

237 1587 37 20 vid
290 1587 107 21 Gnisvärd
414 1588 40 20 och
470 1587 247 25 hamnförbättringarna
729 1586 37 20 vid
776 1586 88 23 Holma,
875 1585 158 21 Jättholmarne

238 1617 39 20 och
294 1617 114 26 Tupparne
423 1617 47 20 icke
486 1617 33 20 för
534 1616 131 21 närvarande
681 1616 61 20 skola
757 1616 89 20 komma
861 1615 33 20 till
911 1614 121 25 utförande;

238 1647 39 20 och
293 1647 110 26 medgiver
418 1647 44 25 RD,
480 1648 31 19 att
526 1647 119 20 hamnarna
661 1646 36 20 vid
713 1645 158 26 Prästgrundet,
888 1645 73 26 Bergö,
978 1645 55 20 Stor-

238 1677 75 24 ebben,
333 1677 119 24 Rönnskär,
473 1676 161 27 Skeppsmalen,
652 1676 103 24 Grisslan,
771 1675 200 26 Marviksgrunnan,
989 1675 44 25 Agö

238 1706 40 20 och
295 1707 81 20 Våtnäs
392 1709 101 19 ävensom
508 1707 95 20 hamnen
619 1706 37 21 vid
671 1705 136 21 Baskemölla
823 1705 60 21 skola
898 1705 82 20 utföras
994 1704 39 20 och

237 1736 139 21 underhållas
391 1744 77 19 genom
484 1738 81 19 statens
581 1736 86 26 försorg.

195 1800 8 16 1
222 1796 37 20 RD
283 1796 115 26 medgiver,
423 1798 31 18 att
477 1797 33 19 för
526 1795 130 22 bedrivande
672 1803 26 13 av
715 1795 86 21 arbeten
817 1795 13 20 å
845 1794 33 21 till
895 1794 137 21 fiskehamns-

237 1833 97 20 gruppen
349 1827 11 19 I
376 1826 95 21 hörande
487 1826 190 27 hamnbyggnader
693 1826 36 20 må
744 1832 26 13 av
786 1825 26 20 de
828 1824 34 21 till
877 1824 82 26 företag
974 1824 58 20 inom

237 1856 229 27 fiskehamnsgruppen
485 1857 22 20 II
526 1856 101 21 anvisade
646 1856 74 25 anslag
738 1854 108 21 användas
866 1856 30 19 ett
913 1854 78 26 belopp
1007 1860 26 14 av

238 1886 43 20 250
291 1886 42 20 000
357 1886 38 24 kr.;
419 1887 39 20 och
482 1886 97 21 anhåller
598 1886 37 20 RD
655 1892 35 14 om
706 1885 115 25 utredning
836 1891 47 19 ang.
902 1884 90 20 behovet
1007 1890 26 13 av

237 1916 40 20 och
300 1916 144 20 kostnaderna
462 1916 33 20 för
513 1915 205 26 iordningställande
738 1922 26 13 av
783 1914 148 20 fiskehamnen
950 1914 7 20 i
977 1914 55 20 Vite-

238 1945 72 25 mölla,
327 1948 56 18 samt
399 1947 31 19 att
446 1946 61 20 KM:t
522 1946 37 20 må
573 1946 34 19 till
623 1945 113 26 riksdagen
751 1944 112 20 inkomma
879 1944 49 20 med
945 1944 36 20 det
993 1944 39 19 för-

238 1975 51 26 slag,
305 1975 72 21 vartill
393 1975 115 26 utredning
523 1976 43 20 kan
581 1974 117 21 föranleda.

194 2039 10 15 2
222 2034 42 21 Till
280 2035 183 27 understödjande
479 2042 26 14 av
521 2035 67 20 andra
603 2034 84 21 mindre
703 2033 255 27 fiskehamnsbyggnader
968 2034 28 19 än
1007 2032 26 20 de

238 2071 26 14 av
274 2064 301 22 fiskehamnskommissionen
587 2064 33 21 till
631 2064 114 21 utförande
755 2064 8 20 i
773 2064 67 20 första
848 2063 58 21 hand
915 2062 119 26 föreslagna

1064 255 22 145 1Y8SBeEPsAIA

1141 224 22 65 (SunY
1157 216 13 1 |

1122 302 17 104 J9S[9ALIYS
1122 242 17 48 J9[[9

1141 373 17 53 ”doad
1141 300 22 65 s):tet

1182 279 96 17 Motioner

1281 219 2 56 |
1326 245 107 30 Utskotts-

1327 278 111 18 utlåtanden

1303 308 46 18 eller
1362 308 98 18 memorial

1506 230 53 17 Riks-

1496 260 72 22 dagens

1510 289 46 18 skri-

1501 320 63 17 velser

1626 260 117 17 Kamrarnas

1610 289 146 22 förhandlingar

1504 385 17 28 IN

1552 376 17 45 BPIS

1599 374 66 17 Första
1681 375 1 13 |
1700 373 65 17 Andra

1595 398 71 17 kamm.
1681 397 1 35 |
1698 398 70 17 kamm.

1048 472 55 20 1923

1048 799 56 23 1924

1048 1792 56 22 1925

1120 1069 41 21 136

1118 1104 45 23 p.25

1121 1225 40 20 157

1122 1792 39 20 1:6

1119 1827 45 23 p.24

1121 2031 40 20 1:6

1119 2065 45 23 p.25

1193 1776 34 46 36/|
1246 1791 27 21 69

1173 1879 55 48 sr

1226 2014 1 10 I

1208 2030 19 30 9

1226 2067 2 18 I

1247 2030 26 20 12

1450 895 31 20 19/

1493 889 12 20 6
1514 890 52 20 Al
1546 885 22 34 9

1494 1790 38 21 6A

1680 440 2 11 I

1599 795 31 35 ki0:
1700 799 32 20 17:

1599 888 32 21 17:
1642 888 90 21 84:1-47:

1744 894 9 15 vw

1599 1064 32 34 17:
1701 1068 32 20 17:

1598 1223 69 20 30:12

1591 1772 33 50 27:
1635 1790 41 21 65d
1683 1776 42 42 30:
1736 1789 41 21 44d

1679 1824 1 23 I

1680 2004 1 15 |

1591 2029 33 19 27:
1636 2028 45 23 67d|
1692 2027 33 21 30:
1736 2027 40 21 46d
