1799 2338
746 83 222 20 SAKREGISTER

1627 84 26 21 81

55 2170 23 17 18

75 268 287 25 Avlöningsreglementen

981 195 25 21 År

1029 199 53 21 Prop.

1111 174 90 17 Motioner

1268 174 71 17 Utskott

1387 186 57 17 Skriv.

1500 175 92 17 Protokoll

1111 229 29 16 FK
1142 225 27 30 |
1175 229 32 16 AK

1228 228 87 17 SmllAvd|
1338 229 26 16 Nr

1406 215 22 12 nr

1484 229 30 17 FK
1583 229 33 17 AK

117 298 96 20 utfärda
231 299 28 20 de
276 299 312 25 övergångsbestämmelser,
606 305 50 14 som
673 299 47 20 kan
737 299 31 21 bli
786 299 151 25 erforderliga
954 299 7 20 i

117 328 126 25 anledning
262 334 28 14 av
308 328 155 21 förenämnda
481 329 95 25 förslag,
593 329 8 20 i
618 329 158 25 huvudsaklig
793 330 168 19 överensstäm-

117 358 72 20 melse
201 358 53 20 med
266 359 43 19 vad
322 359 7 19 i
342 359 256 24 statsrådsprotokollet
609 359 75 21 under
695 359 32 20 III
739 359 117 20 förordats
867 359 93 25 vidtaga

117 387 109 26 åtgärder
237 388 37 20 för
285 389 33 19 ett
329 388 75 20 bättre
416 389 193 24 tillvaratagande
620 395 28 14 av
659 389 103 25 partiellt
772 388 142 21 arbetsföras
926 395 35 14 ar-

116 417 118 21 betskraft
253 418 65 20 inom
338 418 234 25 statsförvaltningen
592 420 61 19 samt
672 418 95 21 utfärda
787 419 174 20 bestämmelser

117 452 52 20 ang.
188 448 89 20 statens
296 448 141 20 medverkan
455 448 38 20 vid
511 448 106 25 uppbörd
636 454 28 15 av
681 448 220 25 föreningsavgifter
918 448 42 21 och

118 476 249 27 försäkringspremier
381 484 30 14 m.
427 484 29 14 m.
470 478 8 20 i
492 478 157 25 huvudsaklig
663 478 231 21 överensstämmelse
909 478 51 20 med

117 507 44 20 vad
171 507 7 20 i
189 507 257 25 statsrådsprotokollet
455 508 74 20 under
539 508 30 20 IV
578 508 125 20 förordats.

118 560 39 20 RD
170 560 153 26 bemyndigar
336 561 26 20 K.
375 561 45 20 M:t
432 562 35 19 att
478 561 93 25 vidtaga
584 561 126 25 ändringar
722 562 7 19 i
742 562 88 20 statens
843 561 118 20 allmänna

118 590 264 25 avlöningsreglemente
396 591 44 20 den
455 591 27 20 30
496 591 52 24 juni
564 591 55 21 1948
637 591 39 23 (nr
690 591 64 24 436),
768 591 193 25 avlöningsregle-

118 621 88 19 mentet
220 620 36 20 för
270 620 134 20 folkskolan
417 621 45 19 den
475 620 27 21 30
515 620 52 25 juni
581 621 56 20 1948
653 621 39 23 (nr
705 621 53 24 437)
775 621 43 20 och
831 621 130 25 avlönings-

119 650 150 24 reglementet
282 650 36 20 för
330 650 175 25 övningslärare
517 650 44 20 den
573 650 12 20 9
597 650 52 25 juni
663 650 55 21 1950
734 650 39 24 (nr
785 650 52 25 386)
852 651 8 20 i
872 650 89 20 huvud-

118 679 75 25 saklig
207 680 233 20 överensstämmelse
453 680 51 20 med
517 680 44 20 vad
575 680 74 20 under
662 681 9 19 I
684 680 8 20 i
705 680 256 25 statsrådsprotokollet

118 709 53 20 över
186 709 158 21 civilärenden
359 709 36 20 för
410 710 44 20 den
469 709 27 21 29
511 715 62 15 mars
589 710 55 20 1957
660 709 123 25 förordats,
799 710 92 25 vidtaga
905 710 56 20 änd-

119 739 78 25 ringar
209 739 7 20 i
228 739 266 25 polislönereglementet
506 740 44 20 den
563 739 27 20 14
601 740 47 24 maj
663 739 56 21 1954
734 739 39 23 (nr
785 739 53 25 226)
853 740 7 20 i
871 740 90 19 huvud-

118 768 76 26 saklig
205 769 233 20 överensstämmelse
449 769 53 20 med
513 769 43 20 vad
568 769 75 20 under
654 770 9 19 I
674 769 44 20 och
729 769 20 20 II
760 770 8 20 i
779 770 103 20 nämnda
893 770 68 19 stats-

117 798 173 25 rådsprotokoll
304 798 124 24 förordats,
440 799 96 20 utfärda
548 799 27 20 de
588 798 310 26 övergångsbestämmelser,
911 805 49 14 som

118 828 46 20 kan
177 828 32 20 bli
221 828 153 25 erforderliga
385 829 7 19 i
405 828 126 26 anledning
543 834 28 14 av
583 828 154 21 förenämnda
749 829 94 25 förslag,
856 829 105 20 meddela

117 857 177 21 bestämmelser
306 864 38 14 om
357 858 130 25 ersättning
499 858 37 20 för
547 858 219 25 beredskapstjänst
778 858 35 21 till
825 858 46 21 viss
884 864 77 19 perso-

118 888 38 20 nal
168 888 38 20 vid
219 888 164 25 örlogsvarven
394 888 7 20 i
413 888 144 20 Karlskrona
568 888 44 20 och
623 888 113 25 Göteborg
746 888 44 20 och
801 888 38 20 vid
850 889 111 20 matema-

118 917 250 21 tikmaskinnämnden
382 919 61 19 samt
457 917 37 21 för
507 917 213 26 jourtjänstgöring
733 918 35 20 till
782 918 61 20 vissa
856 918 105 25 vägmäs-

117 948 50 19 tare
190 947 38 20 vid
251 947 248 25 vägförvaltningarna
521 948 7 19 i
551 947 157 26 huvudsaklig
730 947 231 21 överensstämmelse

117 977 53 20 med
188 977 44 20 vad
251 977 75 20 under
344 977 31 20 III
394 977 7 20 i
420 977 256 25 statsrådsprotokollet
694 977 124 24 förordats,
836 978 81 24 medge
934 977 27 20 de

118 1007 199 20 överskridanden
329 1006 37 20 för
377 1006 143 26 budgetåren
533 1007 90 20 1956/57
635 1007 43 20 och
691 1007 90 20 1957/58
793 1013 28 14 av
832 1007 44 20 den
887 1007 74 20 under

118 1036 71 25 sjätte
202 1036 149 21 huvudtiteln
364 1037 7 19 i
384 1036 200 25 avlöningsstaten
597 1036 36 20 för
646 1036 246 25 vägförvaltningarna
904 1043 58 19 upp-

117 1067 71 24 tagna
202 1066 178 25 anslagsposten
392 1066 35 20 till
441 1066 142 25 Avlöningar
596 1066 34 20 till
644 1066 64 25 övrig
720 1066 179 21 icke-ordinarie
911 1072 50 19 per-

118 1096 73 23 sonal,
210 1101 50 14 som
279 1096 46 19 kan
344 1095 133 21 föranledas
495 1101 28 14 av
540 1096 44 19 vad
602 1101 59 14 ovan
679 1095 139 26 föreslagits,
835 1095 82 21 bifalla
934 1096 28 20 de

118 1125 74 20 under
205 1125 30 20 IV
247 1125 7 20 i
267 1125 258 25 statsrådsprotokollet
536 1125 156 20 omförmälda
705 1125 158 25 ansökningar
875 1131 38 14 om
924 1125 37 20 be-

119 1154 78 21 frielse
207 1155 53 20 från
270 1155 47 20 viss
327 1154 316 26 återbetalningsskyldighet
652 1156 61 19 samt
722 1155 87 25 medge,
819 1156 34 19 att
862 1155 28 21 de
899 1155 62 20 kost-

118 1185 80 23 nader,
210 1190 50 14 som
273 1184 118 20 föranleds
403 1190 29 14 av
443 1184 43 20 vad
498 1184 74 20 under
584 1184 20 20 II
616 1185 6 19 i
634 1184 257 25 statsrådsprotokollet
902 1185 59 20 före-

119 1214 87 25 slagits,
222 1214 37 20 må
274 1214 115 20 bestridas
404 1214 53 20 från
472 1214 38 21 det
524 1214 74 20 under
612 1214 56 20 elfte
681 1214 149 21 huvudtiteln
844 1214 117 25 uppförda

119 1244 207 25 förslagsanslaget
340 1244 34 20 till
389 1244 68 20 Vissa
471 1244 157 25 ersättningar
642 1244 23 20 åt
679 1243 231 26 befattningshavare
923 1243 38 21 vid

118 1274 172 25 polisväsendet
300 1280 30 14 m.
340 1280 30 14 m.

119 1333 64 20 RD:s
195 1333 109 25 yttrande
317 1333 7 20 i
337 1333 46 20 anl.
396 1339 28 14 av
437 1333 114 20 motioner
563 1339 38 14 om
614 1333 102 20 ändrade
728 1333 175 21 bestämmelser
916 1333 45 20 rör.

118 1363 125 25 gäldandet
257 1369 28 14 av
300 1363 127 20 kostnader
442 1363 36 20 för
492 1363 175 24 hemtransport
681 1369 28 14 av
723 1362 238 26 befattningshavare,

118 1399 50 14 som
178 1393 88 20 avlider
275 1393 75 19 under
359 1392 158 25 tjänstgöring
526 1392 29 25 på
565 1399 77 13 annan
652 1394 43 19 ort.

118 1452 39 20 RD
167 1452 153 25 bemyndigar
329 1452 27 20 K.
365 1452 45 20 M:t
420 1452 34 20 att

149 1481 21 23 1)
191 1482 93 24 vidtaga
299 1482 127 24 ändringar
440 1482 7 19 i
462 1482 88 20 statens
566 1481 119 21 allmänna
699 1481 262 25 avlöningsreglemente

118 1511 44 20 den
176 1511 28 20 30
218 1511 52 25 juni
286 1511 56 20 1948
359 1511 39 23 (nr
413 1511 63 24 436),
490 1511 273 25 avlöningsreglementet
777 1510 36 21 för
827 1511 134 20 folkskolan

118 1541 44 20 den
174 1541 28 20 30
214 1541 53 24 juni
281 1540 56 21 1948
352 1541 40 23 (nr
404 1541 64 23 437),
480 1541 274 25 avlöningsreglementet
766 1540 36 21 för
814 1540 147 25 kyrkomusi-

118 1570 41 20 ker
172 1571 44 19 den
228 1570 13 21 9
253 1570 53 25 juni
320 1570 56 20 1950
392 1570 39 23 (nr
444 1570 64 24 385),
520 1570 273 25 avlöningsreglementet
806 1570 36 20 för
854 1570 107 25 övnings-

118 1600 75 20 lärare
210 1600 45 20 den
272 1600 12 20 9
302 1600 52 25 juni
373 1600 55 20 1950
450 1600 39 23 (nr
505 1600 65 23 386),
586 1600 271 25 prästlönereglementet
873 1600 44 20 den
934 1599 27 21 29

117 1630 52 24 juni
188 1630 53 20 1951
264 1630 39 22 (nr
320 1629 64 24 577),
401 1629 273 25 avlöningsreglementet
690 1629 37 20 för
743 1629 219 20 statsunderstödda

119 1659 176 25 folkhögskolor
307 1659 44 20 och
363 1659 420 25 lantbruksundervisningsanstalter
795 1665 29 14 m.
836 1665 30 14 m.
878 1659 44 20 den
934 1658 26 20 27

118 1694 52 20 aug.
188 1689 54 20 1951
264 1689 40 23 (nr
321 1689 53 24 615)
394 1689 44 20 och
454 1689 265 25 polislönereglementet
735 1689 45 20 den
797 1688 27 20 14
840 1688 46 25 maj
906 1688 56 20 1954

121 1719 39 23 (nr
170 1719 65 24 226),

147 1749 24 23 2)
192 1748 96 21 utfärda
309 1748 363 26 krigsavlöningsbestämmelser
693 1748 36 20 för
750 1748 107 25 personal
878 1748 84 20 under-

119 1778 83 21 kastad
216 1784 28 14 av
257 1778 27 20 K.
298 1778 45 20 M:t
356 1778 125 20 utfärdade
494 1778 298 25 avlöningsbestämmelser
805 1778 109 20 ävensom
928 1778 33 19 att

118 1808 93 25 vidtaga
222 1809 27 19 de
259 1808 128 25 ändringar
396 1808 7 20 i
413 1808 107 25 gällande
531 1808 130 24 avlönings-
671 1808 44 19 och
724 1807 238 25 pensionsreglemen-

118 1839 46 22 ten,
178 1844 51 14 som
242 1838 118 20 erfordras
375 1838 36 19 för
424 1838 33 20 att
471 1837 105 25 anknyta
589 1837 373 25 krigsavlöningsbestämmelser-

118 1874 31 14 na
159 1868 35 19 till
206 1868 126 23 desamma,
344 1868 61 19 samt
416 1868 34 19 att
460 1867 59 20 efter
529 1867 79 20 vidare
618 1867 126 25 utredning
754 1867 105 20 meddela
870 1867 92 19 närma-

119 1903 24 14 re
154 1897 148 20 föreskrifter
313 1898 45 19 rör.
369 1897 177 25 utformningen
556 1897 44 19 och
610 1897 180 25 användningen
801 1903 28 14 av
839 1903 17 14 s.
867 1897 23 20 k.
900 1897 62 19 löne-

118 1927 43 20 och
174 1927 183 25 pensionsbevis,

148 1957 23 23 3)
192 1957 106 19 meddela
312 1956 175 20 bestämmelser
500 1962 38 14 om
551 1956 61 20 ökad
626 1956 100 25 ledighet
739 1956 37 20 för
789 1957 172 25 landfyrperso-

118 1986 46 23 nal,
181 1986 106 20 meddela
303 1986 77 20 beslut
396 1986 55 20 eller
467 1986 175 20 bestämmelser
658 1987 45 19 rör.
720 1986 242 25 avlöningsförmåner

118 2016 34 20 till
171 2016 108 24 personal
297 2016 37 19 vid
352 2015 171 20 Grundkallens
541 2015 106 25 fyrplats,
665 2016 105 20 meddela
787 2016 175 20 bestämmelser

118 2051 39 14 om
169 2045 130 25 ersättning
311 2045 36 20 för
358 2045 152 24 beredskaps-
522 2045 43 20 och
576 2045 220 25 bevakningstjänst
807 2046 35 20 till
853 2045 47 21 viss
912 2052 50 18 per-

119 2075 65 20 sonal
196 2075 38 20 vid
247 2075 28 20 de
286 2075 35 20 till
333 2075 139 20 Flaxenviks
484 2074 107 25 oljedepå
602 2075 104 20 hörande
717 2075 245 25 oljelagringsanlägg-

119 2105 122 25 ningarna,
265 2104 91 21 besluta
380 2110 38 14 om
443 2104 89 20 ändrad
556 2104 175 26 hyressättning
755 2105 37 19 för
816 2105 146 20 folkskolans

983 560 30 22 57

1036 564 42 21 158

1036 1455 41 20 147

1107 1336 39 21 131
1172 1336 41 20 |158

1254 563 13 20 6)
1289 563 83 20 —I'118

1254 1337 13 20 6)
1290 1332 35 36 —|
1324 1332 49 36 153

1254 1456 13 20 6)
1289 1467 26 3 —
1322 1451 50 36 105

1394 563 41 21 301

1394 1336 43 21 373

1394 1455 43 21 250

1454 563 34 21 19:
1504 568 21 16 79
1553 563 36 21 120:
1604 568 22 15 35

1453 1337 35 20 25:
1505 1341 19 16 11.
1553 1336 35 20 125:
1604 1336 41 20 34dj

1454 1456 34 20 18:
1505 1460 19 15 11
1554 1455 72 20 |17:354
