1819 2355
748 147 223 17 SAKREGISTER

1623 147 43 21 807

74 439 128 21 Karolinska
219 439 107 20 institutet.

77 1928 10 16 2

77 2016 11 18 3

114 469 49 20 med
182 469 26 19 de
225 469 129 26 åligganden
373 469 33 19 för
423 468 128 20 Olivecrona
569 469 71 19 såsom
656 468 132 20 innehavare
799 475 28 13 av
838 469 80 20 omför-

115 499 72 20 mälda
210 499 116 25 professur,
349 504 45 14 som
418 498 63 20 KM:t
503 499 139 23 bestämmer;
665 499 39 19 och
726 498 127 27 godkänner
874 499 42 20 RD

115 528 238 27 personalförteckning
367 528 33 20 för
413 528 57 20 vissa
486 528 132 26 tjänstemän
632 528 37 20 vid
683 528 124 20 karolinska
820 528 97 21 mediko-

114 558 121 26 kirurgiska
249 558 113 19 institutet
375 558 39 19 och
429 558 48 19 dess
490 558 150 19 institutioner
652 564 29 13 m.
695 564 37 17 m.;
746 558 39 20 och
799 558 119 20 fastställer

115 588 42 20 RD
178 588 161 26 avlöningsstat
360 587 33 20 för
413 587 124 20 karolinska
558 587 219 27 mediko-kirurgiska
797 587 119 25 institutet;

114 618 39 19 och
178 617 88 21 anvisar
288 617 42 20 RD
353 617 33 20 till
409 617 125 20 karolinska
556 617 218 26 mediko-kirurgiska
798 617 118 21 institutet:

115 647 128 26 avlöningar
258 649 33 18 ett
305 647 75 26 anslag
395 653 28 14 av
438 647 41 19 668
488 647 40 20 700
543 647 32 20 kr.
591 647 33 25 (f).

100 707 40 20 Till
160 707 123 20 karolinska
303 706 219 27 mediko-kirurgiska
540 706 119 20 institutet:
678 707 98 19 materiel
794 713 28 14 m.
832 713 29 14 m.
880 714 37 13 an-

114 737 58 19 visas
187 738 33 18 ett
235 737 75 25 anslag
324 743 28 13 av
369 736 35 20 121
417 736 41 20 300
473 736 31 20 kr.
520 737 35 25 (r).

100 796 41 20 Till
160 796 123 20 karolinska
302 795 219 27 mediko-kirurgiska
540 796 118 19 institutet:
678 796 110 26 bokinköp
807 797 39 19 och
865 797 53 19 bok-

115 826 106 25 bindning
237 825 33 20 för
285 825 129 20 biblioteket
430 825 87 20 anvisas
533 827 32 18 ett
581 825 75 26 anslag
671 832 28 13 av
714 825 22 20 21
750 825 40 20 800
805 826 32 20 kr.
854 826 34 26 (r).

101 885 39 19 Till
165 885 123 19 karolinska
312 884 219 26 mediko-kirurgiska
554 885 118 19 institutet:
697 885 170 26 nyanskaffning
890 892 27 13 av

115 914 133 20 inventarier
262 915 38 19 och
316 914 132 20 instrument
461 914 34 20 för
508 914 190 20 rättsmedicinska
713 914 153 21 institutionen
880 922 37 13 an-

115 945 58 19 visas
187 946 33 18 ett
235 944 75 26 anslag
325 950 28 14 av
368 944 12 20 7
383 944 47 20 000
444 944 32 20 kr.
492 945 35 25 (r).

101 1034 42 19 RD
161 1033 117 26 medgiver,
296 1035 42 21 att,
356 1033 49 20 med
423 1033 143 27 iakttagande
582 1040 28 13 av
628 1034 25 19 de
670 1034 79 19 villkor
765 1034 40 20 och
824 1034 94 20 bestäm-

114 1063 83 23 melser,
213 1069 46 14 som
274 1063 91 26 angivas
379 1063 6 20 i
400 1063 67 20 Maria
483 1063 78 26 (Mimi)
576 1063 85 20 Amalia
676 1063 116 21 Henrietta
806 1064 110 24 Althainz,

114 1093 52 20 född
184 1093 59 23 Graf,
259 1093 42 20 den
317 1093 26 20 20
358 1093 55 26 april
430 1093 52 20 1933
498 1093 134 26 upprättade
647 1094 138 23 testamente,
801 1093 38 21 vid
854 1094 63 20 karo-

115 1123 69 20 linska
209 1123 218 25 mediko-kirurgiska
452 1123 112 20 institutet
587 1123 36 20 må
647 1123 25 20 fr.
694 1129 19 14 o.
734 1129 28 14 m.
784 1124 41 19 den
847 1124 8 19 1
877 1124 40 25 juli

117 1153 52 19 1936
188 1153 93 20 inrättas
299 1159 26 13 en
344 1153 110 25 professur
471 1153 6 19 i
495 1153 139 26 radioterapi,
654 1153 109 20 benämnd
782 1153 70 20 »Mimi
869 1154 48 20 Alt-

116 1182 62 20 hainz
196 1182 110 26 professur
323 1182 6 20 i
346 1182 148 26 radioterapi»;
513 1183 39 20 och
569 1182 131 21 föreskriver
716 1182 50 24 RD,
785 1184 34 19 att
836 1184 81 25 profes-

115 1218 62 14 suren
195 1212 5 19 i
216 1212 120 20 medicinsk
352 1212 104 26 radiologi
472 1212 37 20 vid
525 1212 113 20 institutet
653 1212 55 20 skall
723 1212 26 20 fr.
766 1219 19 14 o.
801 1219 29 14 m.
848 1213 41 20 den
906 1213 9 20 1

113 1242 40 26 juli
176 1242 51 20 1936
248 1242 113 20 förändras
380 1242 33 20 till
432 1248 27 14 en
479 1242 109 26 professur
606 1242 7 20 i
632 1242 224 27 röntgendiagnostik;
877 1243 40 20 och

115 1272 79 26 uppför
215 1272 41 19 RD
277 1272 11 19 å
310 1272 266 26 personalförteckningen
595 1272 34 20 för
648 1272 57 20 vissa
725 1272 135 26 tjänstemän
880 1273 37 20 vid

114 1301 113 20 institutet
245 1301 40 20 och
305 1302 48 19 dess
371 1301 150 20 institutioner
539 1308 29 13 m.
587 1308 29 14 m.
636 1302 68 20 under
722 1302 102 20 rubriken
843 1304 75 19 veten-

114 1331 98 26 skapliga
232 1331 151 20 institutioner
402 1331 39 20 och
462 1331 146 27 inrättningar
628 1332 9 19 1
658 1331 99 20 tekniskt
776 1332 86 20 biträde
880 1333 37 19 vid

114 1360 184 27 farmakologiska
317 1361 154 20 institutionen
491 1361 39 20 och
551 1361 8 19 1
579 1361 99 20 tekniskt
696 1361 86 21 biträde
800 1362 37 20 vid
856 1368 62 14 nerv-

114 1390 103 23 kliniken,
233 1390 57 21 båda
304 1390 6 20 i
323 1390 131 27 lönegraden
468 1391 17 19 B
496 1391 19 23 7;
533 1391 40 20 och
591 1391 61 26 höjer
668 1391 43 20 RD
727 1391 41 20 den
781 1391 5 20 i
795 1391 123 27 avlönings-

114 1422 73 18 staten
206 1420 33 20 för
256 1420 67 26 sagda
341 1420 90 20 institut
448 1421 69 19 under
534 1421 50 20 avd.
605 1421 16 19 I.
640 1421 134 20 Professorer
792 1422 40 19 och
849 1421 69 21 lärare

114 1456 29 13 m.
165 1450 22 20 fl.
210 1450 108 26 uppförda
340 1450 112 26 delposten
476 1450 31 20 till
527 1451 97 20 arvoden
644 1450 33 20 till
699 1450 130 21 biträdande
849 1451 69 20 lärare

115 1486 28 13 m.
160 1480 22 19 fl.
198 1480 49 19 med
263 1480 12 20 3
284 1479 41 20 000
340 1480 32 20 kr.
389 1480 32 20 till
436 1480 26 20 87
471 1480 42 20 800
527 1480 32 20 kr.
575 1480 125 29 ävensom
676 1475 29 38 i
715 1481 43 20 anl.
774 1481 69 20 härav
858 1481 61 27 höjer

115 1509 41 20 den
172 1509 69 20 under
254 1515 84 14 samma
352 1510 51 19 avd.
418 1510 108 26 uppförda
541 1510 164 26 anslagsposten
720 1510 33 20 till
767 1511 96 20 arvoden
878 1511 40 20 och

115 1539 105 20 särskilda
232 1539 148 26 ersättningar
390 1539 33 20 till
432 1540 41 19 222
482 1540 41 20 800
533 1540 40 24 kr.;
585 1540 40 20 och
638 1540 61 26 höjer
710 1540 42 20 RD
764 1540 42 20 den
817 1540 6 20 i
834 1547 84 14 samma

115 1569 161 26 avlöningsstat
289 1569 69 20 under
370 1569 51 20 avd.
438 1570 26 19 II.
478 1569 63 21 Vissa
554 1570 135 26 tjänstemän
702 1570 37 20 vid
753 1570 112 20 institutet
878 1571 39 20 och

115 1599 48 20 dess
180 1599 150 20 institutioner
346 1605 28 14 m.
391 1605 28 14 m.
437 1599 107 26 uppförda
561 1600 165 26 anslagsposten
742 1600 33 20 till
791 1600 128 27 avlöningar

115 1628 33 20 till
158 1628 136 27 tjänstemän
304 1629 12 20 å
327 1629 45 20 ord.
384 1630 45 19 stat
439 1629 49 20 med
498 1629 13 20 6
520 1629 41 20 400
571 1629 32 20 kr.
614 1630 33 19 till
656 1629 126 27 förslagsvis
791 1630 27 20 89
827 1630 41 20 000
877 1631 40 23 kr.;

115 1658 41 21 och
174 1658 61 26 höjer
252 1659 42 19 RD
312 1659 42 19 den
372 1659 69 20 under
457 1665 84 14 samma
558 1659 51 20 avd.
627 1659 109 27 uppförda
753 1660 165 26 anslagsposten

116 1688 32 20 till
162 1688 105 20 särskilda
280 1688 159 21 löneförmåner
450 1689 33 20 till
495 1689 45 20 ord.
553 1689 41 20 och
605 1689 104 20 icke-ord.
721 1689 135 27 tjänstemän
868 1690 49 20 med

116 1718 62 20 2700
193 1718 32 20 kr.
242 1718 33 20 till
290 1718 125 27 förslagsvis
431 1719 12 19 7
452 1719 41 19 042
508 1719 40 23 kr.;
565 1719 6 20 i
586 1719 43 20 anl.
646 1719 68 20 härav
730 1719 61 26 höjer
806 1720 43 20 RD
865 1720 53 20 slut-

116 1753 100 15 summan
235 1748 69 20 under
321 1748 50 20 avd.
392 1748 7 20 I
418 1754 28 14 av
464 1748 188 27 avlöningsstaten
669 1749 33 20 till
720 1749 40 20 567
769 1749 41 20 400
827 1750 32 19 kr.
878 1750 40 20 och

116 1777 69 20 under
204 1778 50 19 avd.
277 1778 20 19 II
317 1784 28 14 av
365 1784 83 14 samma
467 1778 162 27 avlöningsstat
647 1779 33 19 till
702 1779 37 20 113
748 1779 41 20 400
808 1779 32 20 kr.
860 1781 58 18 samt

116 1807 200 26 avlöningsstatens
335 1808 130 20 slutsumma
485 1808 48 20 från
553 1808 40 20 668
603 1808 41 20 700
662 1808 33 20 kr.
715 1808 33 20 till
768 1808 40 21 680
817 1808 41 21 800
877 1809 40 24 kr.;

116 1837 40 19 och
179 1837 88 20 anvisar
289 1837 42 20 RD
355 1837 32 20 till
409 1837 125 21 karolinska
556 1838 219 26 mediko-kirurgiska
798 1838 119 21 institutet:

116 1866 129 26 avlöningar
259 1867 33 19 ett
306 1867 76 26 anslag
396 1873 28 14 av
439 1867 40 20 680
488 1867 41 20 800
543 1867 32 20 kr.
591 1867 33 26 (f).

102 1925 41 20 Till
162 1925 124 21 karolinska
304 1926 219 27 mediko-kirurgiska
541 1927 118 20 institutet:
678 1927 98 20 materiel
794 1934 28 14 m.
832 1934 29 14 m.
880 1934 38 14 an-

117 1955 58 20 visas
189 1956 33 19 ett
237 1956 75 26 anslag
326 1962 28 14 av
371 1956 38 20 123
419 1956 40 20 200
474 1956 32 20 kr.
521 1956 35 27 (r).

103 2014 41 20 Till
162 2014 124 21 karolinska
304 2015 219 27 mediko-kirurgiska
541 2016 118 20 institutet:
678 2016 111 27 bokinköp
807 2017 41 20 och
864 2017 54 21 bok-

118 2044 106 27 bindning
239 2044 33 21 för
288 2045 129 21 biblioteket
431 2045 88 21 anvisas
534 2047 33 19 ett
582 2046 75 27 anslag
672 2052 27 15 av
715 2046 26 21 24
750 2046 41 21 800
805 2047 33 20 kr.
854 2047 34 26 (r).

945 304 26 20 År

996 251 56 17 Kungl.

1000 280 53 19 Maj:ts]

1000 314 50 14 prop:r

1007 340 35 14 eller

999 370 54 14 skriv:r|

1064 272 93 17 Motioner

1211 225 97 17 Utskotts-

1200 255 117 20 utlåtanden,

1183 285 95 16 memorial
1291 285 44 16 eller

1194 315 132 16 betänkanden

1381 225 55 17 Riks-

1374 256 68 20 dagens

1385 285 46 17 skri-

1377 315 59 17 velser

1504 243 116 17 Kamrarnas

1492 273 141 21 förhandlingar

1518 303 88 21 (prot.nr)

1067 380 33 16 FK

1118 380 36 17 AK

1175 362 16 57 Saml.

1217 375 15 25 5
1257 377 90 27 Nummer

1217 401 16 17 4<

1364 381 90 16 Nummer

1477 369 66 17 Första
1549 365 24 30 |
1580 369 64 17 Andra

1477 393 69 16 kamm.
1546 389 27 30 |
1578 393 69 17 kamm.

932 469 56 20 1935

937 709 51 20 1935]

936 798 52 20 1935

936 888 52 20 1935

936 1037 53 19 1936

936 1928 53 21 1936]

935 2017 54 21 1936

1190 709 12 18 6)
1217 721 27 1 —]
1265 708 26 19 66
1306 710 45 18 s.43

1190 797 12 20 6)
1217 810 23 2 -—]
1265 797 27 20 66
1306 800 45 17 s.43

1190 886 12 20 6)
1217 899 21 2 —'
1266 887 26 19 66
1306 889 45 18 s.43

1190 1035 50 20 6|—|
1279 1036 13 19 8
1298 1031 53 34 s.48

1361 709 38 19 162
1413 711 45 17 s.28|

1361 798 38 19 162
1413 800 45 17 s.28|

1360 886 39 20 162
1413 889 45 17 s.28|

1387 1929 12 20 8
1413 1931 45 18 s.27

1387 2018 13 20 8
1414 2020 45 18 s.27

1479 708 33 20 23:
1524 710 23 17 67

1580 710 12 19 [

1594 716 12 13 c

1624 711 10 17 Rn

1638 711 10 17 &

1479 798 33 19 23:
1523 799 24 17 67

1580 799 12 19 No

1594 798 12 20 [30]

1624 801 10 16 a

1639 800 10 17 cs

1480 887 32 19 23:
1524 889 23 16 67
1552 883 21 33 |
1580 888 33 19 25:
1624 889 24 17 58

1479 1035 69 20 28
1580 1036 67 20 ata

1479 1929 69 20 21:78
1553 1925 18 34 |
1580 1929 34 20 21:
1625 1931 23 17 81

1480 2018 69 21 21:78
1550 2014 22 34 |
1581 2014 34 34 21:
1625 2020 24 18 81
