1863 2359
832 159 135 15 SAKREGISTER

1660 153 41 20 231

1222 305 46 17 eller
1281 305 98 17 memorial

984 250 22 146 IYSTEPSAIA

1042 298 17 104 198]9ALIYS
1042 238 17 47 199

1061 368 17 53 "doxd
1061 299 22 61 s):ler
1061 240 22 40 dun

1215 365 17 57 -1weg
1216 354 19 1 |

1371 373 17 44 epig
1358 354 14 1 |

1544 258 117 16 Kamrarnas

1529 287 145 22 förhandlingar

1599 384 1 3 |
1618 371 66 17 Andra

1514 395 70 17 kamm.
1599 393 1 34 |
1615 396 71 16 kamm.

115 438 73 21 Bank-
205 437 37 22 och
252 437 216 27 fondinspektionen.

145 468 48 20 Ord.
211 468 237 26 reservationsanslaget
464 468 31 20 till
512 467 189 27 upprätthållande
718 474 26 14 av
761 468 63 20 bank-
840 468 40 20 och
894 467 59 21 fond-

160 498 161 27 inspektionens
344 498 137 20 verksamhet
499 498 95 20 minskas
613 498 50 20 med
680 497 64 21 1200
760 498 31 20 kr.
809 497 33 21 till
859 497 42 21 160
911 497 42 21 500

159 528 31 21 kr.
215 530 32 19 att
266 528 70 20 direkt
351 529 51 25 utgå
418 535 26 14 av
460 528 74 26 bidrag
550 528 34 20 till
601 528 207 27 bankinspektionen
824 528 40 20 och
881 534 25 14 av
923 528 31 20 bi-

159 558 52 25 drag
227 558 33 20 till
276 558 211 25 fondinspektionen.

118 629 7 15 1
144 623 50 21 Med
211 623 135 20 uteslutande
363 629 25 14 ur
404 623 113 20 riksstaten
535 629 25 14 av
572 622 35 21 det
618 622 43 21 ord.
674 623 236 25 reservationsanslaget
920 623 34 20 till

159 653 64 20 bank-
244 653 39 20 och
298 652 215 27 fondinspektionens
529 652 143 25 verksamhet,
689 653 100 26 uppföres
805 653 68 20 under
888 653 66 20 rubri-

159 683 41 20 ken
220 683 79 20 »Bank-
316 683 39 20 och
371 682 217 27 fondinspektionen»
606 683 7 19 i
629 682 114 21 riksstaten
760 684 30 19 ett
803 682 44 21 ord.
857 682 96 26 förslags-

159 713 73 25 anslag
247 712 33 20 till
297 712 208 27 bankinspektionen
521 712 49 20 med
588 712 41 20 109
639 712 42 20 000
698 712 30 20 kr.

115 783 9 15 2
144 778 71 20 Under
238 778 101 20 rubriken
367 778 79 20 »Bank-
471 778 39 20 och
529 777 216 27 fondinspektionen»
763 778 101 26 uppföres
880 778 7 19 i
903 778 50 19 rikse-

157 809 69 19 staten
238 809 30 19 ett
279 807 43 21 ord.
335 808 164 25 förslagsanslag
510 807 34 20 till
555 807 204 27 fondinspektionen
770 807 50 21 med
831 807 27 20 66
869 807 41 21 500
922 807 30 20 kr.

169 843 24 17 Se
210 843 35 17 ock
261 842 221 23 Bankinrättningar
496 842 90 22 (1921:1),
598 842 94 22 Bollner,
705 842 20 18 P.
738 842 23 22 A,
776 841 65 23 (1926),
854 842 100 23 Dyrtids-

180 867 83 22 tillägg
281 866 86 22 (1925:9;
388 866 84 23 1926:2),
492 866 194 23 Interpellationer
697 860 59 34 (1922:
758 860 40 34 14),
812 866 143 23 Tryckfrihet

180 890 59 22 (1924:
249 891 20 21 1).

112 944 79 21 Bank-
208 944 47 21 och
270 943 186 22 fondväsendet.

142 976 54 25 Ang.
213 975 82 20 biträde
310 975 59 20 inom
386 974 240 27 finansdepartementet
641 975 36 20 vid
694 975 116 26 beredning
825 982 26 13 av
862 975 91 20 ärenden

156 1007 40 18 rör.
216 1005 64 20 bank-
301 1005 39 20 och
360 1004 163 25 fondväsendet;
541 1011 21 14 se
578 1004 254 28 Finansdepartementet
847 1005 73 26 (1922:
932 1010 20 19 4;

159 1035 62 20 1923:
232 1035 26 25 4).

93 1112 1 5 |
112 1093 259 29 Bankoreglementet;
388 1101 21 14 se
426 1093 141 21 Riksbanken
584 1093 71 28 (1921:
671 1099 34 19 13;
718 1094 64 20 1922:
794 1099 33 20 15;
842 1094 62 20 1923:
919 1100 33 18 14;

159 1124 62 20 1924:
235 1129 35 19 19;
289 1124 63 20 1925:
366 1129 35 19 10;
420 1124 62 20 1928:
496 1129 34 19 10;
549 1123 63 21 1930:
624 1124 25 26 8).

112 1182 215 22 Bankoutskottet.

143 1214 40 20 Val
200 1220 26 14 av
242 1214 117 20 ledamöter
375 1214 39 19 och
431 1213 142 27 suppleanter.

143 1304 37 19 RD
197 1304 84 19 anvisar
297 1303 118 26 ersättning
430 1303 22 20 åt
468 1310 25 13 av
509 1302 105 21 utskottet
629 1302 36 21 vid
681 1302 159 26 handläggning
855 1309 26 14 av
897 1303 56 20 vissa

158 1333 93 20 ärenden
267 1332 94 21 anlitade
378 1332 103 21 biträden.

143 1393 49 20 Med
216 1392 137 26 iakttagande
372 1399 26 13 av
415 1393 42 19 viss
473 1392 91 26 ändring
579 1392 40 20 och
635 1392 64 20 därav
716 1392 106 26 betingad,
839 1392 114 20 förändrad

158 1422 233 26 paragrafbeteckning,
408 1424 87 24 antages
510 1422 159 20 instruktionen
684 1422 33 20 för
734 1422 55 20 1921
806 1423 33 19 års
851 1422 101 20 bankout-

158 1452 58 21 skott
231 1454 31 19 att
278 1452 56 26 gälla
350 1452 32 20 för
398 1454 61 18 nästa
474 1451 96 26 riksdags
587 1452 159 20 bankoutskott.

117 1518 5 14 1
144 1512 39 20 Val
201 1519 25 13 av
242 1512 117 20 ledamöter
375 1512 39 20 och
431 1512 144 26 suppleanter.
968 1512 56 22 1922

143 1601 161 20 Instruktionen
328 1601 33 20 för
381 1600 56 20 1922
457 1601 33 20 års
506 1601 155 20 bankoutskott
676 1602 86 25 antages
779 1602 30 19 att
825 1601 128 20 oförändrad

158 1631 55 25 gälla
229 1631 33 19 för
278 1632 61 19 nästa
355 1631 33 19 års
404 1630 95 26 riksdags
516 1630 160 21 bankoutskott.

116 1696 8 14 3
143 1690 38 20 RD
197 1690 85 20 anvisar
297 1690 118 26 ersättning
430 1690 22 20 åt
468 1696 25 14 av
509 1690 105 20 utskottet
629 1690 35 21 vid
681 1690 159 26 handläggning
855 1697 26 14 av
897 1692 56 19 vissa

158 1720 92 20 ärenden
267 1719 94 21 anlitade
377 1719 103 21 biträden.

118 1779 4 15 1
144 1774 38 20 Val
200 1780 27 14 av
243 1773 117 21 ledamöter
376 1774 39 19 och
432 1773 142 26 suppleanter.
968 1773 56 23 1923

143 1857 162 21 Instruktionen
328 1857 33 20 för
382 1857 56 20 1923
458 1857 33 20 års
507 1857 154 20 bankoutskott
677 1859 85 24 antages
778 1859 32 19 att
825 1858 127 20 oförändrad

158 1887 57 26 gälla
230 1887 33 21 för
279 1889 61 19 nästa
356 1888 33 19 års
405 1887 56 20 RD:s
478 1887 159 20 bankoutskott.

116 1947 9 14 3
143 1941 38 20 RD
197 1941 84 20 anvisar
297 1941 118 26 ersättning
431 1941 22 20 åt
469 1940 103 25 biträden,
584 1940 93 21 anlitade
688 1947 26 14 av
725 1941 104 20 utskottet
840 1941 36 20 vid
887 1941 65 20 hand-

158 1971 101 26 läggning
275 1977 26 14 av
317 1971 57 20 vissa
390 1970 92 21 ärenden
499 1972 56 18 samt
570 1971 43 20 viss
629 1971 150 25 gratifikation.

118 2031 6 14 1
144 2024 40 20 Val
201 2031 26 14 av
242 2024 118 21 ledamöter
375 2024 40 20 och
431 2024 143 26 suppleanter.
968 2025 56 22 1924

968 466 92 23 192711:

1036 508 24 14 oo
1036 473 24 5 nm

1063 467 21 52 Ma

1221 468 12 20 [=

968 1212 54 23 1921

1520 1215 18 49 NN

1550 1220 9 45 HR

1620 467 54 21 9:44

1622 623 32 20 13:
1665 628 25 15 22

1622 778 32 20 13:
1665 783 24 15 22

1651 1549 9 14 »
1651 1518 9 15 &

1621 1603 33 20 36:
1667 1608 6 15 1

1613 1692 33 20 48:
1659 1697 38 16 157

1621 1777 18 49 ton

1650 1781 10 45 ov

1509 1857 44 34 41:
1565 1843 37 38 säl
1620 1860 34 20 44:
1665 1864 25 16 28
