1825 2330
139 72 37 19 642
827 70 222 20 SAKREGISTER

156 258 312 25 Kommunalförfattningar

175 294 5 14 1
201 288 39 20 RD
255 288 77 20 avslår
346 288 114 20 motioner
475 292 51 20 ang.
540 287 125 25 utredning
679 287 44 20 rör.
738 287 61 19 vissa
813 284 228 26 behörighetsfrågor

200 318 38 20 vid
250 318 136 20 kommunal
398 317 148 21 verksamhet
557 318 6 19 i
575 317 60 20 form
646 323 27 14 av
684 316 138 25 aktiebolag,
832 315 152 21 ekonomiska
996 314 45 20 för-

201 348 103 25 eningar,
315 347 111 21 stiftelser
435 348 43 19 och
487 347 174 25 handelsbolag.

173 383 9 14 2
202 378 38 19 RD
252 377 76 20 avslår
340 377 114 20 motioner
464 383 38 13 om
513 377 48 20 dels
573 377 88 19 ändrad
673 376 85 25 lydelse
769 382 28 14 av
808 376 23 19 11
846 375 10 23 $
868 375 72 20 andra
951 374 89 25 stycket

200 407 206 25 kommunallagen
424 407 48 20 dels
490 407 43 20 ock
551 406 124 25 utredning
693 411 51 20 ang.
762 411 89 14 samma
869 405 42 20 sak
931 405 110 23 (bestäm-

201 437 115 20 melserna
325 443 38 14 om
373 437 110 20 utseende
493 443 28 14 av
531 436 285 25 förbundsfullmäktige).

174 491 7 13 1
201 485 39 20 RD
254 486 96 24 antager
363 485 36 25 lag
412 491 37 13 om
463 485 88 19 ändrad
565 484 86 25 lydelse
664 490 27 14 av
704 484 26 20 39
746 484 9 22 $
771 484 8 20 1
795 489 69 14 mom.
878 482 163 25 landstingsla-

200 520 43 20 gen
259 515 44 20 den
321 515 26 20 14
362 515 47 24 maj
428 514 55 21 1954
501 515 39 22 (nr
556 514 63 23 319),
635 514 36 25 lag
686 520 37 13 om
739 513 88 20 ändrad
843 513 86 25 lydelse
944 519 27 13 av
986 512 27 20 28
1030 512 9 23 $

201 545 9 20 1
229 551 70 14 mom.
316 545 205 24 kommunallagen
538 544 44 20 den
600 544 25 20 18
642 543 120 21 december
779 543 55 20 1953
854 544 39 22 (nr
909 543 52 23 753)
980 543 61 20 samt

200 575 37 25 lag
248 581 38 13 om
297 575 89 19 ändrad
399 575 85 24 lydelse
495 580 28 14 av
534 574 26 20 29
573 574 10 23 8
597 574 8 20 1
619 579 69 14 mom.
699 573 205 25 kommunallagen
916 573 36 19 för
962 572 79 21 Stock-

200 605 64 19 holm
275 605 44 19 den
331 604 9 20 1
353 610 63 14 mars
428 604 54 20 1957
497 604 39 23 (nr
547 603 38 24 50)
602 604 124 23 (avseende
737 604 6 19 i
754 603 123 20 huvudsak
888 602 88 21 sådana
986 602 55 20 änd-

200 634 78 25 ringar
295 640 28 14 av
338 634 207 20 bestämmelserna
561 639 38 14 om
615 632 295 25 resekostnadsersättning
926 632 23 21 åt
965 632 77 20 lands-

200 664 91 25 tingens
306 664 44 20 och
365 664 183 20 kommunernas
564 663 196 23 förtroendemän,
775 664 34 19 att
823 662 75 25 skälig
912 662 130 25 ersättning

201 694 46 20 kan
257 694 55 25 utgå
322 693 36 20 för
368 700 51 14 resa
430 694 50 19 med
490 694 50 24 eget
551 692 182 24 motorfordon).

173 729 9 14 2
201 724 39 20 RD
251 725 96 23 antager
358 724 36 24 lag
404 729 37 14 om
452 723 88 20 ändrad
552 723 85 25 lydelse
648 729 27 14 av
686 723 26 20 79
724 723 9 22 8
745 722 205 24 kommunallagen
960 722 43 20 den
1015 722 25 20 18

201 754 47 19 dec.
264 753 54 20 1953
335 754 39 22 (nr
388 753 52 23 753)
460 753 77 23 (avser
549 753 7 20 i
568 752 132 24 huvudsak,
712 753 34 20 att
759 752 104 25 reglerna
875 752 7 20 i
895 751 146 20 kommunal-

200 784 67 24 lagen
282 789 37 14 om
334 783 109 20 bildande
458 789 27 13 av
500 782 242 25 municipalsamhälle
756 788 113 18 anpassas
883 782 35 20 till
932 782 44 20 den
990 781 51 20 ord-

199 813 62 25 ning,
280 819 49 13 som
347 813 71 25 gäller
436 812 36 20 för
490 812 142 25 förvaltning
649 818 28 14 av
694 811 151 21 kommunala
861 811 121 25 ordnings-
999 811 42 20 och

200 842 332 25 hälsovårdsangelägenheter
543 842 59 20 efter
613 842 198 20 ikraftträdandet
822 848 28 13 av
861 841 118 20 allmänna
990 841 51 20 ord-

200 873 168 24 ningsstadgan
378 872 43 20 och
432 872 43 20 den
486 878 45 19 nya
540 871 259 25 hälsovårdsstadgan).

173 908 8 14 3
201 902 39 20 RD
253 902 106 20 anhåller
371 908 37 13 om
421 903 33 19 att
467 901 107 26 åtgärder
585 902 7 19 i
604 901 101 25 enlighet
718 902 50 19 med
782 902 43 19 vad
838 901 113 20 utskottet
963 900 78 21 anfört

200 932 71 20 måtte
290 931 105 26 vidtagas
413 932 7 20 i
439 931 60 25 syfte
518 932 33 20 att
569 931 67 25 vidga
655 931 182 20 kommunernas
855 931 135 25 behörighet
1008 932 33 19 att

200 968 56 14 vara
266 963 78 24 parter
354 962 7 20 i
370 961 135 21 vattenmål.

173 997 10 14 4
202 992 38 19 RD
253 993 96 23 antager
361 992 36 24 lag
409 996 51 20 ang.
472 991 89 20 ändrad
574 991 86 25 lydelse
671 997 28 14 av
712 992 8 18 1
736 991 9 23 $
758 991 66 25 lagen
836 991 43 20 den
893 991 25 20 10
929 991 44 24 juli
986 991 54 20 1947

204 1022 39 22 (nr
264 1021 53 23 523)
342 1027 37 13 om
401 1021 152 20 kommunala
574 1021 107 24 åtgärder
702 1021 34 19 till
757 1020 284 25 bostadsförsörjningens

200 1050 140 25 främjande.

201 1098 39 20 RD
253 1098 135 20 hemställer
400 1104 38 14 om
451 1098 217 25 förutsättningslös
681 1098 124 25 utredning
817 1104 28 14 av
857 1097 82 25 frågan
951 1104 38 13 om
1000 1103 42 14 un-

201 1128 197 25 derställningsfri
410 1127 99 21 lånerätt
521 1128 35 19 för
567 1127 247 20 kommunalförbund.

174 1181 6 14 1
201 1176 39 19 RD
256 1176 62 24 giver
334 1176 6 19 i
356 1176 112 19 skrivelse
483 1175 34 20 till
534 1175 26 20 K.
576 1175 44 20 M:t
635 1181 50 14 som
701 1176 35 19 sin
752 1175 94 25 mening
861 1175 122 23 tillkänna,
998 1175 43 20 vad

201 1205 114 20 utskottet
329 1205 78 20 anfört
421 1205 6 20 i
441 1205 45 20 anl.
500 1211 28 14 av
542 1205 114 20 motioner
669 1211 37 14 om
720 1205 125 25 utredning
858 1206 44 19 rör.
916 1205 126 25 handlägg-

200 1235 86 24 ningen
302 1241 28 13 av
345 1235 153 20 ekonomiska
514 1234 192 25 angelägenheter
722 1235 112 20 avseende
850 1234 106 26 kyrkliga
972 1235 70 19 ända-

201 1264 53 20 mål.

173 1300 10 14 2
202 1295 38 20 RD
256 1295 77 20 avslår
348 1295 114 19 motioner
477 1299 50 20 ang.
543 1294 179 25 möjligheterna
736 1295 33 19 att
784 1294 92 20 minska
891 1294 43 20 den
949 1294 93 24 statliga

201 1325 132 19 kontrollen
343 1325 54 19 över
406 1324 151 20 kommunala
567 1329 79 20 organ.

202 1355 27 20 Se
239 1355 44 19 ock
293 1354 223 25 Byggnadsstadgan
531 1354 90 24 (1952),
631 1353 76 21 Enkla
716 1353 81 25 frågor
810 1354 67 22 (1952
888 1354 30 19 H:
930 1359 33 18 30,
976 1353 65 21 1959:

204 1390 17 17 1,
234 1384 55 20 1960
300 1384 31 20 H:
343 1384 48 23 64),
402 1383 225 25 Folkpensionering
640 1383 79 23 (1952:
731 1384 33 24 6),
774 1383 130 25 Magistrat,
915 1383 127 24 Ordnings-

200 1414 107 24 stadgan,
317 1413 178 25 Prästerskapet
510 1413 78 23 (1951:
601 1414 33 22 5),
643 1413 242 24 Ransoneringslagen
900 1413 91 25 (1957),
1000 1414 43 19 Re-

202 1443 208 25 ligionsfrihetslag
428 1443 90 23 (1951),
533 1443 153 20 Skatteväsen
706 1443 78 22 (1951:
797 1444 46 22 43),
861 1443 154 25 Uppställelse
1030 1443 13 20 å

201 1474 88 20 allmän
308 1474 68 24 plats,
395 1473 150 25 Uppskjutna
563 1473 101 20 ärenden
687 1473 109 23 (1951:7,
817 1473 65 20 1953:
894 1478 18 18 2,
933 1473 110 23 1960:1),

203 1504 48 20 Val.

157 1551 237 24 KOMMUNALLAG;
411 1557 23 14 se
447 1549 319 26 Kommunalförfattningar,
779 1550 150 25 Uppskjutna
941 1550 101 21 ärenden

205 1582 124 23 (1955:+1).

156 1622 274 24 KOMMUNALSKATT;
448 1628 23 14 se
481 1621 319 26 Kommunalförfattningar,
809 1622 232 25 Pensionsreformen

205 1652 78 24 (1959:
296 1652 33 24 2),
341 1652 159 26 Skatteväsen,
515 1651 200 25 Vägtrafikväsen.

156 1693 394 23 KOMMUNALSKATTEMEDEL;
566 1699 23 14 se
599 1693 331 27 Budgetutjämningsfonden,
941 1693 67 20 Skat-

202 1723 100 21 teväsen.

157 1764 286 23 KOMMUNALTJÄNST;
468 1771 23 13 se
511 1764 321 25 Kommunalförfattningen,
850 1764 77 21 Social
945 1764 97 20 allmän-

202 1794 112 24 bildning.

155 1835 276 24 KOMMUNALTRYCK;
446 1842 23 14 se
478 1835 134 25 Bokförlag.

155 1880 239 23 KOMMUNALVAL;
409 1887 24 14 se
444 1880 48 20 Val.

156 1921 225 21 KOMMUNERNAS
396 1921 102 20 ANDEL:
511 1922 6 20 i
531 1922 394 25 folkpensioneringskostnaderna,
939 1928 23 14 se
973 1921 68 20 Folk-

200 1951 172 25 pensionering,
383 1952 149 24 Uppskjutna
542 1952 101 20 ärenden
657 1952 78 23 (1957:
748 1952 32 23 5).

155 1993 226 20 KOMMUNERNAS
392 1993 109 20 BIDRAG
513 1993 77 20 FRÅN
603 1993 123 24 STATEN;
743 1999 22 14 se
774 1993 183 24 Statsbidragen.

155 2034 226 21 KOMMUNERNAS
393 2034 265 21 FINANSSTATISTIK.

200 2065 131 19 Kamrarna
343 2064 64 20 avslå
420 2064 113 20 motioner
545 2069 51 20 ang.
608 2064 125 25 utredning
743 2070 38 14 om
793 2065 146 24 lämpligaste
951 2064 89 20 formen

200 2094 36 20 för
245 2100 28 14 en
284 2094 116 25 förenklig
409 2100 28 14 av
447 2094 182 20 kommunernas
639 2094 191 20 finansstatistik.

1199 161 88 17 Motioner
1353 157 70 30 Utskott
1507 174 4 3 ä
1589 162 91 16 Protokoll

1063 182 25 19 År
1084 170 20 40 |
1112 185 52 21 Prop.
1472 170 57 29 Skriv.

1195 215 29 16 FK
1228 210 23 30 |
1260 215 30 16 AK
1313 214 86 18 |SmllAvd|
1424 215 25 16 Nr
1490 202 22 12 ES
1570 216 29 16 FK
1668 216 32 16 AK

1064 285 30 22 59
1135 287 95 20 —1:991
1254 287 95 20 1381-15)
1384 287 12 20 2)
1429 288 24 19 11)
1496 288 69 20 —19:
1600 292 10 15 74
1653 288 20 20 9:
1691 293 20 15 15

1064 375 30 21 59
1135 388 25 3 —
1217 376 13 20 3
1284 377 10 19 71
1337 376 12 20 5)
1384 376 13 20 21
1429 377 26 20 15]
1497 377 75 21 —l110:
1600 377 73 20 8dl10:
1689 377 41 20 31d

1269 406 26 20 15

1065 482 30 22 591
1116 484 42 20 154
1206 495 26 3 —I
1272 496 25 2 —)
1337 484 59 19 5-2
1428 484 181 21 201315126:-26'
1637 484 36 21 126:
1689 489 22 15 90

1065 513 22 21 H

1065 720 93 22 591172
1167 716 30 38 |
1206 723 143 20 —1—1]-5|
1384 722 69 20 21-211
1477 722 95 21 3819127:
1588 723 123 21 41::127:115

1065 751 22 22 H

1064 899 30 22 59]
1136 901 160 20 —133214021
1337 901 13 20 9
1384 901 225 20 :31:-221320126:-65
1637 901 73 21 126:121

1065 930 23 22 H

1064 988 30 23 591
1116 991 42 20 173
1188 990 43 21 1608
1254 990 42 20 |7221-
1337 991 13 19 9)
1384 990 70 20 31-271
1478 991 95 20 359132:
1589 990 142 21 72d/32:152d]

1065 1019 22 21 H

1066 1096 29 21 60)
1136 1097 160 20 —11451180]
1337 1097 12 20 äl
1384 1097 13 20 21
1430 1097 244 20 141226115:176d|16:
1689 1097 41 20 20d

1066 1173 28 21 60]
1136 1186 26 3 —1I
1203 1175 28 19 541
1268 1174 28 20 631
1337 1175 12 19 5l
1384 1174 12 20 21
1428 1174 145 20 251393127:
1589 1174 85 21 28d128:
1689 1179 22 15 35

1066 1203 22 21 H

1066 1291 29 22 60]
1137 1293 160 20 —1]25713816]
1338 1293 13 20 6
1373 1305 25 2 —I
1415 1293 41 20 166]
1498 1293 75 20 —I125:
1590 1297 20 15 14
1638 1293 35 20 126:
1689 1293 41 20 25d

1067 1322 22 22 H

1065 2064 26 22 5il
1135 2078 26 2 —1I
1202 2066 28 20 66)
1267 2066 28 20 88)
1322 2065 26 21 12)
1372 2077 25 2 —
1442 2065 13 21 91
1496 2065 114 21 —116:140

1323 2095 25 21 13
1428 2095 26 20 ra
1496 2107 99 3 free
1639 2095 72 20 ”I16:1383
