1862 2365
170 158 40 20 326

867 160 223 17 SAKREGISTER

193 451 164 26 Dyrtidstillägg.

233 480 144 21 efterrättelse
389 481 25 20 de
425 481 110 20 allmänna
546 481 99 25 grunder,
658 487 45 14 som
715 481 5 20 i
732 481 164 27 ifrågavarande
908 482 120 20 hänseende

232 510 56 26 gälla
301 511 34 19 för
347 511 129 26 budgetåret
491 511 124 25 1931/1932,
628 511 49 20 med
691 511 141 26 iakttagande
845 512 55 20 dock
913 513 35 19 att
960 512 69 20 under

233 540 130 26 budgetåret
381 540 117 26 1932/1933
515 541 187 26 dyrtidstilläggen
720 541 59 20 skola
797 542 51 26 utgå
865 542 55 19 efter
936 543 33 18 ett
985 542 43 20 fast

233 570 97 20 indextal
347 576 28 14 av
393 570 39 20 156
449 570 39 21 och
506 570 37 20 det
560 570 176 27 maximibelopp,
754 571 12 20 å
783 571 68 20 vilket
868 571 160 27 dyrtidstillägg

233 601 35 19 må
280 600 105 26 åtnjutas,
397 600 55 20 skall
464 602 76 24 utgöra
552 600 40 20 600
603 601 32 19 kr.
648 601 5 19 i
665 601 115 23 månaden;
793 601 38 20 och
843 601 87 20 anvisar
942 601 42 20 RD
996 601 32 20 till

234 630 137 20 bestridande
387 636 27 14 av
430 630 146 20 kostnaderna
592 631 32 19 för
639 631 161 26 dyrtidstillägg
815 632 24 19 åt
853 631 95 20 nämnda
964 631 64 20 lärar-

232 665 95 21 grupper.
345 660 34 20 för
398 660 129 26 budgetåret
548 660 116 26 1932/1933
683 662 33 18 ett
735 662 61 19 extra
816 661 166 26 förslagsanslag
1000 667 28 14 av

234 690 25 20 19
267 689 41 21 400
317 690 41 19 000
373 690 31 20 kr.

181 752 23 17 10
220 750 42 19 RD
277 750 127 26 godkänner
419 750 137 20 beträffande
568 750 215 26 befattningshavare
795 751 95 20 hörande
904 751 67 19 under
984 751 44 20 11:e

234 779 40 20 HT
292 780 117 26 ändringar
428 780 6 19 i
453 780 190 20 bestämmelserna
663 785 48 21 ang.
732 780 167 27 dyrtidstillägg;
919 781 39 19 och
977 781 52 26 god-

233 810 83 19 känner
332 810 42 19 RD
391 809 137 21 beträffande
544 810 14 19 f.
568 810 21 19 d.
606 810 215 26 befattningshavare
838 810 5 20 i
860 812 83 18 statens
958 811 71 25 tjänst

233 845 28 14 m.
271 839 22 20 fl.
307 839 138 26 pensionärer
457 841 58 18 samt
526 839 237 27 pensionsberättigade
776 840 68 20 änkor
856 840 40 20 och
909 840 52 20 barn
974 840 55 20 efter

234 869 215 26 befattningshavare
463 869 5 20 i
483 871 84 18 statens
580 869 70 26 tjänst
664 876 29 13 m.
703 870 22 20 fl.
740 870 117 26 ändringar
871 870 6 20 i
892 870 137 20 bestämmel-

233 905 61 14 serna
303 905 48 20 ang.
361 899 167 27 dyrtidstillägg;
538 899 39 20 och
585 900 87 20 anvisar
680 900 42 19 RD
731 899 33 20 för
772 900 130 26 budgetåret
911 900 117 26 1932/1933

233 929 70 20 såsom
320 931 61 18 extra
398 929 165 26 förslagsanslag
578 929 69 20 under
664 929 44 20 11:e
725 929 40 20 HT
780 930 32 19 till
829 930 160 26 dyrtidstillägg
1005 930 24 20 åt

233 959 45 20 f.d.
296 959 62 20 civila
375 959 214 26 befattningshavare
606 960 6 19 i
628 961 83 19 statens
727 959 71 27 tjänst
813 960 60 20 m.fl.
891 960 138 26 pensionärer

233 989 62 20 2900
303 989 41 20 000
355 989 40 23 kr.,
408 989 32 20 till
453 989 160 26 dyrtidstillägg
625 989 24 20 åt
660 989 236 27 pensionsberättigade
908 990 69 20 änkor
989 990 38 19 och

234 1019 52 20 barn
297 1019 55 20 efter
362 1019 62 20 civila
436 1019 214 26 befattningshavare
661 1019 5 20 i
677 1020 83 19 statens
771 1019 69 26 tjänst
850 1025 28 14 m.
888 1019 23 20 fl.
924 1019 55 21 1800
988 1019 40 20 000

233 1049 39 22 kr.,
284 1048 33 20 till
328 1048 161 26 dyrtidstillägg
500 1049 24 19 åt
534 1049 14 19 f.
559 1049 20 19 d.
591 1049 93 19 militära
696 1049 215 25 befattningshavare
923 1049 56 20 1500
988 1049 40 20 000

233 1078 39 22 kr.,
293 1078 32 19 till
346 1078 161 26 dyrtidstillägg
527 1078 23 20 åt
570 1078 236 26 pensionsberättigade
827 1079 68 19 änkor
915 1079 38 19 och
975 1079 52 19 barn

232 1107 55 20 efter
302 1107 93 20 militära
412 1107 214 27 befattningshavare
642 1108 40 20 520
690 1107 42 20 000
746 1108 32 19 kr.

181 1163 20 17 11
219 1161 42 19 RD
278 1160 113 24 förklarar,
407 1162 35 19 att
458 1161 160 26 dyrtidstillägg
634 1161 32 20 till
683 1161 214 26 befattningshavare
914 1161 36 20 vid
968 1162 61 19 RD:s

232 1191 61 23 verk,
307 1191 155 26 pensionerade
476 1191 15 19 f.
501 1191 21 19 d.
536 1191 216 26 befattningshavare
766 1191 38 20 hos
819 1191 41 20 RD
876 1191 38 20 och
929 1191 37 20 vid
981 1191 47 20 dess

232 1220 53 20 verk
298 1222 58 18 samt
368 1220 238 27 pensionsberättigade
618 1221 69 19 änkor
699 1221 40 20 och
753 1221 52 19 barn
818 1221 55 20 efter
885 1221 144 26 befattnings-

234 1250 79 20 havare
328 1250 38 20 hos
381 1250 42 20 RD
438 1250 39 20 och
492 1250 36 20 vid
543 1250 48 20 dess
605 1251 53 19 verk
672 1250 60 20 skola
746 1250 119 20 tillsvidare
879 1251 25 19 fr.
915 1257 18 13 o.
943 1257 29 13 m.
987 1251 41 20 den

235 1280 6 19 1
253 1280 40 26 juli
304 1280 53 20 1932
366 1280 51 26 utgå
427 1280 67 26 enligt
503 1280 26 20 de
539 1280 100 26 grunder,
648 1286 46 14 som
704 1282 37 18 äro
750 1280 50 20 eller
809 1281 34 19 må
853 1280 67 20 varda
930 1280 98 26 gällande

234 1310 5 19 i
255 1310 60 25 fråga
331 1316 35 13 om
382 1310 68 19 sådan
465 1310 85 20 förmån
566 1310 24 20 åt
605 1310 215 26 befattningshavare
836 1310 40 20 och
892 1310 137 26 pensionärer

233 1339 58 20 inom
306 1339 216 26 statsförvaltningen
538 1340 6 19 i
559 1339 125 21 allmänhet.

181 1395 23 17 12
219 1393 42 20 RD
275 1393 126 26 godkänner
414 1393 109 20 allmänna
537 1393 94 26 grunder
643 1394 34 19 för
690 1393 123 26 beviljande
827 1400 27 13 av
869 1393 160 27 dyrtidstillägg

234 1423 68 20 under
319 1423 185 20 ecklesiastikåret
524 1423 116 26 1932/1933
660 1423 31 20 till
710 1423 26 20 de
755 1425 119 24 prästmän,
893 1429 46 14 som
958 1423 70 20 finnas

234 1453 142 20 omförmälda
394 1453 6 20 i
417 1453 61 26 lagen
496 1453 40 20 den
553 1453 27 20 30
597 1458 48 21 aug.
665 1453 52 20 1918
734 1453 35 25 (nr
785 1453 49 25 724)
851 1458 48 21 ang.
918 1453 111 26 krigstids-

233 1483 118 19 understöd
368 1483 24 19 åt
407 1484 84 25 präster
506 1483 6 19 i
528 1483 138 26 nyreglerade
682 1484 99 25 pastorat
796 1484 58 19 samt
869 1483 24 19 åt
908 1483 57 20 vissa
981 1489 17 14 e.
1009 1489 19 14 o.

233 1514 83 24 präster
336 1512 39 20 och
396 1512 131 20 innehavare
547 1518 28 14 av
595 1513 125 26 prästerliga
741 1513 144 19 emeritilöner
904 1514 103 19 ävensom
1023 1513 6 20 i

233 1542 61 26 lagen
307 1542 40 20 den
362 1542 24 20 19
399 1548 49 14 nov.
463 1542 53 20 1920
528 1542 34 26 (nr
573 1542 49 25 844)
634 1547 49 21 ang.
696 1542 161 26 dyrtidstillägg
869 1542 23 19 åt
904 1543 125 19 kontrakts-

233 1573 91 25 prostar.

181 1628 22 16 13
219 1625 42 20 RD
282 1626 95 19 besluter
398 1625 137 20 beträffande
556 1626 215 25 befattningshavare
792 1626 95 20 hörande
910 1626 67 20 under
997 1626 32 20 9:e

234 1655 46 23 HT,
294 1656 35 19 att
343 1655 188 26 dyrtidstilläggen
546 1655 68 20 under
627 1655 130 26 budgetåret
772 1655 117 26 1932/1933
903 1656 60 20 skola
977 1656 52 26 utgå

233 1685 55 19 efter
297 1686 33 19 ett
340 1685 45 20 fast
395 1685 97 20 indextal
502 1691 28 14 av
542 1685 38 20 156
591 1687 58 18 samt
658 1686 35 19 att
703 1685 37 20 det
750 1685 177 27 maximibelopp,
938 1686 12 19 å
961 1685 69 20 vilket

233 1714 161 27 dyrtidstillägg
409 1715 69 20 under
492 1715 129 26 budgetåret
637 1715 117 26 1932/1933
768 1715 55 20 skall
838 1715 59 26 utgå,
912 1715 118 20 fastställes

233 1745 33 19 för
282 1745 126 26 nyreglerad
425 1744 103 27 avlöning
543 1744 33 21 till
592 1744 40 20 700
648 1745 32 20 kr.
698 1745 39 20 och
753 1745 34 20 för
803 1745 109 26 oreglerad
928 1745 102 26 avlöning

233 1774 33 20 till
279 1774 40 20 600
332 1775 31 19 kr.
378 1774 6 20 i
397 1775 114 23 månaden;
526 1775 39 19 och
578 1774 87 20 anvisar
678 1775 42 20 RD
733 1774 33 21 till
779 1775 139 20 bestridande
931 1781 28 14 av
971 1775 59 20 kost-

234 1804 95 20 naderna
344 1804 33 20 för
391 1804 161 27 dyrtidstillägg
566 1805 24 19 åt
604 1804 215 27 befattningshavare
834 1805 37 19 vid
886 1805 26 19 de
926 1805 33 20 till
972 1805 59 26 jord-

233 1834 243 26 bruksdepartementet
492 1834 95 20 hörande
603 1834 139 20 ämbetsverk
758 1834 40 20 och
813 1835 63 19 kårer
891 1834 34 21 för
939 1835 92 26 budget-

234 1864 46 19 året
290 1864 116 25 1932/1933
415 1864 69 20 under
491 1864 32 20 9:e
532 1864 40 20 HT
580 1865 32 19 ett
620 1865 61 19 extra
690 1864 166 26 förslagsanslag
864 1870 28 14 av
899 1864 41 20 800
949 1864 41 20 000
997 1865 32 19 kr.

196 1949 7 17 1
219 1947 42 20 Till
272 1947 161 26 dyrtidstillägg
445 1948 23 19 åt
480 1947 56 20 vissa
549 1949 61 18 extra
624 1947 190 26 provinsialläkare
826 1948 87 19 anvisas
925 1950 33 17 ett
969 1949 61 18 extra

234 1977 74 25 anslag
323 1983 27 14 av
366 1977 40 20 500
422 1977 31 20 kr.
469 1977 33 26 (f).

195 2032 10 17 2
221 2030 42 19 RD
280 2030 116 26 medgiver,
413 2032 41 22 att,
472 2030 72 21 därest
561 2031 25 19 de
603 2030 239 24 distriktsveterinärer,
861 2031 30 19 till
908 2031 69 20 vilkas
993 2037 38 14 av-

234 2060 74 26 löning
318 2060 94 20 lämnats
423 2060 140 27 statsbidrag,
575 2060 33 20 för
619 2060 59 20 tiden
692 2061 7 19 1
712 2060 92 27 juli—31
819 2060 44 20 dec.
878 2060 51 21 1933
942 2061 88 20 beredas

1324 239 96 16 Utskotts-

1493 239 54 16 Riks-

1099 260 66 34 Kungl.
1219 287 3 2 G
1313 269 117 19 utlåtanden,
1485 265 70 29 dagens
1625 256 107 34 amrarnäg

1113 293 52 19 Maj:ts]
1177 287 92 15 Motioner
1296 298 94 17 Knekolal
1404 298 43 16 eller
1496 298 31 16 åka
1604 286 140 20 förhandlingar

1057 317 26 20 År
1112 327 50 14 Iprop:r
1306 328 132 16 betänkanden
1477 323 71 31 velser
1630 316 87 20 (protan)

1119 349 36 27 eller
1446 364 10 2 4
1525 363 42 2 SSR

1111 383 102 26 SENTER
1230 394 35 16 AK
1287 382 16 50 Ä
1329 381 16 51 É
1370 394 89 17 Nummer|
1476 394 90 16 Nummer
1617 382 40 40 ng
1690 382 69 40 SAN

1358 448 2 30 |

1045 482 54 20 1932
1359 484 1 4 |

1048 751 51 20 19321
1116 752 40 19 262
1160 747 14 34 1
1181 752 36 19 164]
1232 751 40 20 2101
1294 751 12 20 8
1328 764 24 1 Säj
1378 752 25 19 73
1470 752 40 20 383
1591 752 33 19 50:
1636 755 10 15 9
1692 752 33 19 60:
1737 754 24 17 23

1178 782 45 25 234|
1232 768 39 44 240
1359 793 1 15 |

1232 811 40 20 346
1359 810 1 30 |

1232 841 38 20 355
1359 844 2 22 |

1233 871 40 20 545)
1359 871 1 25 |

1233 896 40 35 549|
1359 898 2 17 |

1233 931 40 20 550

1048 1162 52 20 19320]
1124 1174 27 2 —
1156 1158 31 34 |
1186 1174 28 3 —
1214 1158 17 34 I
1240 1174 27 2 —]
1294 1162 13 20 81]
1329 1174 27 2 —|
1378 1163 26 19 74
1532 1175 7 1 -
1592 1163 33 20 50:
1637 1165 10 17 9
1693 1162 33 20 60:
1738 1165 23 16 23

1222 1252 1 29 |
1317 1261 2 18 |

1222 1282 1 14 I

1222 1304 2 3 I
1317 1296 2 18 I

1222 1324 1 6 |
1317 1316 2 24 |

1222 1347 2 42 |

1048 1394 53 20 19321
1119 1394 38 20 136
1161 1386 22 41 |
1190 1390 34 18 —
1213 1386 21 41 |
1240 1406 27 2 —I
1294 1394 110 21 911150
1470 1395 37 20 387
1591 1395 33 20 50:
1638 1397 23 17 19
1661 1386 21 41 |
1693 1395 33 19 60:
1738 1397 22 16 31

1117 1424 41 20 265
1600 1423 5 4 7

1222 1526 2 28 |

1048 1626 53 20 1932]
1117 1627 41 19 262
1158 1622 18 34 I
1182 1626 36 20 164!
1233 1626 40 20 210]
1290 1627 25 19 10]
1330 1627 74 19 —I102
1472 1627 40 19 384
1593 1627 33 20 50:
1639 1629 22 17 19
1663 1622 20 32 |
1693 1626 33 20 60:
1738 1629 23 17 31

1179 1656 40 20 2341
1233 1656 40 20 240

1233 1685 40 20 346

1233 1698 40 51 355
1360 1700 2 33 |

1234 1745 40 21 545|

1234 1775 40 20 549

1234 1805 40 20 550|

1050 1948 51 20 1933]
1120 1948 39 19 1:51]
1195 1960 20 2 —I
1241 1960 27 1 —I
1296 1949 12 18 61
1340 1948 7 19 1
1393 1948 72 20 5:s.28
1500 1948 12 20 5
1527 1951 45 17 s.131
1595 1948 67 20 19:27
1667 1944 17 33 |
1694 1948 33 20 20:
1739 1950 24 17 25

1109 1979 22 19 pt
1144 1978 22 16 58|

1050 2031 51 20 1933]
1120 2031 17 20 1:
1149 2033 10 17 9
1264 2031 92 20 -I10l—1]
1396 2032 69 19 1s.10l
1500 2032 12 19 9
1593 2032 33 19 22:
1638 2034 24 16 34
1667 2027 18 34 |
1694 2032 33 19 23:
1739 2034 23 16 61

1109 2062 21 19 pt
1144 2061 21 16 62
