1817 2352
166 91 41 20 108

852 88 221 20 SAKREGISTER

185 1005 22 15 10

184 1135 21 14 11

185 1371 22 14 13

184 1489 23 14 14

183 1712 23 14 16

183 1841 23 14 17

183 1971 23 14 18

181 275 176 25 Avsöndringar
366 281 30 14 m.
407 281 30 15 m.

226 305 37 25 jas
276 306 35 19 till
325 305 102 25 Uppsala
441 306 51 19 stad
507 305 36 20 för
556 311 28 14 en
598 305 155 25 köpeskilling
766 311 28 14 av
809 304 61 20 1050
881 305 41 20 000
936 304 34 20 kr.
983 304 43 20 och
1039 304 29 25 på

224 335 8 19 i
249 335 125 20 huvudsak
391 335 28 20 de
435 335 84 19 villkor
536 335 6 19 i
560 335 81 24 övrigt,
658 340 50 14 som
725 334 99 26 angivits
841 335 7 19 i
865 335 32 19 ett
914 334 44 20 rör.
976 333 92 25 försälj-

225 365 86 25 ningen
321 365 122 24 upprättat
453 365 68 19 avtal.

226 406 65 20 Inom
300 406 198 21 Södermanlands
508 406 49 20 län:

227 436 39 20 RD
279 436 124 25 medgiver,
416 437 33 19 att
461 436 57 20 visst
530 436 95 20 område
637 442 37 13 om
687 435 64 20 cirka
764 435 62 22 53,33
840 435 90 23 hektar,
942 435 126 19 omfattan-

226 466 27 19 de
271 466 63 19 delar
352 472 28 13 av
397 466 246 24 kronoegendomarna
661 465 225 25 Kungsladugården
903 464 67 21 Stora
986 464 22 20 2!
1025 464 43 20 och

226 495 153 25 Ladugården
399 495 47 20 lilla
465 495 55 20 eller
538 495 68 24 tyska
627 495 20 19 1!
667 496 61 19 samt
746 494 217 25 kronoegendomen
982 493 86 21 Lillbro

226 525 55 20 eller
295 525 261 24 Lindsbackstäpporna
569 525 21 19 11
602 525 7 19 i
621 524 135 25 Nyköpings
769 524 59 23 stad,
841 524 37 20 må
891 524 71 24 säljas
975 524 34 19 till
1023 524 45 19 sta-

226 555 44 20 den
287 554 37 20 för
341 561 27 14 en
385 554 156 25 köpeskilling
557 554 164 20 motsvarande
737 554 27 20 80
781 554 38 20 öre
836 553 36 21 för
888 554 180 22 kvadratmeter,

226 585 52 19 med
288 584 80 25 tillägg
377 590 28 14 av
414 584 12 20 3
436 584 42 20 000
488 585 34 19 kr.
532 584 37 20 för
578 590 27 14 en
617 584 58 20 lada.

226 626 65 20 Inom
302 625 174 25 Östergötlands
487 626 50 20 län:

226 656 39 20 RD
282 656 124 25 medgiver,
423 656 33 19 att
472 656 7 19 i
496 661 65 19 prop.
578 661 27 14 nr
624 655 39 20 140
680 655 34 20 till
733 655 55 20 1958
805 655 37 20 års
859 655 64 20 förra
939 654 38 21 RD
994 654 74 20 under

226 686 105 24 punkten
348 686 12 19 5
376 685 100 25 angivna
492 685 111 20 områden
620 691 27 13 av
664 685 142 24 Linköpings
822 684 123 25 garnisons
961 684 107 25 övnings-

226 715 43 20 fält
288 715 38 20 må
346 715 110 24 försäljas
475 715 35 20 till
530 715 143 24 Linköpings
693 715 51 19 stad
764 714 36 20 för
819 720 28 14 en
867 713 155 26 köpeskilling
1041 719 28 14 av

228 745 62 20 1350
301 745 40 20 000
355 745 34 19 kr.
402 745 44 19 och
458 745 7 19 i
478 745 74 24 övrigt
565 744 29 25 på
606 745 6 19 i
625 744 124 20 huvudsak
762 744 27 20 de
802 744 90 23 villkor,
905 749 50 14 som
968 743 99 25 angivits

226 775 6 19 i
243 781 27 13 en
282 775 44 19 rör.
337 774 170 25 försäljningen
518 774 126 25 upprättad
655 774 162 25 promemoria.

226 814 65 19 Inom
300 813 146 25 Jönköpings
457 813 49 20 län:

226 843 39 19 RD
282 843 123 25 medgiver,
423 844 33 19 att
472 843 35 19 till
524 842 146 25 Jönköpings
687 843 51 19 stad
755 842 38 20 må
809 841 111 25 försäljas
936 842 7 19 i
959 847 65 20 prop.
1040 847 28 14 nr

228 872 40 20 140
280 872 35 20 till
329 872 55 20 1958
397 872 37 20 års
446 872 64 20 förra
522 872 39 20 RD
573 872 74 20 under
659 872 104 24 punkten
776 872 12 20 6
801 871 106 25 angivna,
920 871 36 20 för
967 871 101 25 omlägg-

226 902 56 25 ning
297 908 28 14 av
340 902 92 25 riksväg
449 902 9 19 1
476 902 151 24 erforderliga
642 901 180 20 markområden
837 901 29 25 på
880 901 7 20 i
902 901 124 19 huvudsak
1041 901 27 19 de

226 932 91 23 villkor,
330 937 49 14 som
393 931 99 25 angivits
504 931 7 20 i
524 932 33 19 ett
569 932 45 19 rör.
627 931 171 25 försäljningen
810 931 122 24 upprättat
944 931 68 19 avtal.

225 971 66 19 Inom
301 970 147 24 Kronobergs
458 970 50 20 län:

226 1000 39 20 RD
278 1000 123 25 medgiver,
413 1001 34 19 att
458 1000 126 24 stadsägan
595 1005 28 14 nr
636 999 54 20 1517
703 1000 17 19 A
733 999 6 20 i
751 999 74 25 Växjö
837 999 51 20 stad
900 999 38 19 må
949 998 72 25 säljas
1033 998 34 20 till

225 1030 154 24 egendomens
403 1030 137 18 arrendator
563 1029 21 19 J.
608 1029 120 24 Söderling
752 1029 35 19 för
810 1034 29 14 en
862 1028 156 25 köpeskilling
1040 1034 28 13 av

226 1059 40 20 157
277 1058 41 20 300
329 1059 35 19 kr.

225 1100 66 20 Inom
301 1099 171 21 Kristianstads
483 1100 50 20 län:

226 1130 39 19 RD
278 1130 123 24 medgiver,
414 1130 34 19 att
461 1130 37 19 det
510 1129 7 20 i
529 1135 66 19 prop.
607 1135 27 13 nr
648 1129 40 20 140
701 1129 34 19 till
750 1129 54 20 1958
817 1129 37 20 års
867 1128 63 20 förra
943 1128 38 20 RD
994 1128 74 20 under

225 1159 106 25 punkten
345 1159 12 20 2
373 1159 99 24 angivna
486 1158 106 21 området
606 1158 37 20 må
658 1158 110 25 försäljas
782 1159 35 19 till
832 1158 170 20 Kristianstads
1016 1158 51 19 stad

225 1188 29 25 på
270 1189 7 19 i
293 1188 125 20 huvudsak
434 1189 27 19 de
477 1188 91 23 villkor,
584 1194 50 13 som
650 1188 100 25 angivits
765 1188 7 20 i
788 1189 32 19 ett
836 1188 45 19 rör.
897 1187 170 25 försäljningen

224 1218 122 25 upprättat
357 1218 68 20 avtal.

226 1248 39 19 RD
278 1248 124 24 medgiver,
415 1248 33 19 att
460 1248 38 19 det
510 1247 7 20 i
529 1253 65 19 prop.
607 1253 28 13 nr
648 1247 40 20 140
700 1247 35 20 till
749 1247 55 20 1958
817 1246 37 21 års
867 1246 63 20 förra
943 1246 38 20 RD
994 1246 74 20 under

225 1277 106 25 punkten
346 1277 12 20 3
373 1277 100 24 angivna
488 1276 132 25 markbytet
634 1276 85 20 mellan
735 1276 90 20 kronan
839 1276 44 20 och
898 1276 170 20 Kristianstads

226 1307 51 19 stad
291 1306 36 20 får
340 1306 148 25 genomföras
501 1306 29 25 på
542 1306 7 20 i
562 1306 124 20 huvudsak
699 1306 27 20 de
738 1305 91 24 villkor,
842 1312 50 13 som
905 1305 99 25 angivits
1016 1306 8 19 i
1035 1306 33 19 ett

225 1337 45 19 rör.
280 1336 64 25 bytet
354 1336 120 24 upprättat
484 1336 69 19 avtal.

227 1366 38 19 RD
279 1365 124 25 medgiver,
415 1366 34 19 att
461 1365 38 20 det
510 1365 7 20 i
529 1371 66 19 prop.
607 1371 27 13 nr
648 1365 40 20 140
700 1365 35 19 till
749 1365 55 20 1958
816 1364 38 20 års
867 1364 63 20 förra
943 1364 38 20 RD
994 1365 74 19 under

225 1395 106 25 punkten
346 1395 13 19 4
373 1395 100 25 angivna
488 1394 132 25 markbytet
634 1394 86 20 mellan
735 1394 90 20 kronan
839 1394 43 20 och
898 1394 170 20 Kristianstads

226 1425 51 19 stad
291 1424 37 20 får
340 1424 148 25 genomföras
501 1424 30 25 på
542 1424 7 20 i
562 1424 124 20 huvudsak
699 1424 27 20 de
738 1424 91 23 villkor,
842 1429 50 14 som
904 1423 100 25 angivits
1016 1424 7 20 i
1036 1424 32 19 ett

225 1455 44 19 rör.
280 1454 64 25 bytet
353 1454 122 25 upprättat
484 1454 69 20 avtal.

225 1484 39 20 RD
277 1484 123 24 medgiver,
413 1484 33 19 att
457 1483 218 25 kronoegendomen
685 1482 61 25 Höja
758 1483 21 20 7!
790 1483 7 20 i
807 1482 149 26 Ängelholms
968 1483 50 20 stad
1030 1482 38 20 må

225 1513 72 25 säljas
314 1513 35 20 till
364 1513 47 20 den
427 1513 136 20 nuvarande
579 1513 166 19 arrendatorns
762 1513 75 22 söner,
853 1512 38 25 Kj.
907 1512 24 20 B.
947 1512 43 20 och
1007 1512 20 21 S.
1043 1511 24 21 Å.

225 1543 122 23 Paulsson,
358 1543 36 20 för
404 1549 28 14 en
442 1542 155 25 köpeskilling
607 1549 28 13 av
644 1542 98 25 tillhopa
753 1542 40 20 128
804 1542 41 20 700
856 1542 34 20 kr.

225 1588 66 19 Inom
301 1587 133 21 Malmöhus
445 1587 50 20 län:

225 1617 39 20 RD
275 1617 153 25 bemyndigar
439 1617 26 20 K.
475 1617 44 20 M:t
529 1618 34 19 att
573 1617 124 25 godkänna
708 1617 32 20 ett
751 1623 28 13 av
789 1616 159 25 telestyrelsen
959 1616 109 25 ingånget

225 1647 61 20 avtal
299 1647 113 20 avseende
424 1646 140 25 försäljning
575 1653 28 13 av
614 1646 140 25 fastigheten
765 1652 28 14 nr
805 1646 25 20 15
842 1646 6 20 i
860 1646 116 20 kvarteret
987 1645 80 21 Gamla

225 1677 115 19 Stranden
350 1677 7 19 i
367 1676 160 20 Landskrona.

225 1706 39 20 RD
282 1706 124 25 medgiver,
424 1707 34 19 att
475 1706 217 24 kronoegendomen
709 1705 123 25 Hårderup
850 1705 45 20 12!
912 1705 7 20 i
936 1705 132 24 Frännnige

225 1735 85 20 socken
327 1735 38 20 må
382 1735 72 25 säljas
470 1735 34 20 till
522 1735 194 20 arrendatorerna
733 1735 35 19 W.
785 1734 148 20 Andréasson
949 1734 43 20 och
1008 1734 59 20 hans

224 1765 85 20 hustru
324 1765 89 20 Gunnel
428 1765 149 20 Andréasson
592 1764 36 20 för
642 1770 28 14 en
685 1764 155 25 köpeskilling
854 1770 28 14 av
897 1764 40 20 143
947 1764 42 20 900
1003 1764 35 20 kr.

224 1807 66 19 Inom
301 1806 135 24 Göteborgs-
445 1806 42 20 och
497 1806 79 20 Bohus
586 1806 50 20 län:

225 1836 39 20 RD
279 1836 152 24 bemyndigar
446 1836 26 19 K.
482 1836 45 20 M:t
541 1837 34 18 att
589 1836 124 25 godkänna
728 1836 32 19 ett
775 1842 28 13 av
816 1835 251 25 vattenfallsstyrelsen

224 1865 110 25 ingånget
348 1866 60 19 avtal
423 1871 38 14 om
474 1865 142 25 försäljning
629 1871 28 14 av
670 1866 116 19 tomterna
799 1871 28 14 nr
840 1865 20 23 4,
873 1865 12 20 5
898 1865 44 20 och
955 1865 13 20 6
980 1865 7 20 i
1001 1865 66 20 kvar-

224 1896 58 20 teret
292 1895 103 24 Björnen
405 1895 7 20 i
422 1895 155 20 Trollhättan.

224 1937 66 19 Inom
301 1936 86 20 Örebro
397 1936 50 20 län:

225 1966 39 20 RD
279 1966 123 24 medgiver,
417 1965 48 20 dels
480 1967 33 18 att
527 1966 57 19 visst
598 1965 94 20 område
706 1971 36 14 om
757 1966 65 19 cirka
836 1965 32 23 4,3
883 1965 84 21 hektar
980 1972 28 13 av
1022 1965 45 20 fas-

224 1995 103 25 tigheten
342 1995 109 25 Gyttorps
466 2001 70 14 norra
550 1995 43 20 och
608 1995 68 20 södra
690 1995 145 25 allmänning
851 1995 20 20 1!
885 1995 7 20 i
906 1995 62 20 Nora
982 1995 84 20 socken

225 2025 37 20 må
277 2025 72 24 säljas
363 2025 35 20 till
412 2025 133 24 Noraskogs
559 2025 113 19 kommun
686 2025 36 19 för
735 2031 29 13 en
778 2025 155 24 köpeskilling
947 2031 28 13 av
988 2024 27 20 63
1025 2024 41 20 500

225 2055 27 19 kr
266 2054 48 20 dels
328 2055 34 19 att
375 2061 28 13 av
416 2055 186 24 köpeskillingen
615 2055 32 19 ett
660 2054 84 25 belopp
756 2061 28 13 av
797 2054 26 20 12
833 2054 41 20 000
888 2054 34 20 kr.
936 2054 37 20 må
986 2054 29 24 på
1028 2060 39 14 an-

224 2084 61 25 givet
301 2085 47 19 sätt
365 2084 102 20 avsättas
484 2084 35 20 till
536 2090 28 14 en
581 2084 7 20 i
605 2083 236 21 utskottsutlåtandet
857 2084 108 20 närmare
981 2083 86 20 omför-

225 2114 62 20 mäld
298 2113 64 21 fond.

1220 180 89 17 Motioner
1367 176 82 30 Utskott
1498 192 39 17 Skri
1611 180 92 17 Protokoll

1090 201 24 20 År
1114 197 16 32 |
1137 205 53 20 Prop.
1515 197 32 36 SE

1220 235 30 16 FK
1253 230 23 30 |
1285 234 32 17 AK
1338 234 86 17 |SmllAvd!
1448 234 26 17 Nr
1594 235 30 16 FK
1693 234 32 17 AK

1093 305 29 22 58

1092 335 20 22 B

1092 436 29 22 58)
1160 438 25 20 121
1232 451 26 2 —I
1297 438 78 21 —]I101
1399 450 25 3 —I
1469 438 13 20 51
1519 438 116 20 6614:56
1641 432 28 36 |
1678 438 59 20 4:120

1092 466 19 22 Bl
1160 472 10 15 4
1473 472 10 16 7

1091 657 30 22 58l
1157 660 29 20 281
1232 671 25 2 —|
1297 671 26 2 —JI
1362 659 13 20 61
1398 671 26 2 .—]
1454 659 27 20 321
1519 658 28 21 541
1578 659 20 20 3:
1613 663 22 15 35.1
1678 659 21 20 3:
1715 663 21 16 99

1091 687 20 22 B
1473 693 10 15 4

1091 842 29 22 Sal
1157 844 29 20 281
1232 856 25 2 —I
1297 856 26 2 —F
1363 844 12 19 61
1398 856 26 2 —
1454 843 27 20 321
1519 843 79 21 541.3:
1613 847 22 16 35
1644 838 23 35 |
1678 844 21 19 3:
1715 848 21 15 99

1092 872 19 21 B

1091 997 30 22 58l
1159 999 26 20 121
1232 1011 25 2 —|
1297 1011 26 2 —]
1349 998 26 21 10.
1398 1010 26 3 —I
1469 999 12 20 öl
1519 999 28 20 661
1577 998 21 20 4:
1614 1002 21 15 56
1649 993 23 36 |
1678 998 59 20 4:120

1092 1027 19 21 Bil.
1160 1033 10 15 s
1473 1033 10 15 9

1091 1127 30 22 58l
1158 1129 28 20 281
1232 1141 25 2 —I
1297 1141 26 2 —I
1362 1129 13 19 6)
1399 1141 25 2 —I|
1454 1129 27 20 321
1519 1128 28 21 541
1578 1128 57 20 3:35
1645 1123 23 36 |
1679 1128 20 20 3:
1715 1133 22 15 99

1092 1157 19 22 B
1470 1163 11 15 3

1091 1246 30 22 58.
1157 1248 29 20 281.
1232 1260 91 2 —!|-.—]-
1363 1248 13 19 6)
1398 1247 200 20 —-321.54:1,3:
1613 1251 22 16 35.1
1679 1247 20 20 3:
1715 1252 22 15 99

1092 1276 19 21 B
1471 1282 10 15 2

1091 1365 30 21 58l
1157 1367 29 20 281
1232 1379 25 2 —!I
1297 1379 26 2 —I
1363 1367 13 19 6)
1398 1378 26 3 —j
1454 1366 27 20 321
1519 1366 28 20 541
1578 1366 20 19 3:
1613 1370 22 15 35
1644 1361 23 35 |
1679 1366 20 20 3:
1714 1370 22 15 99

1092 1395 19 21 B

1091 1484 30 21 S8l
1159 1486 26 20 121
1232 1498 25 2 —|
1297 1485 78 21 —]10
1399 1497 25 3 —I
1433 1480 14 36 -
1469 1485 12 20 51
1519 1484 79 21 6614:
1613 1489 22 15 56
1645 1480 23 36 |
1678 1484 59 20 4:120

1092 1514 19 21 Bl
1160 1520 10 15 6
1462 1519 21 16 10

1091 1614 30 22 58)
1159 1617 27 20 18)
1232 1629 25 2 —I
1297 1628 26 3 —)-
1363 1616 13 20 61
1398 1628 26 3 —1'
1454 1616 28 20 361
1519 1616 79 20 581-83:
1613 1620 22 15 361
1679 1616 58 19 3:103

1092 1645 19 21 B
1471 1650 9 16 7

1091 1704 29 22 58l
1159 1706 26 20 121
1232 1718 25 2 —I
1297 1705 78 21 —I1]10
1399 1717 25 3 —I
1469 1704 129 21 51.66].4:
1613 1709 22 15 56.
1647 1700 23 36 |
1679 1704 58 21 4:120

1092 1734 19 22 Bl
1160 1740 9 15 7
1462 1740 21 15 10

1091 1835 30 21 58l
1159 1837 26 20 181
1232 1848 26 2 —I
1297 1848 26 3 —I
1362 1836 14 20 6)
1399 1848 25 2 —|
1454 1836 28 20 361
1519 1836 28 20 581
1578 1836 20 19 3:
1613 1840 22 15 36
1647 1831 22 35 |
1678 1836 59 20 3:103

1092 1865 19 21 B
1473 1870 10 15 6

1090 1965 30 22 58l
1159 1967 26 20 121
1232 1979 25 2 —I
1297 1967 78 21 —I10
1398 1978 26 3 —
1469 1966 12 20 51
1519 1966 28 21 661
1577 1966 20 20 4:
1613 1970 22 16 56
1644 1961 23 36 |
1678 1965 59 21 4:120

1091 1995 19 22 B|
1150 1991 14 35 38
1462 2001 19 15 11
