1812 2335
142 65 39 20 280
830 65 223 21 SAKREGISTER

160 251 199 26 Fastighetsfond,
368 252 93 21 Statens
471 252 119 21 allmänna

178 287 10 15 6
206 281 45 20 Till
268 282 131 25 ersättning
415 282 35 20 till
468 283 88 20 statens
573 282 119 21 allmänna
709 282 193 25 fastighetsfond:
919 281 129 26 byggnads-

206 312 127 24 styrelsens
343 312 95 20 delfond
449 312 92 20 anvisas
552 312 12 21 2
574 312 42 20 462
626 312 41 21 000
678 312 34 20 kr.

179 346 8 15 7
205 341 45 20 Till
268 342 130 24 ersättning
414 342 36 20 till
467 343 89 19 statens
573 342 119 20 allmänna
709 341 192 26 fastighetsfond:
920 341 128 26 byggnads-

207 371 126 25 styrelsens
343 371 95 20 delfond
449 372 93 20 anvisas
553 372 9 19 1
575 372 40 20 187
626 371 41 21 000
678 372 34 20 kr.

178 406 10 15 8
206 401 45 20 Till
265 401 130 25 ersättning
408 401 35 20 till
458 402 88 19 statens
560 401 119 21 allmänna
693 401 193 25 fastighetsfond:
901 401 147 25 generaltull-

206 431 127 24 styrelsens
343 431 95 20 delfond
447 431 93 20 anvisas
550 431 42 20 356
602 431 41 20 000
653 431 35 20 kr.

178 465 10 15 9
207 460 39 20 RD
262 460 94 20 anvisar
371 460 34 20 till
421 461 130 25 ersättning
566 461 34 20 till
616 461 89 20 statens
720 460 119 21 allmänna
855 460 191 26 fastighetsfond:

205 490 35 20 till
259 490 246 25 slottsbyggnadernas
523 490 95 20 delfond
636 490 28 21 29
674 490 41 21 000
734 490 42 24 kr.,
793 490 36 21 till
846 490 202 25 byggnadsstyrel-

205 526 53 14 sens
277 520 95 20 delfond
392 520 26 20 15
428 520 41 20 023
479 520 42 20 000
539 520 42 24 kr.,
599 520 35 20 till
652 520 102 25 Uppsala
779 520 149 20 universitets
953 520 94 20 delfond

208 549 62 20 1742
281 550 41 19 000
336 550 34 20 kr.
382 550 44 20 och
437 550 35 20 till
485 550 80 20 Lunds
577 550 149 20 universitets
738 550 95 20 delfond
847 550 10 20 1
867 550 44 21 364
919 550 42 21 000
973 550 35 20 kr.

165 584 23 15 10
207 579 39 20 RD
262 579 94 20 anvisar
370 579 35 20 till
421 580 130 25 ersättning
565 580 35 20 till
616 580 88 20 statens
720 580 119 20 allmänna
854 579 192 26 fastighetsfond:

206 609 35 20 till
259 609 248 25 byggnadsstyrelsens
526 609 95 20 delfond
639 609 13 20 2
662 609 41 21 082
713 609 42 21 000
774 609 34 21 kr.
826 609 44 20 och
887 609 35 21 till
941 609 107 25 sjöfarts-

207 639 126 24 styrelsens
343 639 94 20 delfond
448 639 42 20 606
499 639 42 21 000
552 639 34 20 kr.

165 675 22 14 11
207 670 39 19 RD
262 669 94 20 anvisar
370 669 35 20 till
420 670 131 24 ersättning
565 670 35 19 till
616 670 88 19 statens
720 669 119 20 allmänna
854 669 192 25 fastighetsfond:

206 699 248 25 byggnadsstyrelsens
469 699 94 20 delfond
580 699 40 20 137
630 699 42 20 000
687 699 42 24 kr.,
743 699 35 20 till
793 699 148 20 kommittéer
955 699 43 20 och
1012 700 35 19 ut-

207 729 125 25 redningar
343 734 82 20 genom
437 729 148 25 sakkunniga
597 729 42 20 500
649 729 41 20 000
702 729 42 23 kr.,
755 729 34 20 till
801 728 127 21 kostnader
939 728 36 21 för
985 729 63 20 vissa

207 759 178 25 förhandlingar
397 765 30 14 m.
439 765 30 14 m.
483 759 26 20 10
519 758 42 21 000
573 759 42 23 kr.,
627 759 35 20 till
675 759 126 20 kostnader
813 758 36 21 för
860 758 62 21 vissa
934 759 113 20 nämnder

206 794 31 14 m.
253 794 30 15 m.
299 788 42 21 200
351 788 41 21 000
408 788 42 24 kr.,
466 788 35 20 till
516 789 65 19 extra
596 788 97 25 utgifter
708 788 79 21 20000
803 788 34 20 kr.
852 788 44 20 och
910 788 35 20 till
961 788 86 20 arbets-

206 818 148 25 givarbidrag
365 818 34 20 till
412 818 44 20 den
468 818 119 20 allmänna
600 818 221 25 sjukförsäkringen
833 824 30 14 m.
875 824 30 14 m.
918 818 26 21 19
954 818 41 20 500
1005 818 42 20 000

207 848 34 20 kr.

165 889 22 15 12
206 884 39 20 RD
256 884 135 25 godkänner
401 885 46 19 stat
457 883 36 21 för
503 885 88 19 statens
601 884 119 20 allmänna
730 883 189 26 fastighetsfond.

164 919 23 14 13
206 913 39 20 RD
262 913 93 20 anvisar
369 914 35 19 till
420 914 130 24 ersättning
565 914 34 19 till
615 914 89 20 statens
719 913 119 21 allmänna
854 913 192 25 fastighetsfond:

205 943 35 20 till
258 943 247 25 byggnadsstyrelsens
523 943 95 20 delfond
635 943 12 20 9
649 943 50 20 058
709 943 42 21 000
768 943 41 24 kr.,
826 943 35 20 till
878 943 102 25 Uppsala
997 943 51 20 uni-

205 973 107 20 versitets
333 972 95 21 delfond
448 972 94 21 894000
563 973 42 23 kr.,
625 973 35 20 till
680 972 252 26 medicinalstyrelsens
953 972 94 21 delfond

207 1002 25 20 15
244 1002 40 20 137
294 1002 41 20 000
352 1002 34 20 kr.
402 1003 43 19 och
460 1003 35 19 till
512 1002 140 21 Karolinska
668 1002 137 25 sjukhusets
821 1002 95 21 delfond
932 1002 64 21 2358
1005 1002 42 20 000

206 1032 45 22 kr.;
268 1032 44 19 och
329 1032 93 19 anvisar
439 1032 39 20 RD
494 1032 35 20 till
546 1032 130 25 ersättning
691 1032 35 20 till
743 1032 178 20 domänverkets
938 1032 56 20 fond
1011 1032 36 20 för

205 1060 112 26 upplåten
327 1061 68 20 mark
405 1061 26 20 16
442 1061 41 20 100
493 1061 34 20 kr.

164 1097 23 14 14
206 1092 39 20 RD
261 1092 94 19 anvisar
370 1092 34 20 till
420 1092 130 24 ersättning
564 1091 35 20 till
615 1092 89 19 statens
719 1091 119 20 allmänna
854 1090 192 26 fastighetsfond:

205 1121 248 25 byggnadsstyrelsens
464 1121 95 20 delfond
570 1120 40 21 117
621 1121 42 20 000
673 1121 42 23 kr.,
725 1121 34 20 till
770 1120 208 26 vinstutlottning
961 1116 22 34 i
988 1126 60 14 sam-

205 1151 62 20 band
283 1151 52 20 med
350 1151 146 24 ungdomens
512 1151 155 24 lönsparande
683 1150 41 21 550
734 1150 42 21 000
792 1150 42 24 kr.,
848 1150 35 20 till
900 1150 148 20 kommittéer

205 1180 43 20 och
267 1180 153 25 utredningar
439 1185 83 20 genom
541 1180 148 25 sakkunniga
708 1179 12 21 5
731 1180 41 20 000
792 1180 33 20 kr.
844 1180 44 20 och
906 1180 35 20 till
961 1180 87 20 arbets-

206 1210 147 25 givarbidrag
365 1210 35 20 till
413 1210 44 20 den
470 1210 120 20 allmänna
602 1209 221 26 sjukförsäkringen
836 1215 29 15 m.
878 1215 30 15 m.
921 1209 27 21 50
958 1210 42 20 000
1013 1209 34 20 kr.

164 1245 22 15 15
205 1240 44 19 Till
267 1239 130 25 ersättning
413 1239 35 20 till
466 1240 89 19 statens
572 1239 119 20 allmänna
708 1239 193 25 fastighetsfond:
918 1239 129 25 byggnads-

205 1269 126 25 styrelsens
341 1269 95 20 delfond
446 1269 93 20 anvisas
549 1269 13 20 6
570 1269 42 20 089
623 1269 41 20 000
674 1269 34 20 kr.

179 1340 6 15 1
206 1334 39 21 RD
261 1335 94 20 anvisar
370 1335 34 20 till
420 1334 130 26 ersättning
565 1335 34 20 till
615 1335 88 20 statens
719 1334 119 20 allmänna
853 1334 193 25 fastighetsfond:

205 1365 35 19 till
255 1364 255 26 fångvårdsstyrelsens
524 1364 95 20 delfond
634 1364 12 20 5
657 1364 39 20 141
707 1364 42 20 000
764 1364 34 20 kr.
812 1364 44 20 och
869 1364 35 20 till
918 1364 129 25 byggnads-

206 1394 126 25 styrelsens
344 1394 95 20 delfond
453 1395 9 19 1
474 1394 42 20 228
525 1394 42 20 000
579 1394 42 23 kr.,
633 1394 35 20 till
680 1394 130 25 ersättning
821 1394 35 20 till
868 1394 179 20 domänverkets

206 1424 56 20 fond
277 1423 37 20 för
327 1423 112 25 upplåten
453 1424 67 20 mark
534 1424 41 20 145
585 1424 41 20 000
640 1424 34 20 kr.
688 1425 61 19 samt
762 1424 34 20 till
810 1423 130 26 ersättning
952 1423 35 21 till
1001 1423 46 20 för-

205 1454 89 19 svarets
320 1453 182 25 fastighetsfond
529 1453 36 20 för
591 1453 244 25 fångvårdsanstalten
861 1453 7 20 i
893 1452 155 26 Hälsingborg

205 1483 27 20 45
242 1483 42 20 000
294 1483 35 20 kr.

177 1524 9 14 2
205 1519 40 20 RD
261 1519 94 19 anvisar
370 1519 34 20 till
420 1519 130 25 ersättning
565 1519 34 20 till
615 1519 88 20 statens
719 1518 119 21 allmänna
853 1518 192 25 fastighetsfond:

205 1548 349 25 beskickningsfastigheternas
571 1548 95 20 delfond
684 1548 12 20 5
705 1548 42 20 080
756 1548 42 20 000
816 1548 34 20 kr.
867 1548 44 20 och
927 1548 35 20 till
978 1548 69 25 bygg-

205 1578 187 25 nadsstyrelsens
403 1578 95 20 delfond
508 1578 41 20 447
560 1578 41 20 000
612 1578 34 20 kr.

177 1613 10 14 3
206 1608 39 19 RD
261 1608 94 19 anvisar
370 1608 34 19 till
420 1608 130 25 ersättning
565 1608 34 20 till
615 1609 89 19 statens
719 1608 119 20 allmänna
853 1608 192 25 fastighetsfond:

205 1637 34 20 till
256 1637 247 25 slottsbyggnadernas
518 1637 95 20 delfond
630 1638 40 20 102
680 1638 42 20 000
738 1638 42 23 kr.,
795 1638 35 20 till
845 1637 202 26 byggnadsstyrel-

205 1673 53 14 sens
270 1666 95 21 delfond
377 1667 41 20 359
428 1667 42 20 000
481 1667 35 20 kr.
526 1667 44 20 och
581 1667 34 20 till
626 1667 173 26 befästningars
810 1667 95 21 delfond
916 1667 27 21 25
953 1668 41 20 687
1005 1668 41 20 000

205 1697 35 20 Kr,

177 1738 10 14 4
205 1732 39 20 RD
261 1732 93 20 anvisar
369 1732 35 20 till
420 1732 130 26 ersättning
564 1733 35 20 till
615 1733 88 20 statens
719 1733 119 20 allmänna
853 1733 192 25 fastighetsfond:

205 1761 248 26 byggnadsstyrelsens
469 1762 94 20 delfond
579 1762 13 20 5
603 1762 40 20 109
653 1762 41 21 000
710 1762 34 21 kr.
759 1763 44 20 och
817 1762 35 21 till
867 1763 130 25 ersättning
1011 1763 35 20 till

205 1791 180 21 domänverkets
395 1791 57 21 fond
462 1792 37 20 för
508 1792 112 25 upplåten
630 1792 67 20 mark
708 1792 41 20 163
758 1792 42 21 400
810 1792 34 21 kr.

177 1826 9 15 5
204 1821 45 20 Till
265 1821 130 25 ersättning
410 1821 35 20 till
461 1822 89 20 statens
566 1822 119 20 allmänna
701 1821 191 26 fastighetsfond:
909 1822 138 26 slottsbygg-

205 1851 116 20 nadernas
332 1850 95 21 delfond
437 1851 93 20 anvisas
541 1852 12 20 2
563 1851 42 20 002
615 1851 41 21 000
667 1852 34 20 kr.

177 1886 10 15 6
204 1881 45 20 Till
267 1881 130 25 ersättning
413 1882 35 20 till
466 1882 89 20 statens
572 1882 119 20 allmänna
708 1881 192 26 fastighetsfond:
918 1881 129 26 byggnads-

205 1911 127 25 styrelsens
342 1911 95 21 delfond
448 1911 92 21 anvisas
551 1911 12 21 2
572 1911 43 21 876
624 1911 42 21 000
677 1912 34 20 kr.

178 1946 9 14 7
204 1940 45 20 Till
267 1941 131 25 ersättning
413 1941 36 20 till
466 1942 89 19 statens
572 1941 119 20 allmänna
708 1940 192 26 fastighetsfond:
918 1941 129 26 byggnads-

205 1970 127 25 styrelsens
342 1970 95 21 delfond
448 1970 93 21 anvisas
552 1971 9 19 1
572 1970 42 21 227
624 1971 42 20 000
677 1971 33 20 kr.

177 2005 10 15 8
205 2000 44 20 Till
264 2000 130 25 ersättning
407 2000 35 20 till
457 2000 88 20 statens
559 2000 119 20 allmänna
693 2000 192 25 fastighetsfond:
899 2000 148 25 generaltull-

205 2030 126 24 styrelsens
342 2029 94 20 delfond
447 2030 92 19 anvisas
549 2029 41 20 452
600 2029 42 21 000
652 2029 34 20 kr.

178 2065 9 14 9
206 2059 39 20 RD
261 2059 94 20 anvisar
370 2059 34 20 till
420 2059 130 25 ersättning
565 2059 34 20 till
615 2060 89 19 statens
719 2059 119 21 allmänna
853 2059 192 26 fastighetsfond:

205 2089 35 20 till
252 2088 246 26 slottsbyggnadernas
508 2088 95 21 delfond
614 2088 25 21 41
650 2088 42 21 000
702 2089 43 23 kr.,
754 2089 35 20 till
800 2089 247 26 byggnadsstyrelsens

1195 153 98 30 Motioner
1348 153 80 30 Utskott
1512 169 4 4 $
1594 157 91 17 Protokoll

1070 178 25 20 År
1092 174 20 32 |
1118 181 52 21 Prop.
1477 165 39 49 FER

1200 211 31 17 FK
1233 201 24 37 |
1265 211 32 17 AK
1319 210 86 18 |SmilAvd|
1429 211 25 17 Nr
1575 211 29 17 FK
1672 211 32 17 AK

1072 282 29 22 591
1119 284 36 20 1:8
1212 296 26 3 —I
1277 296 27 2 —I
1343 284 61 21 6—
1448 284 13 20 6
1514 284 64 20 6111:
1593 288 22 16 89
1644 284 72 20 I11:140

1134 318 20 16 61
1440 318 22 16 68

1072 342 29 22 591
1119 344 35 20 1:9
1212 356 26 2 —I
1277 356 26 2 —I
1343 344 13 20 6
1378 338 42 36 —I
1448 344 11 20 71
1514 344 11 20 71
1558 344 20 20 7:
1593 348 22 16 97
1624 338 23 36 |
1657 344 21 20 8:
1693 348 23 16 22

1133 378 22 15 57
1440 378 22 16 33

1071 401 84 23 5911:9
1212 415 26 3 —I
1277 415 27 3 —I
1343 404 61 20 6
1379 398 14 36 —
1448 404 12 20 71)
1514 404 11 20 71
1558 404 57 20 7:97
1622 398 23 36 1
1657 403 21 21 8:
1693 408 23 16 22

1133 437 22 16 58
1440 438 22 15 34

1071 461 98 23 59l1:10]
1212 475 26 2 —I
1277 475 26 2 —I
1343 463 13 21 61
1378 475 26 3 —
1448 463 13 20 8
1514 463 64 21 8114:
1593 467 22 16 38
1644 463 34 21 14:
1693 467 23 16 39

1128 497 34 16 334
1430 497 33 16 112

1071 580 30 22 59
1119 582 50 20 1:12]
1211 594 27 3 —I
1277 594 27 3 —I
1342 582 14 21 6
1377 594 27 3 —I
1435 582 26 21 101
1500 582 115 21 10114:123
1644 582 71 21 H4:171

1129 617 33 15 108
1440 617 23 15 84

1110 646 57 16 —109

1072 669 30 23 59
1119 672 51 20 1:14]
1211 683 93 3 sl)
1343 672 13 20 o6b
1378 684 26 3 Pb
1434 672 27 20 121
1500 672 115 20 1215::87
1626 665 23 36 |
1657 672 21 21 5:
1694 676 22 16 69

1117 706 56 16 19-24
1442 706 19 16 11

1071 884 30 22 59
1119 886 48 21 1:21]
1212 898 26 3 —I
1277 898 26 3 —]
1343 887 13 20 6)
1378 899 25 2 —I
1433 887 29 20 261
1499 887 28 20 591
1558 887 20 20 3:
1593 891 22 16 25
1624 880 24 37 |
1658 887 20 20 3:
1694 891 21 16 51

1071 914 98 23 5911:13]
1212 928 26 3 —I
1277 928 26 3 —JI
1343 917 13 20 6)
1378 929 25 2 —I|
1433 917 28 21 50]
1485 916 93 21 14611:
1593 921 22 15 67
1644 916 71 21 H1:121

1129 951 33 15 194
1440 951 22 16 37

1110 980 57 16 TNE

1071 1092 30 22 59
1119 1094 51 20 1:16]
1212 1106 26 3 —1I
1277 1106 26 3 —JI
1343 1094 13 21 8
1378 1106 26 3 —I
1433 1094 182 21 381305121:126
1642 1094 74 21 |22:130

1115 1128 58 16 33-36
1442 1129 20 15 13

1071 1240 30 22 59
1119 1242 48 21 1:11]
1212 1254 26 3 —|
1277 1254 26 3 —I
1329 1243 26 20 10]
1378 1255 25 3 —]
1449 1243 10 20 11
1514 1243 13 20 91
1558 1243 58 20 9:34
1624 1236 24 37 |
1658 1243 21 20 9:
1695 1247 22 16 57

1129 1277 33 15 176
1430 1277 32 16 126

1072 1335 82 23 6011:4
1167 1331 33 37 |
1211 1349 27 3 —|
1277 1349 26 3 —I
1343 1331 33 37 61
1378 1331 40 37 —|
1449 1338 12 20 21
1514 1337 102 21 215:412
1629 1331 20 37 |
1648 1331 31 37 5:
1695 1342 22 16 24

1115 1372 58 16 52-55
1440 1372 23 16 30

1072 1520 29 22 601
1119 1522 35 20 1:5
1212 1533 26 3 —|I
1277 1534 26 3 —I
1343 1521 60 20 6—1
1449 1522 12 20 3
1557 1522 59 20 0:18
1658 1522 21 20 1.0:
1694 1526 22 15 2

1116 1556 57 16 12-13
1442 1556 20 16 14

1072 1609 29 22 601
1118 1611 37 20 1:6
1212 1622 26 3 —I
1277 1623 26 2 —I
1343 1611 13 20 6
1377 1623 27 3 —-
1448 1611 14 20 4
1513 1611 65 21 4111:
1593 1616 22 16 87
1644 1611 34 20 |11:
1694 1615 22 16 69

1129 1645 33 16 175
1430 1645 32 16 135

1110 1675 57 16 —177

1072 1734 29 22 601
1118 1736 35 20 1:7
1211 1747 27 4 —I
1277 1748 26 3 —I
1342 1736 14 20 6]
1378 1748 26 3 —I
1448 1736 13 21 51
1514 1736 64 21 -51:7:
1593 1740 22 16 48.1
1658 1736 21 20 7:
1694 1740 22 16 79

1129 1770 33 16 120
1441 1771 21 15 78

1110 1800 55 16 fejd

1071 1823 30 22 601
1118 1825 36 21 1:8
1211 1837 27 3 —I
1277 1837 27 3 —I
1343 1825 13 21 6]
1377 1837 26 3 —!
1448 1826 13 20 61
1514 1826 64 20 6110:
1593 1830 22 16 94
1644 1825 71 21 |10:247

1133 1860 22 15 59
1440 1860 22 15 42

1071 1883 30 22 601
1118 1885 36 20 1:8
1212 1897 26 3 —I
1277 1897 26 3 —I
1342 1885 13 20 61
1377 1897 26 3 —!
1447 1885 14 20 61
1513 1885 65 21 6110:
1593 1889 22 16 94
1643 1885 73 21 |10:247

1133 1919 22 16 60
1439 1919 23 16 42

1071 1942 83 23 6011:9
1171 1938 33 37 |
1211 1956 27 4 —I
1277 1956 26 4 —I
1342 1944 13 21 6
1377 1956 26 4 —|
1448 1945 12 20 71
1514 1945 12 20 71
1557 1945 58 20 -7:60
1657 1944 21 21 17:
1693 1949 23 15 99

1133 1978 22 16 62
1439 1979 23 16 28

1072 1997 39 36 601
1110 1997 44 36 1:9
1211 2015 27 3 —!I
1277 2015 26 3 —I
1342 2004 13 20 6
1377 2015 22 4 —
1448 2004 11 20 71
1514 2004 101 20 71-7::60
1623 1998 23 36 |
1657 2004 21 20 7:
1693 2008 22 16 99

1133 2038 22 15 63
1439 2038 23 16 28

1071 2061 98 23 6011:10]
1211 2075 26 4 —I
1277 2075 26 4 —I
1341 2063 14 21 61
1376 2075 27 4 —|
1447 2063 14 21 81
1513 2064 64 20 8117:
1592 2068 23 16 82
1643 2063 71 21 H7:111

1127 2097 33 16 321
1428 2097 34 16 104
