1830 2361
743 158 223 17 SAKREGISTER
1620 157 38 20 145

1193 231 108 31 Utskotts-
1374 235 54 17 Riks-

989 261 48 18 Kungl.
1100 284 3 3 É
1184 256 127 32 utlåtanden,
1367 256 69 34 dagens
1508 250 60 41 FCT

993 291 52 18 Maj:ts]
1058 283 91 16 Motioner]
1176 295 96 16 memorial
1285 295 44 16 eller
1378 295 46 16 kris
1486 283 140 20 förhandlingar

938 315 26 20 År
993 323 50 16 Ipropir
1174 318 145 33 betänkanden
1370 318 60 33 velser
1511 313 88 21 (prot;nr)

992 346 44 28 eller
1180 372 4 4 -
1643 360 6 2 É

992 380 102 27 AKIYNUERO
1112 391 35 16 LAR
1168 386 16 43 ä
1210 385 16 43 Z
1250 392 90 16 Nummer
1339 383 9 34 |
1357 391 90 17 Nummer
1469 379 27 41 Fo
1606 375 32 50 nig

72 448 167 26 Avskrivningar
255 449 37 20 och
308 449 116 26 eftergifter.

112 478 115 26 krigsrätts
244 478 71 27 utslag
332 479 41 19 den
390 478 12 21 7
418 479 54 26 april
491 479 52 20 1934
559 479 112 26 åliggande
688 479 125 26 skyldighet
828 481 35 18 att
878 479 33 20 till
926 480 56 20 1936

113 509 133 19 statsverket
258 508 74 27 utgiva
344 508 27 20 46
382 509 32 19 kr.
428 508 25 20 14
464 510 43 22 öre,
519 510 58 19 samt
587 510 35 19 att
633 509 34 20 för
677 509 106 26 gäldande
794 515 29 14 av
833 509 78 26 ifråga-

113 538 102 23 varande,
227 538 11 20 å
250 538 155 20 förskottstitel
416 538 5 20 i
432 539 108 20 marinens
550 539 147 26 räkenskaper
707 539 106 20 bokförda
824 539 87 20 fordran

113 570 32 17 ett
157 568 78 26 belopp
246 574 28 13 av
284 568 27 19 46
323 569 31 19 kr.
368 568 24 19 14
403 570 35 18 öre
450 569 35 19 må
496 570 62 24 tagas
568 569 6 19 i
585 569 95 25 anspråk
691 575 28 13 av
730 569 37 19 det
777 569 34 19 för
821 569 91 25 budget-

113 599 47 18 året
173 597 117 25 1935/1936
302 598 104 20 anvisade
418 598 191 26 förslagsanslaget
620 598 32 20 till
666 598 139 20 oförutsedda
815 598 96 26 utgifter.

63 660 21 16 14
101 657 41 20 RD
161 657 118 26 medgiver,
298 659 34 18 att
350 659 84 18 statens
452 657 93 27 kapital-
563 657 39 20 och
621 658 150 20 räntefordran
791 658 38 20 hos
848 658 135 20 Nors-|19361
1002 658 38 20 118
1062 658 38 20 13111
1116 658 39 20 639]
1177 658 12 20 8
1212 671 24 1 |—
1291 658 26 20 37
1387 659 37 20 189
1460 659 69 20 126:86
1540 655 23 36 |
1575 660 68 20 26:62

114 686 360 21 holm—Västervik—Hultsfreds
494 687 229 26 järnvägsaktiebolag
744 688 28 26 på
793 687 70 27 grund
884 693 28 14 av

114 716 93 20 statslån
229 716 33 20 för
282 716 260 27 järnvägsanläggningar
562 717 36 20 må
619 717 114 20 avskrivas
754 717 33 20 till
808 717 40 20 den
871 717 40 24 del,

115 746 126 20 densamma
260 746 119 26 överstiger
395 746 59 20 1440
461 746 42 20 000
518 747 40 23 kr.,
574 748 47 19 mot
637 747 37 20 det
689 748 35 19 att
739 747 87 26 bolaget
840 749 72 18 senast

115 776 41 19 den
176 776 8 19 1
202 776 45 26 jan.
267 776 52 20 1937
336 776 32 20 till
385 776 211 26 riksgäldskontoret
613 777 94 20 kontant
723 776 108 21 inbetalar
847 777 65 26 sagda
1201 800 1 6 ri

116 801 84 35 belopp.
1106 820 2 2 I
1201 808 1 17 I

64 867 22 18 15
102 865 42 20 RD
159 865 116 26 medgiver,
290 867 34 18 att
337 866 37 19 vid
388 866 143 20 riksbankens
544 866 209 26 avdelningskontor
765 866 6 20 i
785 866 80 20 Malmö
878 867 34 19 må
931 866 54 20 [1936]
1008 879 28 2 —
1042 861 27 35 |
1070 878 28 2 —|
1124 878 27 2 —I
1178 867 13 19 81
1214 879 26 1 —
1294 867 26 19 43

1462 868 33 20 28:
1507 870 24 17 53
1540 864 27 34 |
1577 869 68 20 28:73

116 901 25 14 ur
155 895 174 26 räkenskaperna
344 896 113 20 avskrivas
471 896 45 20 viss
529 896 95 20 fordran.

65 959 22 15 16
104 955 41 19 RD
161 955 118 26 medgiver,
295 957 35 18 att
345 955 201 26 tyghantverkaren
562 956 36 20 vid
614 956 128 26 flygvapnet
759 956 24 20 G.
800 956 25 20 E.
842 956 72 20 Rahm
932 956 53 20 |19361
1005 957 37 19 186
1064 956 40 20 1313!
1126 968 26 2 —1
1180 956 60 20 6/—
1294 957 26 19 93
1387 957 40 19 223
1463 958 33 19 131:
1508 960 24 17 201]
1577 958 34 20 31:
1622 960 24 17 55

117 985 42 23 må,
174 985 72 19 därest
260 985 42 19 han
317 987 73 18 senast
403 985 41 20 den
460 985 8 20 1
483 985 40 26 juli
537 985 53 20 1937
603 985 33 20 till
649 985 220 27 arméförvaltningen
883 986 31 19 in-
1108 988 1 16 I

117 1014 84 20 betalar
219 1016 33 18 ett
268 1015 77 26 belopp
361 1021 28 14 av
407 1015 58 20 1200
480 1016 40 23 kr.,
537 1015 79 20 befrias
631 1016 47 19 från
694 1016 137 19 återstående
847 1016 68 19 betal-
1108 1011 1 23 |

117 1044 187 26 ningsskyldighet
320 1044 32 20 -till
368 1045 83 19 kronan
467 1045 67 26 enligt
549 1045 133 26 Linköpings
698 1045 114 26 domsagas
827 1045 88 20 härads-

117 1075 56 18 rätts
187 1074 71 26 utslag
272 1074 41 20 den
328 1074 12 20 3
355 1074 42 26 maj
414 1074 60 21 1926.

1385 1147 24 5 Nn

1403 1135 12 20 3

1417 1135 12 20 no

1464 1136 12 19 ww

1478 1136 13 19 Rn

1508 1138 11 17 CO

1579 1136 12 20 vv

1583 1142 28 6 RA

1624 1138 10 17 a

1639 1139 7 16 fo

120 1163 15 20 I.
156 1163 27 20 H.
203 1163 90 20 Persson
313 1163 39 20 och
371 1164 145 26 värnpliktige
536 1164 24 20 G.
580 1164 25 20 G.
624 1164 131 26 Magnusson
774 1164 78 20 befrias
871 1164 44 20 dels

118 1193 47 19 från
184 1193 40 19 den
243 1193 49 20 dem
308 1193 89 26 jämlikt
413 1193 144 27 krigsrättens
574 1194 37 20 vid
629 1194 95 20 nämnda
742 1196 122 24 regemente
882 1196 34 18 ut-

9 1231 2 13 I
118 1223 45 25 slag
177 1223 41 19 den
232 1223 26 20 25
272 1223 54 26 april
342 1223 52 20 1934
408 1223 76 26 ålagda
498 1223 126 27 skyldighet
636 1225 35 19 att
684 1224 32 20 till
730 1224 186 26 riksförsäkrings-

118 1252 108 20 anstalten
246 1253 124 20 solidariskt
388 1253 75 26 utgiva
481 1253 92 27 tillhopa
592 1253 40 21 748
649 1254 32 20 kr.
700 1254 27 20 50
745 1256 42 22 öre,
806 1253 45 20 dels
868 1254 48 19 från

118 1283 258 25 ersättningsskyldighet
393 1283 33 20 till
444 1284 135 19 statsverket
596 1284 5 19 i
619 1283 60 27 fråga
698 1290 35 13 om
751 1283 19 26 ej
789 1284 83 19 mindre
891 1284 25 19 de
1110 1299 2 3 I

119 1312 85 26 belopp,
223 1318 46 14 som
289 1312 63 20 KM:t
370 1313 39 19 och
428 1313 84 20 kronan
530 1313 89 26 jämlikt
637 1314 56 19 Göta
712 1313 101 20 hovrätts
831 1313 41 20 den
891 1314 26 19 28
1111 1324 1 11 |

117 1342 47 25 juni
190 1342 52 20 1935
262 1342 127 20 meddelade
409 1343 50 19 dom
480 1343 70 26 ålagts
569 1343 105 24 utbetala,
695 1343 90 26 tillhopa
807 1343 58 21 1885
885 1344 31 19 kr.

118 1372 26 19 50
158 1373 35 18 öre
206 1372 70 26 jämte
290 1374 70 21 ränta,
375 1372 51 20 eller
439 1379 47 13 som
499 1373 84 20 kronan
597 1373 115 20 framdeles
726 1373 42 20 kan
783 1373 87 20 komma
884 1375 34 18 att
1111 1369 2 26 |

118 1402 87 25 åläggas
217 1402 98 20 -utbetala
328 1402 32 20 till
372 1402 232 26 jordbruksarbetaren
618 1404 25 19 O.
656 1403 101 26 Almgren
770 1403 26 26 på
808 1403 70 26 grund
890 1409 28 14 av
1112 1425 1 3 |

120 1432 79 19 honom
218 1431 41 20 den
280 1432 7 19 1
307 1432 40 25 juli
368 1432 52 20 1933
438 1432 118 20 åsamkade
574 1432 75 24 skada,
669 1434 27 19 än
714 1434 55 19 även
788 1432 26 20 de
832 1432 86 27 belopp,
1112 1429 1 9 |
1207 1432 1 7 |

119 1467 47 13 som
183 1461 289 27 riksförsäkringsanstalten
490 1462 33 20 för
540 1462 60 20 tiden
618 1462 55 20 efter
690 1462 41 20 den
749 1462 26 20 25
793 1463 55 25 april
867 1462 52 20 1934
1112 1460 1 9 |
1207 1444 1 44 |

120 1491 109 20 utbetalat
246 1491 50 20 eller
313 1491 42 20 kan
373 1492 87 19 komma
478 1493 34 19 att
529 1492 97 20 utbetala
644 1492 32 20 till
692 1492 101 26 Almgren
805 1493 70 19 såsom
888 1498 32 14 er-
1207 1492 1 4 I

120 1521 98 25 sättning
232 1521 5 19 i
252 1521 142 20 förevarande
408 1522 106 19 avseende
528 1523 58 18 samt
599 1524 35 18 att
648 1522 25 19 de
688 1522 85 26 belopp,
788 1522 47 20 från
850 1522 69 20 vilkas
1113 1530 1 19 |
1207 1528 2 16 I

121 1550 118 26 utgivande
253 1551 91 19 Persson
358 1551 39 19 och
411 1551 130 26 Magnusson
555 1552 91 19 sålunda
660 1551 85 23 befrias,
760 1552 34 19 må
808 1558 25 13 ur
846 1552 74 19 veder-
1113 1550 1 31 |
1208 1545 1 31 |

1113 1594 1 6 I
1208 1589 1 11 I

1109 1070 2 41 |

66 1136 21 16 17
104 1133 42 20 RD
165 1133 117 26 medgiver,
301 1136 34 17 att
353 1140 67 14 envar
437 1140 28 14 av
483 1134 80 20 furiren
582 1135 37 19 vid
638 1135 138 25 Kronobergs
794 1136 120 24 regemente
933 1135 53 19 |1936|
1003 1135 40 20 203
1072 1128 39 75 El
1128 1135 112 19 —]|61—
1284 1135 38 19 119

1110 1204 1 12 I

1110 1223 1 9 |

122 1580 79 25 börliga
217 1580 146 26 räkenskaper
376 1580 120 21 avskrivas.

84 1672 5 16 1
109 1669 40 19 RD
166 1669 117 26 medgiver,
299 1671 34 18 att
349 1670 63 19 KM:t
427 1671 35 19 må
478 1672 39 24 äga
533 1670 85 20 besluta
634 1676 35 14 om
684 1671 142 25 avskrivning
841 1670 32 20 till
888 1672 32 18 ett
940 1669 51 21 |1937
1078 1682 37 22 =

122 1699 145 25 sammanlagt
283 1699 78 26 belopp
376 1705 28 14 av
419 1699 40 20 230
469 1699 39 21 567
523 1700 32 20 kr.
571 1700 12 19 6
599 1702 34 18 öre
649 1706 28 14 av
691 1701 94 19 kronans
800 1700 121 26 fordringar
1114 1705 1 4 I
1209 1717 2 12 |

123 1729 3 18 i
155 1729 139 19 flottlederna
321 1729 176 23 Buviksbäcken,
525 1729 100 20 Leduåns
651 1730 32 20 4:e
710 1730 95 23 distrikt,
833 1730 88 25 Norsjö-
1114 1711 1 39 |
1210 1732 2 74 |

1472 1671 64 20 14:61
1548 1667 27 34 |
1586 1671 64 20 15:91

1023 1670 12 20 S

1081 1682 23 3 I

1132 1682 27 2 |

1174 1670 7 19 =

1185 1669 13 20 S

1302 1671 7 19 a

1313 1671 13 18 S

1407 1671 11 19 st

1406 1677 37 8 >S

123 1758 89 23 bäcken,
228 1758 170 26 Båtsjöbäcken,
411 1759 163 26 Rissjöbäcken,
587 1756 58 24 Övra
656 1755 98 28 Åseleån,
767 1759 153 23 Gäddbäcken,

123 1788 176 26 Skirsjöbäckens
318 1789 31 19 1:a
365 1789 95 23 distrikt,
478 1789 176 26 Skirsjöbäckens
667 1790 33 19 2:a
715 1790 94 22 distrikt,
824 1789 97 26 Korpån,
1115 1770 1 69 |

125 1818 186 25 Hocksjöbäcken,
329 1819 110 26 Oppsjöån
456 1819 38 19 och
511 1819 141 20 Ulvkisboån.

125 1908 3 19 i
145 1908 241 26 statsrådsprotokollet
403 1908 126 20 omförmält
544 1915 27 13 av
588 1909 25 19 A.
631 1909 112 25 Königson
759 1910 24 19 år
800 1909 52 20 1920
868 1909 54 20 före-

125 1939 59 23 taget
200 1937 124 26 virkesköp,
341 1938 61 19 7719
419 1938 31 20 kr.
467 1938 26 19 83
510 1940 35 18 öre
561 1938 68 26 jämte
647 1939 51 20 därå
716 1939 119 26 belöpande
851 1941 70 19 ränta,

15 1974 1 29 |
125 1969 32 17 må
173 1967 120 20 avskrivas.
1116 1965 2 82 |

84 1880 9 16 2
110 1878 41 19 RD
168 1878 117 25 medgiver,
301 1880 35 18 att
351 1879 95 19 kronans
461 1879 138 20 återstående
615 1879 87 20 fordran
719 1880 26 25 på
761 1879 70 26 grund
847 1885 27 14 av
890 1878 103 21 ett|1937|
1024 1879 12 19 8
1104 1872 13 84 |
1133 1876 121 23 —H0/—
1304 1880 20 19 Uu
1408 1879 27 20 80
1473 1880 65 19 -114::61
1554 1875 24 36 |
1587 1880 32 20 15:
1630 1882 22 17 91

84 2029 11 16 3
111 2026 41 20 RD
170 2027 117 25 medgiver,
305 2029 34 18 att
356 2027 70 20 såsom
443 2027 38 20 full
499 2028 111 26 betalning
626 2028 33 20 för
675 2029 144 19 statsverkets
835 2028 88 20 fordran
943 2028 52 19 [1937]
1026 2029 12 18 9

1213 2040 16 18 E
1306 2028 24 19 12
1410 2028 24 20 81
1474 2028 65 20 --Ib4::61
1590 2029 30 20 11-15:
1632 2031 22 16 91

63 2057 3 20 I
125 2056 26 26 på
164 2056 68 25 grund
246 2063 28 13 av
286 2057 133 25 statsbidrag
432 2057 30 19 till
475 2059 31 18 ett
520 2058 213 25 utdikningsföretag
744 2058 58 19 inom
815 2058 109 20 Gunnars-
1117 2055 1 27 I

66 2110 25 15 19.
107 2110 115 19 Sakregister.
240 2111 14 15 I.

9 2300 31 61 |
17 2305 266 55 TREE
