1864 2365
166 154 41 20 320
863 153 223 18 SAKREGISTER

1309 228 107 30 Utskotts-
1488 232 55 16 Riks-

1093 249 66 34 Kungl.
1173 279 44 16 Sa
1297 254 128 34 utlåtanden,
1481 262 69 20 dagens

1107 287 53 18 Maj:ts]
1192 280 72 16 Motioner
1264 276 10 38 |
1291 291 96 16 memorial
1400 291 43 16 eller
1492 291 46 17 skri-

1052 311 26 20 År
1106 320 51 14 Ipropir
1302 321 132 17 betänkanden
1485 316 59 31 velser
1626 309 87 21 (protsnr)

1115 346 35 15 eller

1612 250 115 16 Kamrarnas

1601 279 139 20 förhandlingar

1098 371 63 29 skriv:r]
1370 371 11 29 ir
1585 375 66 16 Första
1657 371 24 30 |
1688 375 65 16 Andra

1174 386 87 17 FKIAK
1364 388 91 15 Nummer|
1471 387 90 16 Nummer
1584 399 69 16 komm.
1658 383 24 36 |
1685 399 70 16 kamm.

1282 368 16 56 Saml.

1324 374 16 50 Avd.

186 442 165 34 Dyrortstillägg.
1312 444 2 20 I

226 476 203 20 försvarsväsendet
447 476 89 26 intagna
555 476 125 26 löneplaner
699 476 39 19 och
757 481 45 14 som
822 476 56 19 hava
898 475 125 20 Stockholm
1039 475 55 20 [1937

226 506 71 20 såsom
310 505 189 27 förläggningsort,
512 506 36 19 må
561 506 69 19 under
643 505 129 26 budgetåret
786 505 117 26 1937/1938
916 505 52 26 utgå
981 505 43 20 till-

226 536 59 26 fällig
298 536 148 25 förstärkning
459 536 49 19 med
522 537 32 18 ett
568 535 54 20 efter
635 535 40 20 240
688 536 32 19 kr.
734 535 34 20 för
780 535 24 20 år
818 535 106 20 beräknat
938 535 84 26 belopp,

226 568 28 18 än
266 568 55 18 även
334 567 35 18 att
380 565 69 20 härav
460 565 126 20 föranledda
598 565 118 20 kostnader
728 565 35 20 må
776 565 105 20 bestridas
893 565 48 20 från
949 565 74 20 veder-

227 596 95 20 börande
335 595 69 20 under
415 595 33 20 4:e
461 595 40 20 HT
513 595 107 26 uppförda
633 595 75 26 anslag
720 595 32 20 till
764 595 137 26 personalens
914 595 108 26 avlöning.

1312 614 43 23 1

1354 640 2 11 F

213 655 42 20 RD
266 656 102 23 besluter,
382 657 35 18 att
427 655 68 20 lärare
505 655 37 20 vid
553 655 64 26 högre
628 655 238 23 lärarinneseminariet,
877 655 26 20 de
914 655 108 20 allmänna
1027 650 14 35 |
1042 654 52 20 1937]
1111 654 37 20 271
1156 650 18 35 |
1184 667 24 2 —|
1236 667 26 2 —1
1289 655 12 19 6
1312 666 2 2 |
1325 650 73 42 —1189
1406 655 100 20 s.1391469
1521 657 45 18 s.351
1584 655 33 20 40:
1628 657 24 17 35
1669 659 2 27 |
1688 655 32 20 40:
1732 657 24 17 35

227 685 134 23 läroverken,
388 685 266 23 folkskoleseminarierna,
680 685 179 20 läroanstalterna
884 685 33 19 för
942 685 80 23 blinda,
1109 686 20 19 pt
1144 685 10 15 2
1354 687 25 23 Ipt
1389 686 10 15 2
1467 686 38 19 pt
1489 680 12 32 2

226 715 168 20 vårdanstalten
411 715 6 20 i
434 715 63 20 Lund
514 715 34 20 för
564 715 73 20 blinda
654 715 49 19 med
720 714 142 27 komplicerat
878 714 45 26 lyte
940 714 39 20 och
997 714 25 20 de
1354 712 1 31 |

225 745 101 20 tekniska
336 745 127 20 läroverken
473 744 60 21 skola
543 746 39 25 äga
592 746 34 19 att
636 745 68 19 under
712 744 60 20 tiden
784 745 8 19 1
803 744 101 26 jan.—30
912 744 48 26 juni
971 744 52 21 1938
1354 748 2 24 I

227 775 97 26 uppbära
341 775 145 26 provisoriskt
501 774 162 26 dyrortstillägg
679 774 66 26 enligt
761 780 82 14 samma
860 774 99 26 grunder,
977 780 45 14 som
1217 765 1 35 |

225 805 55 25 gälla
297 805 33 20 för
345 805 68 20 andra
429 805 215 25 befattningshavare
660 804 5 20 i
681 806 83 18 statens
779 804 76 26 tjänst.
1217 801 2 50 |

1217 870 1 12 I

1217 883 2 10 I

1217 911 2 29 |

1354 818 1 11 I

189 898 7 16 1
213 895 41 19 RD
273 895 118 25 medgiver,
409 896 35 18 att
462 894 142 26 provisoriskt
622 894 162 26 dyrortstillägg
802 894 35 19 må
856 895 51 24 utgå
925 896 23 17 åt
966 894 56 19 vissa
1042 893 53 20 1938]
1112 894 39 19 273
1155 884 15 40 |
1181 894 87 20 —
1207 884 16 40 |
1222 894 46 20 469]
1289 894 12 19 6
1305 884 20 40 |
1331 906 21 1 —
1354 888 44 30 164
1466 889 40 34 400
1584 893 33 20 37:
1629 895 22 17 61.)
1688 894 33 19 37:
1733 896 24 17 98

226 924 217 26 befattningshavare
462 925 5 19 i
487 926 83 18 statens
588 924 71 26 tjänst
677 930 28 14 m.
715 924 30 22 fl.;
765 924 40 20 och
824 924 87 19 anvisar
929 924 42 19 RD
991 923 32 20 till

226 954 143 26 provisoriskt
387 954 163 26 dyrortstillägg
567 954 24 20 åt
608 954 56 20 vissa
684 954 214 25 befattningshavare
916 954 6 19 i
940 955 83 18 statens
1217 966 2 8 I

226 984 70 26 tjänst
308 984 68 20 under
387 984 32 20 4:e
433 984 39 19 HT
484 985 32 19 ett
528 984 74 25 anslag
613 990 28 14 av
653 983 40 20 400
702 983 41 20 000
754 984 32 19 kr.
799 983 33 26 (f).

187 1046 10 16 2
213 1044 41 19 RD
270 1044 102 22 besluter,
387 1045 35 18 att
436 1044 144 25 provisoriskt
594 1043 162 25 dyrortstillägg
770 1044 23 19 åt
809 1043 214 25 befattningshavare
1043 1043 52 19 1938]
1120 1054 27 2 —
1152 1039 26 34 |
1181 1055 38 5 —|
1253 1055 9 2 —I
1290 1043 12 19 8
1313 1041 2 32 |
1325 1055 27 1 —|
1373 1044 26 18 68
1508 1055 28 1 —
1584 1042 33 20 140:
1631 1039 40 43 1321
1688 1043 66 19 42:11

226 1073 37 20 vid
276 1073 61 20 RD:s
349 1073 53 20 verk
414 1073 35 20 må
462 1073 52 26 utgå
526 1073 66 26 enligt
604 1073 26 19 de
642 1072 100 26 grunder,
755 1078 46 14 som
813 1079 28 13 av
853 1072 42 20 RD
908 1072 116 20 fastställts
1314 1076 1 7 |
1670 1080 1 10 I

226 1103 34 20 för
273 1102 114 21 enahanda
400 1102 76 26 tillägg
489 1103 23 19 åt
526 1102 68 20 andra
608 1102 215 26 befattningshavare
837 1102 7 19 i
857 1104 84 18 statens
954 1102 70 26 tjänst
1314 1087 1 42 |

226 1134 58 18 samt
301 1132 113 23 förklarar,
431 1134 35 18 att
483 1132 145 20 kostnaderna
646 1132 34 20 för
696 1132 165 26 ifrågavarande
879 1132 144 25 provisoriska
1314 1132 42 30 -

227 1162 162 26 dyrortstillägg
404 1162 61 20 skola
480 1162 107 20 bestridas
603 1162 137 20 beträffande
756 1161 215 26 befattningshavare
986 1161 37 20 vid

226 1192 131 20 riksbanken
373 1198 28 14 av
416 1192 142 19 riksbankens
573 1191 69 20 medel
657 1193 57 18 samt
729 1191 137 20 beträffande
881 1191 143 26 befattnings-

227 1222 79 19 havare
324 1222 38 19 vid
380 1221 74 26 övriga
474 1222 61 19 RD:s
554 1222 52 19 verk
624 1227 29 14 av
672 1221 25 20 de
713 1221 82 26 anslag,
812 1221 47 20 från
875 1221 58 19 -vilka
950 1221 74 19 veder-

226 1252 95 19 börande
336 1251 228 26 befattningshavares
577 1251 127 26 avlöningar
718 1251 115 20 utbetalas.

255 1288 21 16 Se
290 1288 34 16 ock
338 1287 238 21 Avlöningsförstärkning;
589 1287 184 20 Navigationsskolor
786 1287 59 20 (1937:
854 1288 24 16 3).

186 1396 224 29 DYRTIDSHJÄLP;
431 1407 22 13 se
475 1400 152 20 Barnmorskor
647 1400 69 25 (1931:
730 1402 16 21 2;
770 1400 58 20 1932:
841 1402 16 21 2;
882 1400 58 23 1933;
965 1400 58 20 1934;

214 1430 68 26 1935);
300 1430 168 26 Sjuksköterskor
484 1430 69 26 (1931:
566 1432 16 21 2;
601 1430 59 19 1932:
673 1432 16 20 3;
708 1430 59 19 1933:

780 1432 16 21 2;
815 1430 68 25 1935).

186 1485 248 25 DYRTIDSTILLÄGG.

188 1522 6 17 1
212 1520 43 19 RD
269 1520 102 23 besluter,
384 1521 35 18 att
433 1519 160 26 dyrtidstillägg
606 1519 54 20 skall
674 1519 68 20 under
755 1519 146 20 innevarande
915 1519 42 19 RD
973 1518 119 20 tills-]1931]
1120 1530 9 1 —
1205 1519 6 19 11
1244 1518 58 19 —1]8

226 1549 81 24 vidare,
324 1549 55 20 intill
395 1549 48 20 dess
458 1549 135 20 annorlunda
609 1549 43 20 kan
667 1549 68 19 varda
750 1554 29 14 av
794 1549 42 19 RD
852 1549 103 21 bestämt,
972 1549 50 25 utgå

227 1579 32 20 till
276 1579 26 20 de
319 1579 39 20 hos
376 1579 61 20 RD:s
454 1579 93 22 kamrar,
565 1578 100 26 ständiga
683 1578 39 20 och
739 1578 107 26 tillfälliga
863 1578 87 20 utskott
967 1580 54 18 samt
1313 1582 1 22 I

227 1609 69 20 kansli
310 1609 108 20 anställda
432 1608 134 26 tjänstemän
581 1608 38 20 och
634 1608 154 26 vaktbetjänte
802 1608 67 26 enligt
883 1608 26 19 de
922 1608 100 26 grunder,
1313 1608 1 29 |

226 1645 46 13 som
287 1644 77 21 genom
380 1638 141 26 kungörelsen
537 1638 41 20 den
595 1638 24 19 15
634 1638 47 26 juni
698 1638 52 19 1923
764 1638 117 19 fastställts
896 1638 33 19 för
944 1638 80 19 befatt-
1218 1650 1 6 |

227 1668 143 26 ningshavare
381 1668 6 20 i
399 1670 83 18 statens
494 1668 70 26 tjänst
575 1668 38 19 vid
624 1668 47 19 icke
682 1667 108 26 reglerade
802 1668 60 22 verk,
874 1668 56 19 dock
941 1669 34 18 att
987 1667 36 20 det
1313 1657 1 31 |

227 1698 76 26 högsta
327 1698 85 26 belopp,
436 1698 34 19 för
491 1698 69 20 vilket
582 1697 161 26 dyrtidstillägg
766 1698 11 19 å
801 1697 162 26 sammanlagda
986 1703 38 14 av-
1313 1689 1 50 |

1314 1150 1 13 |

1314 1179 1 29 |

1314 1229 1 26 |

186 1341 133 24 DYRSSEN,
334 1341 20 19 I.
369 1341 23 19 P.
406 1341 24 19 G.
444 1341 34 24 N.;
492 1347 22 13 se
528 1340 167 26 Avskrivningar
708 1340 70 26 (1938:
792 1341 38 25 16).
1314 1303 1 78 |

1314 1433 1 24 |

1314 1478 1 26 |

1313 1511 2 25 I

1314 1537 1 14 |

227 1728 99 26 löningen
344 1728 35 20 för
396 1728 80 20 månad
495 1728 5 19 i
520 1727 168 26 riksdagstjänst
707 1727 38 20 och
765 1727 127 25 statstjänst
910 1727 34 19 må
965 1727 57 25 utgå,

226 1758 54 20 skall
296 1760 76 24 utgöra
389 1757 59 20 1250
462 1758 32 19 kr.

187 1820 10 17 2
213 1818 42 19 RD
268 1818 45 19 dels
324 1817 88 20 anvisar
424 1817 32 20 för
468 1817 121 20 beredande
602 1823 27 14 av
642 1817 161 25 dyrtidstillägg
815 1817 68 19 under
895 1816 129 26 budgetåret
1043 1816 82 20 |193111:
1139 1819 19 16 11]
1200 1828 9 2 —
1213 1808 11 38 |
1241 1827 22 2 —1|
1290 1812 24 23 8
1306 1808 15 38 |
1332 1827 15 1 —]|
1376 1816 19 19 11
1414 1818 31 17 s.8
1469 1817 19 18 HI
1502 1832 4 3 A
1535 1819 30 16 s.6)
1586 1816 31 19 12:
1629 1818 9 16 2

229 1847 116 26 1931/1932
356 1848 24 19 åt
391 1847 155 26 pensionerade
557 1847 101 20 båtsmän
671 1847 39 19 och
722 1846 166 20 marinsoldater
898 1848 58 18 samt
967 1846 57 20 Vad-
1104 1847 19 19 pt
1138 1846 22 15 26

226 1879 62 18 stena
304 1877 239 26 krigsmanshuskassas
560 1876 212 26 understödstagare,
789 1876 58 20 vilka
864 1876 37 19 vid
917 1876 106 26 ingången

226 1913 29 14 av
269 1907 40 26 juli
325 1906 80 21 månad
421 1907 24 19 år
462 1906 50 20 1931
531 1906 95 26 uppnått
642 1912 25 14 en
684 1906 150 20 levnadsålder
849 1911 28 14 av
893 1905 27 20 60
935 1906 24 19 år
974 1906 50 19 eller

227 1937 98 23 däröver,
344 1936 34 20 för
396 1936 129 26 budgetåret
545 1936 118 26 1931/1932
681 1937 32 18 ett
732 1937 61 18 extra
812 1935 166 26 förslagsanslag
996 1941 28 14 av

228 1966 55 21 1075
292 1966 41 20 000
348 1967 40 22 kr.,
404 1966 45 20 dels
464 1966 112 23 förklarar,
592 1968 34 17 att
642 1965 183 26 dyrtidstillägget
840 1965 32 20 till
888 1965 60 26 varje
965 1965 59 26 dylik
1218 1989 1 4 I
1313 1968 2 10 /

227 1996 36 20 vid
281 1996 106 26 ingången
405 2002 28 14 av
449 1996 39 25 juli
505 1996 79 19 månad
602 1996 23 19 år
643 1995 50 20 1931
712 1995 33 20 till
762 1995 89 26 pension
868 1995 50 20 eller
935 1995 88 20 därmed
1218 1995 1 40 |
1313 2006 2 74 |

226 2026 120 26 jämförligt
360 2025 118 21 understöd
493 2026 46 19 från
554 2025 140 23 statsverket,
709 2025 191 20 statsunderstödd
915 2025 110 25 pensions-

227 2056 120 25 inrättning
371 2055 50 20 eller
445 2055 109 20 Vadstena
579 2055 227 25 krigsmanshuskassa
831 2054 123 26 berättigad
978 2054 46 20 f.d.
1218 2041 1 40 |
