1869 2363
104 253 188 26 Interpellationer.

132 289 32 20 Nr
179 289 26 20 39
222 288 71 26 (Olson
308 288 5 20 i
327 289 125 25 Göteborg):
468 288 54 26 Ang.
536 288 290 27 luftskyddsinspektionens
839 288 109 21 allmänna
962 295 37 14 an-

104 318 112 26 visningar
224 324 25 14 nr
259 318 7 20 1
277 324 49 20 ang.
335 318 154 26 planläggning
498 319 39 19 och
546 318 147 26 organisation
701 325 28 13 av
738 318 37 20 det
782 318 64 21 civila
854 318 144 27 luftskyddet,

104 349 50 25 kap.
166 349 19 22 5,
196 354 36 14 om
242 348 174 26 stadsplanering
426 348 40 20 och
476 354 72 14 annan
559 348 154 26 planläggning
722 354 28 14 av
760 348 239 27 samhällsbebyggelse.

133 378 31 20 Nr
179 378 28 20 40
219 378 101 25 (Jonsson
334 378 5 20 i
352 378 123 25 Skutskär):
488 378 55 26 Ang.
556 378 122 26 avgifterna
691 378 33 20 för
735 378 59 20 äldre
806 378 192 20 medlemsklientel

104 408 5 20 i
125 408 223 26 begravningskassor
360 407 37 21 vid
412 407 72 20 dessas
498 408 109 25 övergång
619 407 33 20 till
666 408 254 26 understödsföreningar
933 408 67 26 enligt

106 438 53 20 1938
172 438 35 19 års
220 437 41 26 lag.

133 467 32 20 Nr
180 467 23 20 41
222 467 118 26 (Skoglund
353 466 6 21 i
375 467 150 26 Doverstorp):
540 467 55 26 Ang.
610 473 25 14 en
650 467 203 20 sammanfattande
867 467 132 27 redogörelse

105 497 33 20 för
154 497 174 26 bränslefrågans
344 497 53 26 läge.

133 527 32 20 Nr
180 527 27 19 42
223 526 105 26 (Hagberg
341 526 5 20 i
360 526 96 26 Malmö):
472 527 53 25 Ang.
540 532 25 14 en
579 526 126 26 översiktlig
718 526 132 27 redogörelse
864 527 33 20 för
910 527 89 20 utveck-

105 556 71 26 lingen
188 556 40 20 och
239 556 58 26 läget
307 556 6 20 i
324 556 59 25 fråga
395 562 35 14 om
441 556 39 19 vår
491 556 260 26 livsmedelsförsörjning.

133 586 32 19 Nr
180 585 26 20 43
222 585 127 26 (Thapper):
368 585 55 26 Ang.
441 585 122 26 ersättning
581 585 33 20 för
631 585 67 20 skada
716 585 51 20 eller
784 585 102 26 sjukdom
905 585 93 26 ådragen

106 615 68 20 under
190 615 235 26 militärtjänstgöring.

134 674 31 20 Nr
183 675 6 19 1
209 673 74 26 (Sten):
301 674 54 26 Ang.
371 674 56 20 vissa
443 673 117 21 inträffade
576 674 195 26 olyckshändelser.

134 733 31 20 Nr
180 734 12 19 2
208 734 85 25 (Ström,
309 732 103 26 Fredrik):
427 733 54 26 Ang.
495 733 26 20 de
533 740 16 13 s.
560 733 20 20 k.
593 733 154 26 arbetslägren.

135 793 30 20 Nr
181 793 12 19 3
209 792 108 26 (Brandt):
331 792 54 26 Ang.
399 792 158 26 behandlingen
570 799 27 13 av
611 792 77 20 norska
701 792 119 27 flyktingar
832 792 6 20 i
850 793 93 26 Sverige.

134 823 31 19 Nr
180 822 12 20 4
208 822 124 25 (Petersson,
345 822 75 25 Knut):
432 822 54 26 Ang.
497 822 72 26 praxis
579 822 36 20 vid
626 822 133 20 besvarande
769 828 28 14 av
807 822 62 20 enkla
880 823 71 25 frågor
960 823 39 19 och

106 852 192 26 interpellationer.

134 882 31 20 Nr
180 882 12 19 5
208 882 105 25 (Hagberg
329 881 5 20 i
352 881 95 26 Malmö):
464 881 55 26 Ang.
536 881 107 20 eventuell
660 881 118 27 skärpning
793 888 27 14 av
837 882 25 20 de
879 881 5 20 i
900 882 99 26 gällande

105 911 139 26 lagstiftning
259 918 35 13 om
310 911 120 23 förräderi-,
446 912 114 25 sabotage-
575 911 39 20 och
629 911 156 26 spioneribrott
801 913 111 25 upptagna
927 912 73 19 straff-

105 942 106 19 satserna.

134 971 31 20 Nr
180 971 13 19 6
209 971 124 25 (Pettersson
352 970 5 20 i
377 970 72 26 Dahl):
468 971 54 25 Ang.
541 970 210 27 fodertilldelningen
770 970 31 20 till
819 971 54 20 höns
890 971 40 20 och
948 971 52 26 pris-

106 1000 126 26 sättningen
244 1000 26 26 på
282 1002 47 24 ägg.

136 1030 32 20 Nr
183 1030 11 20 7
210 1029 123 26 (Liedberg):
344 1030 55 26 Ang.
411 1029 162 26 framläggande
583 1036 28 13 av
622 1036 25 13 en
658 1030 97 20 översikt
765 1031 51 18 över
826 1030 26 20 de
863 1030 137 20 bestämmel-

106 1066 33 13 ser
153 1066 36 13 om
204 1059 258 26 krigskonjunkturskatt
474 1059 34 20 för
516 1059 58 26 jord-
585 1060 39 19 och
634 1059 127 26 skogsbruk,
772 1065 46 14 som
829 1060 73 19 kunna
912 1060 88 19 komma

106 1090 35 19 att
151 1089 120 26 föreläggas
282 1090 62 19 nästa
355 1089 34 20 års
400 1089 93 26 riksdag,
505 1095 28 14 m.
544 1095 28 13 m.

135 1119 31 20 Nr
181 1119 12 20 8
209 1118 158 26 (Henriksson):
380 1119 54 25 Ang.
447 1118 161 20 effektiviteten
620 1125 28 13 av
660 1119 126 20 nuvarande
798 1118 203 21 straffbestämmel-

106 1154 33 14 ser
148 1149 39 19 och
199 1148 163 20 bestämmelser
371 1154 35 14 om
416 1148 258 26 ersättningsskyldighet
683 1148 33 20 för
724 1155 16 13 s.
751 1148 20 20 k.
781 1148 171 26 kupongstölder
961 1149 39 19 och

107 1178 35 20 vid
155 1178 146 20 överträdelse
314 1184 28 14 av
353 1178 100 26 gällande
465 1178 152 26 förordningar
628 1184 34 14 om
675 1178 79 26 olovlig
766 1178 127 20 överlåtelse
904 1184 28 14 av
944 1178 56 20 vissa

106 1208 145 20 ransonerade
264 1213 70 14 varor.

134 1238 32 20 Nr
180 1238 13 19 9
209 1237 119 26 (Gezelius):
345 1237 55 26 Ang.
417 1237 163 26 lagstiftningen
597 1238 39 19 och
652 1237 200 26 lagtillämpningen
869 1237 5 20 i
890 1238 60 25 fråga
966 1244 34 13 om

106 1267 104 21 förräderi
222 1267 40 20 och
273 1267 68 20 andra
353 1267 32 20 för
396 1267 66 20 rikets
473 1267 101 20 säkerhet
584 1266 93 27 menliga
689 1267 66 20 brott.

134 1297 32 20 Nr
183 1297 24 20 10
223 1297 47 25 (von
281 1296 102 26 Friesen):
394 1297 54 25 Ang.
459 1296 164 21 förhållandena
632 1296 37 21 vid
679 1296 119 21 internatet
807 1297 121 26 Långmora
937 1303 62 14 m.m.

136 1356 31 20 Nr
185 1356 20 20 11
225 1355 107 27 (Wiberg):
345 1356 54 26 Ang.
412 1356 119 26 kristillägg
543 1355 31 21 till
587 1356 236 26 domsagonotarierna.

136 1416 32 19 Nr
186 1416 24 19 12
226 1414 83 27 (Hage):
325 1415 54 27 Ang.
395 1415 135 26 lagstiftning
544 1415 5 20 i
563 1415 57 26 syfte
634 1416 34 19 att
682 1415 110 20 förhindra
806 1422 26 13 en
846 1416 89 19 befarad
948 1416 53 19 kris-

108 1445 95 20 betonad
219 1445 167 26 hyresstegring.

135 1475 32 20 Nr
184 1475 24 20 13
224 1474 130 26 (Andersson
366 1474 6 20 i
384 1474 116 26 Vigelsbo):
513 1474 54 27 Ang.
579 1474 119 21 innehållet
708 1474 6 20 i
726 1474 40 20 den
778 1481 27 13 av
817 1474 184 21 livsmedelskom-

106 1504 117 21 missionen
245 1504 133 20 verkställda
400 1504 143 26 utredningen
564 1509 49 21 ang.
634 1504 57 20 årets
712 1504 228 20 skördeförhållanden
961 1505 39 19 och

106 1534 105 20 skördens
227 1534 141 20 ekonomiska
384 1534 85 25 utbyte.

135 1564 31 20 Nr
183 1563 24 20 14
224 1563 107 26 (Kyling):
348 1563 54 26 Ang.
419 1564 73 19 rätten
508 1563 32 20 till
556 1563 82 26 avdrag
654 1563 27 26 på
697 1563 69 26 grund
782 1570 28 13 av
827 1563 80 21 militär
923 1563 78 26 tjänst-

106 1593 76 27 göring
196 1593 68 20 under
277 1593 24 20 år
315 1593 59 20 1940.

135 1623 32 20 Nr
185 1623 23 19 15
225 1623 98 25 (Persson
336 1622 6 20 i
356 1622 142 26 Stockholm):
512 1623 55 26 Ang.
581 1629 16 13 s.
607 1623 21 19 k.
642 1622 208 27 arbetskompanier.

135 1682 32 20 Nr
184 1682 24 20 16
224 1681 118 27 (Skoglund
355 1681 6 21 i
375 1682 85 25 Umeå):
475 1682 55 26 Ang.
544 1682 181 26 genomförandet
738 1688 28 14 av
779 1688 26 14 en
819 1681 86 27 statligt
918 1682 83 20 ordnad

107 1711 278 27 fiskredskapsförsäkring.

135 1742 32 20 Nr
184 1742 24 19 17
224 1741 118 26 (Lundberg
356 1741 6 20 i
378 1741 112 26 Uppsala):
508 1740 114 21 Huruvida
637 1741 26 20 de
678 1741 114 27 principer,
807 1741 55 20 efter
875 1741 59 20 vilka
949 1741 53 26 pris-

107 1771 208 20 kontrollnämnden
329 1771 93 22 arbetar,
437 1773 37 18 äro
488 1770 50 21 fullt
550 1771 105 20 effektiva
670 1771 31 20 till
715 1771 154 20 förhindrande
883 1777 27 14 av
924 1771 77 20 omoti-

107 1801 80 20 verade
197 1800 195 27 prisförhöjningar
400 1802 61 19 samt
469 1806 49 21 ang.
529 1800 96 27 priserna
635 1801 27 26 på
672 1801 43 20 salt
724 1801 39 20 sill.

136 1831 32 20 Nr
185 1831 24 20 18
225 1831 109 25 (Hansson
355 1830 6 20 i
382 1830 109 26 Skediga):
513 1830 55 26 Ang.
589 1830 208 27 omsättningsskatt
817 1830 36 20 vid
875 1830 126 26 försäljning

107 1866 78 21 genom
199 1860 100 26 offentlig
312 1860 91 20 auktion
417 1861 58 19 samt
487 1860 12 20 å
513 1860 132 20 reservdelar
658 1860 32 20 till
704 1860 109 20 maskiner
825 1862 58 18 samt
895 1860 33 20 för
941 1866 60 14 mon-

107 1890 175 26 teringsarbetet.

136 1920 32 20 Nr
186 1920 23 19 19
225 1919 97 24 (Nilsson
339 1919 5 20 i
361 1918 142 27 Eskilstuna):
520 1919 54 26 Ang.
591 1919 267 26 rusdrycksutskänkning
873 1919 6 20 i
894 1919 106 21 samband

108 1950 49 19 med
168 1949 100 26 offentlig
278 1949 53 20 dans
342 1950 57 19 samt
409 1954 48 21 ang.
468 1955 26 14 en
504 1949 100 26 sanering
613 1955 28 14 av
651 1949 114 26 nöjeslivet
775 1949 6 20 i
791 1949 126 20 allmänhet.

136 1979 31 19 Nr
182 1979 27 20 20
225 1979 113 25 (Svensson
349 1978 5 20 i
364 1978 142 27 Ljungskile):
517 1978 54 26 Ang.
582 1979 50 20 stöd
642 1979 24 20 åt
675 1979 192 20 Landsförbundet
877 1979 33 20 för
919 1979 82 20 arbets-

107 2009 110 19 löshetens
229 2008 152 26 bekämpande
393 2009 57 19 samt
461 2013 49 21 ang.
521 2008 124 20 beaktande
654 2014 28 14 av
692 2008 26 20 de
728 2008 85 20 mindre
824 2008 65 20 fläsk-
901 2008 39 20 och
952 2010 49 24 ägg-

109 2038 185 26 producenternas
304 2037 106 20 intressen
420 2037 37 21 vid
468 2037 168 21 distributionen
646 2044 28 14 av
685 2038 37 20 det
731 2038 119 20 insamlade
861 2038 77 20 fodret.

136 2068 32 20 Nr
183 2068 23 19 21
226 2067 117 26 (Lundberg
358 2067 7 20 i
381 2067 160 26 Hälsingborg):
559 2067 102 21 Rörande
677 2067 190 21 bestämmelserna
883 2073 48 20 ang.
947 2067 55 20 mili-

109 2098 47 19 tära
172 2097 176 26 övningsledares
363 2097 276 26 skadeståndsskyldighet.

1020 184 25 20 År

1067 189 54 19 Prop.

1154 165 91 16 Motioner

1148 218 33 16 FK
1196 204 2 47 |
1212 218 34 16 AK

1302 165 80 16 Utskott

1268 205 84 46 Smilava

1377 219 26 16 Nr

1444 205 21 12 nr

1426 176 57 17 Skriv.

1544 166 94 16 Protokoll

1502 676 33 19 44:
1546 678 10 17 3

1502 705 32 20 48:
1546 705 25 20 2d

1501 735 33 20 48:
1546 737 10 17 8

1495 765 89 20 51:105d

1501 794 33 20 49:
1547 797 23 17 13

1501 824 33 20 50:
1545 826 10 17 7

1501 854 33 19 51:
1546 854 24 19 4d

1589 1228 2 4 |
1604 1238 33 20 44:
1650 1241 20 17 11

1602 380 55 19 348

1603 409 32 20 40:
1648 410 24 19 2d

1603 469 32 20 35:
1647 471 22 17 61

1603 498 32 20 40:
1647 499 38 19 20d

1603 528 33 20 35:
1647 530 24 18 62

1603 558 33 19 40:
1647 558 39 19 35d

1603 587 33 20 36:
1647 589 10 17 3

1603 616 33 21 43:
1649 617 23 20 1d

1602 913 33 20 50:
1648 913 38 20 16d

1608 972 28 20 14:
1647 974 11 17 3

1603 1002 33 20 50:
1647 1002 39 20 39d

1603 1061 33 20 48:
1649 1061 37 20 12d

1603 1120 33 20 44:
1648 1122 10 17 9

1603 1150 33 19 51:
1650 1150 36 20 11d

1604 1268 32 20 50:
1649 1269 37 19 16d

1604 1298 68 20 44:13

1604 1328 32 20 50:
1650 1328 23 20 1d

1604 1357 33 20 45:
1649 1359 24 18 28

1604 1387 32 20 50:
1648 1387 38 20 36d

1604 1416 33 21 45:
1648 1419 25 17 29

1604 1446 33 20 48:
1648 1446 24 20 3d

1604 1476 33 19 46:
1648 1478 25 17 38

1604 1564 33 20 46:
1648 1567 25 17 39

1604 1594 33 20 50:
1648 1595 39 19 32d

1604 1624 33 20 47:
1649 1626 10 17 2

1598 1654 90 20 51:111dj

1604 1683 33 21 47:
1648 1685 11 18 3

1604 1713 33 20 51:
1650 1712 38 21 16d/

1604 1742 33 20 47:
1648 1744 11 18 6

1604 1772 33 20 50:
1649 1772 38 20 45d

1604 1832 34 20 47:
1650 1834 23 17 16

1605 1861 33 21 50:
1649 1861 39 20 35d

1605 1920 33 21 48:
1651 1923 23 17 19

1599 1950 89 20 51:127d

1605 1980 33 20 48:
1650 1982 22 17 21

1605 2009 33 21 51:
1651 2009 37 20 13d

1605 2069 33 20 50:
1650 2070 9 18 7

1606 2098 32 20 51:
1649 2098 25 20 6d
