1853 2363
186 157 42 21 160
919 168 136 16 SAKREGISTER

1080 215 54 6 |

204 442 168 28 Avsöndringar
387 450 26 15 m.
430 451 26 14 m.

250 473 11 20 1
278 474 68 26 jämte
369 474 184 27 Båtsmanstorpet
576 483 25 13 nr
622 476 19 25 1,
658 478 31 19 ett
704 479 54 24 torp,
774 477 7 20 i
797 478 86 26 Risinge
899 478 77 20 socken
993 478 50 21 med

249 504 105 20 förbehåll
377 511 36 13 om
437 507 42 18 rätt
494 505 34 21 till
543 507 40 25 väg
598 506 33 20 för
647 508 69 25 torpet
732 507 76 20 Udden
824 509 49 19 över
888 508 154 26 huvudgården

249 536 56 18 samt
320 534 33 20 för
368 534 154 27 huvudgården
538 537 50 19 över
603 538 69 25 torpet
688 537 33 20 till
738 538 53 26 sjön.

192 592 24 16 14
234 588 37 20 RD
299 588 108 27 medgiver
433 589 127 27 försäljning
583 597 26 14 av
632 597 26 13 en
681 591 8 19 i
711 591 233 27 statsrådsprotokollet
966 592 77 21 omför-

249 618 59 21 mäld
331 619 148 26 torplägenhet
503 620 94 20 Getbron
620 627 35 13 om
681 621 62 20 7.652
761 621 75 21 hektar
851 622 48 20 från
915 622 126 27 kronoegen-

249 648 79 20 domen
345 649 11 20 1
374 650 81 20 mantal
471 650 139 21 Bondesätter
625 657 26 14 nr
668 651 10 20 1
696 651 7 20 i
719 651 85 26 Risinge
821 652 83 20 socken.

194 713 22 15 15
234 708 38 20 RD
288 708 115 27 medgiver,
415 712 31 18 att
457 709 44 21 dels
510 710 48 26 sju
543 704 11 38 i
567 710 232 27 statsrådsprotokollet
806 712 143 21 omförmälda
957 714 84 23 tomter,

249 738 46 20 dels
311 739 39 20 ock
367 740 36 19 två
417 740 7 19 i
440 746 83 14 samma
539 740 106 26 protokoll
661 741 92 26 angivna
768 741 122 27 lägenheter
906 749 34 13 om
957 743 84 26 respek-

249 769 43 20 tive
309 768 63 21 6.233
381 769 75 21 hektar
465 770 39 20 och
514 770 63 21 2.737
587 770 76 21 hektar
671 782 28 3 —
708 771 41 20 den
758 772 134 20 sistnämnda
903 772 49 21 med
961 773 81 20 kronan

248 798 95 27 tillhörig
359 801 61 24 stuga
435 811 29 3 —
479 801 36 19 må
531 800 199 26 kronoegendomen
746 801 13 20 8
775 802 81 20 mantal
872 802 114 26 Kungsbro
995 810 25 13 nr
1030 802 11 21 1

249 828 7 20 i
272 828 64 21 Vreta
352 829 96 21 Klosters
463 830 77 20 socken
556 831 124 26 frånskiljas
696 831 39 20 och
751 838 37 14 var
803 832 33 20 för
846 832 32 26 sig
888 832 98 27 försäljas
993 833 49 20 med

248 858 105 21 förbehåll
376 866 35 14 om
434 861 42 19 rätt
499 860 34 20 till
555 862 63 25 vägar
634 862 27 25 på
676 863 43 18 sätt
734 861 184 27 domänstyrelsen
934 862 109 26 föreslagit

249 891 56 18 samt
328 889 49 20 med
393 890 150 21 hembudsrätt
557 890 33 21 för
606 891 24 20 A.
647 891 24 20 L.
688 891 90 26 Ingvald
797 892 7 20 i
820 892 59 26 fråga
894 899 36 13 om
946 892 97 26 lägenhe-

249 920 35 19 ten
300 925 35 14 om
353 919 63 21 6.233
433 920 76 20 hektar
525 920 39 20 och
580 921 33 20 för
629 921 22 20 P.
668 921 25 20 A.
711 921 105 21 Svensson
832 922 132 21 beträffande
973 922 69 27 lägen-

249 948 63 21 heten
328 956 35 13 om
381 949 64 22 2.787
463 950 81 21 hektar.

192 1013 23 15 16
233 1008 38 20 RD
287 1009 113 26 medgiver,
417 1012 32 18 att
464 1010 88 21 aderton
568 1011 7 19 i
591 1011 232 27 statsrådsprotokollet
836 1012 144 21 omförmälda
990 1014 51 19 tom-

248 1041 32 18 ter
295 1046 26 13 av
336 1040 156 21 arrendelotten
508 1047 25 13 nr
551 1040 9 20 1
578 1041 19 20 A
613 1048 26 14 av
655 1041 77 27 Starby
748 1042 174 26 kungsladugård
932 1049 35 14 om
979 1042 63 27 101/,

248 1069 82 20 mantal
346 1069 6 20 i
369 1070 31 19 S:t
415 1070 49 20 Pers
480 1077 28 13 m.
526 1070 21 20 fl.
564 1070 90 21 socknar
669 1072 42 25 må,
728 1078 26 13 en
770 1078 37 14 var
828 1072 50 20 med
893 1072 86 20 område
990 1073 7 19 i
1008 1079 33 13 en-

247 1098 67 26 lighet
331 1099 49 20 med
396 1106 26 14 av
438 1100 233 26 departementschefen
688 1101 104 27 tillstyrkt
807 1102 85 26 förslag,
906 1102 46 20 från
966 1102 75 26 kungs-

248 1128 131 26 ladugården
396 1129 105 27 försäljas.

191 1186 23 16 17
232 1182 38 20 RD
286 1182 114 26 medgiver,
418 1185 31 19 att
464 1190 38 13 sex
517 1184 8 20 i
541 1184 230 27 statsrådsprotokollet
787 1185 143 21 omförmälda
943 1186 49 20 med
1000 1186 41 20 litt.

247 1212 39 26 Aa,
302 1212 37 24 Ba,
356 1213 36 25 Ca,
409 1213 38 25 Da,
464 1213 31 20 Ea
511 1214 39 20 och
566 1214 30 20 Fa
612 1214 130 21 betecknade
758 1215 63 20 lotter
837 1227 28 3 —
884 1215 117 26 utgörande
1012 1223 29 12 ar-

248 1242 133 21 rendelotten
400 1250 25 13 nr
442 1243 10 20 1
470 1243 17 20 B
503 1243 52 21 eller
570 1244 146 27 Kerstinstorp
733 1251 26 14 av
775 1245 78 26 Starby
868 1245 174 26 kungsladugård

248 1278 35 13 om
308 1270 56 30 10!/;
388 1273 82 20 mantal
485 1273 8 20 i
509 1273 30 21 S:t
557 1274 49 20 Pers
626 1281 28 13 m.
671 1274 21 20 fl.
709 1274 89 21 socknar
814 1286 28 3 —
859 1276 36 19 må
911 1282 37 14 var
962 1275 33 20 för
1011 1276 32 25 sig

248 1301 50 21 med
314 1302 86 21 område
416 1303 7 19 i
439 1303 114 21 huvudsak
569 1304 67 26 enligt
651 1304 272 27 uppskattningsmännens
936 1305 7 20 i
954 1305 89 20 berörda

248 1332 106 26 protokoll
370 1333 92 26 angivna
478 1333 210 27 styckningsförslag,
705 1334 55 21 dock
775 1334 50 21 med
841 1335 74 26 tillägg
930 1335 33 20 till
976 1335 66 20 lotten

248 1361 40 21 litt.
313 1362 32 20 Da
368 1369 26 13 av
417 1362 33 21 till
473 1365 40 24 väg
529 1365 68 19 avsett
612 1364 93 24 område,
722 1364 47 20 från
786 1364 201 27 kungsladugården
1003 1365 38 20 för-

248 1391 71 27 säljas,
344 1392 49 21 med
411 1392 150 22 hembudsrätt
576 1394 33 19 för
624 1394 124 20 chauffören
768 1395 24 20 A.
811 1394 101 27 Rudberg
927 1395 33 20 till
976 1395 66 20 lotten

249 1421 40 20 litt.
314 1422 30 20 Ba
367 1426 56 17 samt
442 1423 106 20 förbehåll
564 1423 132 21 beträffande
712 1424 66 20 lotten
795 1424 42 21 litt.
854 1426 32 19 Aa
902 1431 35 14 om
953 1426 42 19 rätt
1010 1425 33 20 för

249 1451 79 21 Motala
344 1453 77 20 ströms
439 1452 179 28 kraftaktiebolag
627 1455 31 19 att
667 1454 55 20 hava
733 1454 115 21 elektriska
858 1454 111 26 ledningar
979 1455 63 20 fram-

248 1481 79 26 dragna
349 1482 88 21 däröver
461 1483 66 26 enligt
550 1484 116 20 resolution
689 1484 41 20 den
747 1484 27 20 30
791 1485 121 26 september
929 1484 63 25 1921,
1010 1485 32 20 be-

248 1511 105 21 träffande
368 1512 67 21 lotten
451 1512 40 21 litt.
509 1513 32 20 Da
556 1520 36 14 om
608 1515 43 19 rätt
666 1514 33 20 för
714 1514 92 20 lotterna
822 1514 40 21 litt.
882 1514 29 21 Ca
919 1515 39 20 och
970 1515 31 20 Ea
1012 1516 31 19 att

249 1542 69 20 såsom
334 1542 119 26 utfartsväg
468 1543 47 20 fritt
530 1543 95 26 begagna
640 1544 144 20 omförmälda
799 1544 33 20 till
848 1546 41 24 väg
896 1544 93 21 avsedda
999 1551 43 14 om-

246 1571 49 20 råde
311 1574 56 18 samt
378 1572 132 21 beträffande
525 1573 68 21 lotten
609 1573 40 21 litt.
666 1574 31 20 Fa
712 1580 36 14 om
764 1576 42 18 rätt
816 1574 34 20 för
860 1574 100 27 samtliga
974 1574 68 26 lägen-

248 1601 60 21 heter
331 1602 33 20 till
388 1605 133 23 gemensamt
544 1603 136 26 begagnande
696 1610 27 15 av
738 1604 13 20 å
766 1604 67 20 lotten
849 1604 98 26 liggande
963 1606 79 19 vatten-

248 1631 63 21 källa.

217 1685 62 19 Inom
295 1684 134 28 Jönköpings
445 1686 45 20 län:

191 1719 23 15 18
232 1714 37 20 RD
286 1715 113 26 medgiver,
417 1718 31 18 att
464 1718 31 18 tre
511 1717 7 19 i
535 1716 233 27 statsrådsprotokollet
779 1717 148 25 omförmälda,
939 1717 49 21 med
1000 1717 41 21 litt.

247 1751 18 18 a,
282 1745 13 20 b
312 1745 39 20 och
368 1752 10 13 c
395 1745 130 21 betecknade
542 1746 122 26 lägenheter
680 1747 36 20 må
732 1754 36 13 var
784 1747 33 20 för
832 1748 32 25 sig
880 1747 50 20 med
945 1754 26 14 av
989 1754 51 20 upp:

246 1774 215 27 skattningsmännen
484 1776 114 26 föreslaget
616 1776 93 24 område,
727 1776 53 21 dock
797 1777 132 20 beträffande
945 1777 97 26 lägenhe-

246 1806 36 18 ten
298 1804 41 21 litt.
356 1805 13 20 b
386 1805 49 20 med
451 1806 74 26 tillägg
540 1813 26 13 av
582 1806 6 20 i
600 1806 84 21 samma
694 1807 106 26 protokoll
811 1807 85 26 angivet
907 1807 134 26 vägområde,

245 1834 47 20 från
308 1834 199 27 kronoegendomen
526 1834 41 29 1!/;
584 1836 82 20 mantal
683 1836 77 21 Strand
771 1844 25 13 nr
808 1837 10 20 1
831 1837 50 20 med
893 1837 88 20 Gissebo
993 1844 25 13 nr
1030 1837 10 20 1

245 1864 8 20 i
270 1864 111 21 Skärstads
398 1865 77 20 socken
491 1866 105 26 försäljas,
612 1866 50 20 med
677 1866 151 21 hembudsrätt
839 1867 33 20 för
882 1867 71 20 änkan
964 1867 79 20 Emma

246 1894 85 20 Nilsson
350 1895 34 20 till
402 1895 127 26 lägenheten
544 1896 41 20 litt.
603 1896 13 20 b
632 1898 56 19 samt
703 1896 50 21 med
769 1896 123 27 skyldighet
907 1897 33 20 för
955 1897 87 20 inneha-

246 1930 64 14 varen
326 1931 26 14 av
368 1925 127 26 lägenheten
510 1925 41 21 litt.
569 1926 13 20 b
598 1927 32 19 att
646 1926 34 20 till
696 1926 136 26 begagnande
848 1927 70 20 såsom
934 1928 41 24 väg
990 1933 52 20 upp-

246 1953 43 21 låta
313 1954 36 21 det
364 1955 7 19 i
388 1955 126 26 lägenheten
538 1955 110 27 ingående,
675 1956 33 20 för
731 1956 76 21 sådant
830 1956 100 21 ändamål
950 1956 93 21 avsedda

246 1984 93 20 område.

189 2042 24 15 19
231 2037 87 27 Förslag
340 2044 35 14 om
398 2038 127 28 försäljning
548 2046 26 14 av
598 2039 198 26 kronoegendomen
821 2040 11 20 1
852 2040 81 21 mantal
949 2041 94 20 Hättebo

246 2074 25 13 nr
288 2067 11 20 1
316 2068 8 20 i
340 2068 83 26 Nydala
439 2069 78 20 socken
533 2069 76 21 avslås.

1074 262 22 145 1883epsAIA

1132 309 17 105 198[9ALIYS
1132 250 17 47 I0]9

1151 380 17 53 ”doad
1151 307 22 65 s):fem
1151 232 22 70 T3unY

1189 286 95 18 Motioner

1346 258 95 18 Utskotts-

1334 287 113 19 utlåtanden

1311 317 47 18 eller
1370 318 98 18 memorial

1513 240 54 18 Riks-

1503 270 73 23 dagens

1517 300 47 18 skri-

1510 331 63 17 velser

1633 271 118 18 Kamrarnas

1618 301 146 23 förhandlingar

1194 395 32 16 FK

1244 395 36 17 AK

1304 377 17 58 Tueg

1345 383 18 49 "PAY

1399 396 17 17 24

1399 414 11 9 =

1458 386 18 45 eps

1512 396 17 27 IN

1560 387 17 45 BPpIS

1606 385 68 18 Första

1603 409 70 18 kamm.

1707 385 66 18 Andra

1704 410 71 17 kamm.

1058 478 56 21 1924

1137 593 27 20 35

1133 628 34 22 Pp.7

1137 713 27 20 72

1134 748 33 23 p.3

1130 1012 41 21 158

1133 1048 33 22 på

1130 1186 41 20 158

1133 1220 34 23 p.2

1137 1717 27 20 12

1133 1752 34 23 p.2

1130 2040 42 20 158

1133 2075 34 22 p.7

1296 594 25 20 10

1296 714 25 20 10

1296 1013 26 21 10

1295 1187 26 20 10

1295 1717 27 20 10

1296 2040 26 21 10

1401 595 25 20 11

1400 715 27 20 22

1401 1014 27 20 70

1400 1187 27 21 70

1400 2041 27 20 70

1474 715 101 21 714111

1475 1014 67 21 11291)
1568 1020 8 15 1

1474 1187 67 22 21291]
1568 1193 8 15 1

1474 2041 67 20 41291]
1567 2046 10 15 38

1608 596 33 20 18:
1652 601 25 15 28

1608 716 33 20 26:
1652 721 25 15 52

1607 1015 34 20 43:
1653 1019 24 16 68

1607 1188 34 20 43:
1653 1193 24 16 68

1608 1719 32 20 10:
1651 1724 24 15 54

1607 2042 34 20 43:
1652 2046 25 16 68

1710 597 33 20 17:
1754 602 24 15 38

1709 717 34 20 26:
1755 722 22 15 14

1702 1016 82 21 42:121

1701 1190 34 20 42:
1747 1194 37 16 121

1708 1718 55 21 9:68

1701 2038 34 34 42:
1739 2038 46 34 112
