<?xml version="1.0" encoding="UTF-8"?>
<alto xmlns="http://www.loc.gov/standards/alto/ns-v3#" xmlns:xlink="http://www.w3.org/1999/xlink" xmlns:xsi="http://www.w3.org/2001/XMLSchema-instance" xsi:schemaLocation="http://www.loc.gov/standards/alto/ns-v3# http://www.loc.gov/alto/v3/alto-3-0.xsd">
	<Description>
		<MeasurementUnit>pixel</MeasurementUnit>
		<sourceImageInformation>
			<fileName></fileName>
		</sourceImageInformation>
		<OCRProcessing ID="OCR_0">
			<ocrProcessingStep>
				<processingSoftware>
					<softwareName>tesseract 4.1.1</softwareName>
				</processingSoftware>
			</ocrProcessingStep>
		</OCRProcessing>
	</Description>
	<Layout>
		<Page WIDTH="1846" HEIGHT="2348" PHYSICAL_IMG_NR="0" ID="page_0">
			<PrintSpace HPOS="0" VPOS="0" WIDTH="1846" HEIGHT="2348">
				<ComposedBlock ID="cblock_0" HPOS="1638" VPOS="70" WIDTH="43" HEIGHT="21">
					<TextBlock ID="block_0" HPOS="1638" VPOS="70" WIDTH="43" HEIGHT="21">
						<TextLine ID="line_0" HPOS="1638" VPOS="70" WIDTH="43" HEIGHT="21">
							<String ID="string_0" HPOS="1638" VPOS="70" WIDTH="43" HEIGHT="21" WC="0.96" CONTENT="489"/>
						</TextLine>
					</TextBlock>
				</ComposedBlock>
				<ComposedBlock ID="cblock_1" HPOS="75" VPOS="126" WIDTH="1605" HEIGHT="19">
					<TextBlock ID="block_1" HPOS="75" VPOS="126" WIDTH="1605" HEIGHT="19">
						<TextLine ID="line_1" HPOS="75" VPOS="126" WIDTH="1605" HEIGHT="19">
							<String ID="string_1" HPOS="75" VPOS="126" WIDTH="1605" HEIGHT="19" WC="0.95" CONTENT=" "/>
						</TextLine>
					</TextBlock>
				</ComposedBlock>
				<ComposedBlock ID="cblock_2" HPOS="77" VPOS="132" WIDTH="11" HEIGHT="1980">
					<TextBlock ID="block_2" HPOS="77" VPOS="132" WIDTH="11" HEIGHT="1980">
						<TextLine ID="line_2" HPOS="77" VPOS="132" WIDTH="11" HEIGHT="1980">
							<String ID="string_2" HPOS="77" VPOS="132" WIDTH="11" HEIGHT="1980" WC="0.95" CONTENT=" "/>
						</TextLine>
					</TextBlock>
				</ComposedBlock>
				<ComposedBlock ID="cblock_3" HPOS="1" VPOS="1556" WIDTH="9" HEIGHT="598">
					<TextBlock ID="block_3" HPOS="1" VPOS="1556" WIDTH="9" HEIGHT="598">
						<TextLine ID="line_3" HPOS="1" VPOS="1556" WIDTH="9" HEIGHT="598">
							<String ID="string_3" HPOS="1" VPOS="1556" WIDTH="9" HEIGHT="598" WC="0.95" CONTENT=" "/>
						</TextLine>
					</TextBlock>
				</ComposedBlock>
				<ComposedBlock ID="cblock_4" HPOS="95" VPOS="282" WIDTH="897" HEIGHT="805">
					<TextBlock ID="block_4" HPOS="95" VPOS="282" WIDTH="673" HEIGHT="62">
						<TextLine ID="line_4" HPOS="96" VPOS="282" WIDTH="672" HEIGHT="27">
							<String ID="string_4" HPOS="96" VPOS="282" WIDTH="277" HEIGHT="23" WC="0.37" CONTENT="IMPORTREGLERING:;"/><SP WIDTH="12" VPOS="282" HPOS="373"/>
							<String ID="string_5" HPOS="385" VPOS="289" WIDTH="20" HEIGHT="13" WC="0.96" CONTENT="se"/><SP WIDTH="13" VPOS="289" HPOS="405"/>
							<String ID="string_6" HPOS="418" VPOS="282" WIDTH="144" HEIGHT="23" WC="0.95" CONTENT="Meddelande,"/><SP WIDTH="14" VPOS="282" HPOS="562"/>
							<String ID="string_7" HPOS="576" VPOS="283" WIDTH="102" HEIGHT="26" WC="0.96" CONTENT="Muntligt"/><SP WIDTH="11" VPOS="283" HPOS="678"/>
							<String ID="string_8" HPOS="689" VPOS="283" WIDTH="79" HEIGHT="25" WC="0.96" CONTENT="(1947)."/>
						</TextLine>
						<TextLine ID="line_5" HPOS="95" VPOS="324" WIDTH="375" HEIGHT="20">
							<String ID="string_9" HPOS="95" VPOS="324" WIDTH="375" HEIGHT="20" WC="0.89" CONTENT="IMPORTSUBVENTIONERING."/>
						</TextLine>
					</TextBlock>
					<TextBlock ID="block_5" HPOS="96" VPOS="360" WIDTH="895" HEIGHT="352">
						<TextLine ID="line_6" HPOS="125" VPOS="360" WIDTH="865" HEIGHT="27">
							<String ID="string_10" HPOS="125" VPOS="360" WIDTH="41" HEIGHT="19" WC="0.89" CONTENT="RD"/><SP WIDTH="12" VPOS="360" HPOS="166"/>
							<String ID="string_11" HPOS="178" VPOS="360" WIDTH="142" HEIGHT="25" WC="0.91" CONTENT="bemyndigar"/><SP WIDTH="11" VPOS="360" HPOS="320"/>
							<String ID="string_12" HPOS="331" VPOS="360" WIDTH="63" HEIGHT="20" WC="0.91" CONTENT="KM:t"/><SP WIDTH="9" VPOS="360" HPOS="394"/>
							<String ID="string_13" HPOS="403" VPOS="361" WIDTH="34" HEIGHT="19" WC="0.96" CONTENT="att"/><SP WIDTH="10" VPOS="361" HPOS="437"/>
							<String ID="string_14" HPOS="447" VPOS="360" WIDTH="55" HEIGHT="20" WC="0.95" CONTENT="intill"/><SP WIDTH="11" VPOS="360" HPOS="502"/>
							<String ID="string_15" HPOS="513" VPOS="360" WIDTH="40" HEIGHT="20" WC="0.96" CONTENT="den"/><SP WIDTH="14" VPOS="360" HPOS="553"/>
							<String ID="string_16" HPOS="567" VPOS="360" WIDTH="6" HEIGHT="20" WC="0.95" CONTENT="1"/><SP WIDTH="12" VPOS="360" HPOS="573"/>
							<String ID="string_17" HPOS="585" VPOS="360" WIDTH="39" HEIGHT="25" WC="0.95" CONTENT="juli"/><SP WIDTH="12" VPOS="360" HPOS="624"/>
							<String ID="string_18" HPOS="636" VPOS="360" WIDTH="52" HEIGHT="21" WC="0.96" CONTENT="1950"/><SP WIDTH="10" VPOS="360" HPOS="688"/>
							<String ID="string_19" HPOS="698" VPOS="360" WIDTH="6" HEIGHT="20" WC="0.96" CONTENT="i"/><SP WIDTH="10" VPOS="360" HPOS="704"/>
							<String ID="string_20" HPOS="714" VPOS="361" WIDTH="41" HEIGHT="19" WC="0.96" CONTENT="den"/><SP WIDTH="11" VPOS="361" HPOS="755"/>
							<String ID="string_21" HPOS="766" VPOS="361" WIDTH="151" HEIGHT="26" WC="0.93" CONTENT="utsträckning"/><SP WIDTH="11" VPOS="361" HPOS="917"/>
							<String ID="string_22" HPOS="928" VPOS="362" WIDTH="62" HEIGHT="19" WC="0.91" CONTENT="KM:t"/>
						</TextLine>
						<TextLine ID="line_7" HPOS="96" VPOS="389" WIDTH="892" HEIGHT="28">
							<String ID="string_23" HPOS="96" VPOS="389" WIDTH="70" HEIGHT="20" WC="0.96" CONTENT="finner"/><SP WIDTH="15" VPOS="389" HPOS="166"/>
							<String ID="string_24" HPOS="181" VPOS="389" WIDTH="99" HEIGHT="26" WC="0.96" CONTENT="lämpligt"/><SP WIDTH="16" VPOS="389" HPOS="280"/>
							<String ID="string_25" HPOS="296" VPOS="390" WIDTH="83" HEIGHT="19" WC="0.96" CONTENT="besluta"/><SP WIDTH="16" VPOS="390" HPOS="379"/>
							<String ID="string_26" HPOS="395" VPOS="396" WIDTH="34" HEIGHT="13" WC="0.93" CONTENT="om"/><SP WIDTH="16" VPOS="396" HPOS="429"/>
							<String ID="string_27" HPOS="445" VPOS="390" WIDTH="141" HEIGHT="20" WC="0.91" CONTENT="överförande"/><SP WIDTH="16" VPOS="390" HPOS="586"/>
							<String ID="string_28" HPOS="602" VPOS="396" WIDTH="27" HEIGHT="13" WC="0.96" CONTENT="av"/><SP WIDTH="17" VPOS="396" HPOS="629"/>
							<String ID="string_29" HPOS="646" VPOS="390" WIDTH="45" HEIGHT="23" WC="0.92" CONTENT="tull,"/><SP WIDTH="16" VPOS="390" HPOS="691"/>
							<String ID="string_30" HPOS="707" VPOS="390" WIDTH="126" HEIGHT="27" WC="0.90" CONTENT="tilläggstull"/><SP WIDTH="15" VPOS="390" HPOS="833"/>
							<String ID="string_31" HPOS="848" VPOS="391" WIDTH="39" HEIGHT="20" WC="0.96" CONTENT="och"/><SP WIDTH="16" VPOS="391" HPOS="887"/>
							<String ID="string_32" HPOS="903" VPOS="391" WIDTH="60" HEIGHT="20" WC="0.92" CONTENT="skatt"/><SP WIDTH="15" VPOS="391" HPOS="963"/>
							<String ID="string_33" HPOS="978" VPOS="392" WIDTH="10" HEIGHT="18" WC="0.89" CONTENT="å"/>
						</TextLine>
						<TextLine ID="line_8" HPOS="96" VPOS="419" WIDTH="894" HEIGHT="27">
							<String ID="string_34" HPOS="96" VPOS="419" WIDTH="59" HEIGHT="20" WC="0.96" CONTENT="kaffe"/><SP WIDTH="12" VPOS="419" HPOS="155"/>
							<String ID="string_35" HPOS="167" VPOS="419" WIDTH="32" HEIGHT="20" WC="0.93" CONTENT="till"/><SP WIDTH="13" VPOS="419" HPOS="199"/>
							<String ID="string_36" HPOS="212" VPOS="419" WIDTH="157" HEIGHT="25" WC="0.90" CONTENT="clearingkassa"/><SP WIDTH="13" VPOS="419" HPOS="369"/>
							<String ID="string_37" HPOS="382" VPOS="420" WIDTH="32" HEIGHT="19" WC="0.96" CONTENT="för"/><SP WIDTH="8" VPOS="420" HPOS="414"/>
							<String ID="string_38" HPOS="422" VPOS="420" WIDTH="65" HEIGHT="22" WC="0.96" CONTENT="kaffe,"/><SP WIDTH="9" VPOS="420" HPOS="487"/>
							<String ID="string_39" HPOS="496" VPOS="420" WIDTH="126" HEIGHT="26" WC="0.96" CONTENT="godkänner"/><SP WIDTH="8" VPOS="420" HPOS="622"/>
							<String ID="string_40" HPOS="630" VPOS="420" WIDTH="26" HEIGHT="19" WC="0.96" CONTENT="de"/><SP WIDTH="8" VPOS="420" HPOS="656"/>
							<String ID="string_41" HPOS="664" VPOS="420" WIDTH="107" HEIGHT="26" WC="0.96" CONTENT="riktlinjer"/><SP WIDTH="8" VPOS="420" HPOS="771"/>
							<String ID="string_42" HPOS="779" VPOS="421" WIDTH="32" HEIGHT="19" WC="0.96" CONTENT="för"/><SP WIDTH="9" VPOS="421" HPOS="811"/>
							<String ID="string_43" HPOS="820" VPOS="421" WIDTH="170" HEIGHT="20" WC="0.95" CONTENT="handhavandet"/>
						</TextLine>
						<TextLine ID="line_9" HPOS="96" VPOS="449" WIDTH="893" HEIGHT="26">
							<String ID="string_44" HPOS="96" VPOS="455" WIDTH="27" HEIGHT="14" WC="0.93" CONTENT="av"/><SP WIDTH="11" VPOS="455" HPOS="123"/>
							<String ID="string_45" HPOS="134" VPOS="449" WIDTH="302" HEIGHT="26" WC="0.90" CONTENT="importsubventioneringen"/><SP WIDTH="11" VPOS="449" HPOS="436"/>
							<String ID="string_46" HPOS="447" VPOS="450" WIDTH="68" HEIGHT="19" WC="0.96" CONTENT="under"/><SP WIDTH="10" VPOS="450" HPOS="515"/>
							<String ID="string_47" HPOS="525" VPOS="449" WIDTH="129" HEIGHT="26" WC="0.93" CONTENT="budgetåret"/><SP WIDTH="11" VPOS="449" HPOS="654"/>
							<String ID="string_48" HPOS="665" VPOS="450" WIDTH="96" HEIGHT="25" WC="0.92" CONTENT="1949/50,"/><SP WIDTH="10" VPOS="450" HPOS="761"/>
							<String ID="string_49" HPOS="771" VPOS="456" WIDTH="45" HEIGHT="14" WC="0.96" CONTENT="som"/><SP WIDTH="10" VPOS="456" HPOS="816"/>
							<String ID="string_50" HPOS="826" VPOS="457" WIDTH="27" HEIGHT="13" WC="0.92" CONTENT="av"/><SP WIDTH="11" VPOS="457" HPOS="853"/>
							<String ID="string_51" HPOS="864" VPOS="452" WIDTH="15" HEIGHT="18" WC="0.92" CONTENT="t."/><SP WIDTH="11" VPOS="452" HPOS="879"/>
							<String ID="string_52" HPOS="890" VPOS="451" WIDTH="14" HEIGHT="19" WC="0.91" CONTENT="f."/><SP WIDTH="10" VPOS="451" HPOS="904"/>
							<String ID="string_53" HPOS="914" VPOS="451" WIDTH="75" HEIGHT="20" WC="0.96" CONTENT="chefen"/>
						</TextLine>
						<TextLine ID="line_10" HPOS="97" VPOS="479" WIDTH="893" HEIGHT="27">
							<String ID="string_54" HPOS="97" VPOS="479" WIDTH="32" HEIGHT="19" WC="0.92" CONTENT="för"/><SP WIDTH="20" VPOS="479" HPOS="129"/>
							<String ID="string_55" HPOS="149" VPOS="479" WIDTH="373" HEIGHT="26" WC="0.91" CONTENT="folkhushållningsdepartementet"/><SP WIDTH="18" VPOS="479" HPOS="522"/>
							<String ID="string_56" HPOS="540" VPOS="479" WIDTH="95" HEIGHT="26" WC="0.96" CONTENT="angivits"/><SP WIDTH="19" VPOS="479" HPOS="635"/>
							<String ID="string_57" HPOS="654" VPOS="479" WIDTH="5" HEIGHT="20" WC="0.93" CONTENT="i"/><SP WIDTH="20" VPOS="479" HPOS="659"/>
							<String ID="string_58" HPOS="679" VPOS="480" WIDTH="241" HEIGHT="26" WC="0.91" CONTENT="statsrådsprotokollet"/><SP WIDTH="19" VPOS="480" HPOS="920"/>
							<String ID="string_59" HPOS="939" VPOS="482" WIDTH="51" HEIGHT="18" WC="0.96" CONTENT="över"/>
						</TextLine>
						<TextLine ID="line_11" HPOS="97" VPOS="508" WIDTH="892" HEIGHT="28">
							<String ID="string_60" HPOS="97" VPOS="508" WIDTH="292" HEIGHT="26" WC="0.89" CONTENT="folkhushållningsärenden"/><SP WIDTH="11" VPOS="508" HPOS="389"/>
							<String ID="string_61" HPOS="400" VPOS="509" WIDTH="33" HEIGHT="19" WC="0.96" CONTENT="för"/><SP WIDTH="10" VPOS="509" HPOS="433"/>
							<String ID="string_62" HPOS="443" VPOS="509" WIDTH="40" HEIGHT="19" WC="0.96" CONTENT="den"/><SP WIDTH="11" VPOS="509" HPOS="483"/>
							<String ID="string_63" HPOS="494" VPOS="509" WIDTH="23" HEIGHT="19" WC="0.96" CONTENT="21"/><SP WIDTH="14" VPOS="509" HPOS="517"/>
							<String ID="string_64" HPOS="531" VPOS="509" WIDTH="45" HEIGHT="19" WC="0.96" CONTENT="okt."/><SP WIDTH="14" VPOS="509" HPOS="576"/>
							<String ID="string_65" HPOS="590" VPOS="509" WIDTH="51" HEIGHT="20" WC="0.96" CONTENT="1949"/><SP WIDTH="10" VPOS="509" HPOS="641"/>
							<String ID="string_66" HPOS="651" VPOS="511" WIDTH="58" HEIGHT="18" WC="0.96" CONTENT="samt"/><SP WIDTH="10" VPOS="511" HPOS="709"/>
							<String ID="string_67" HPOS="719" VPOS="509" WIDTH="87" HEIGHT="20" WC="0.93" CONTENT="anvisar"/><SP WIDTH="10" VPOS="509" HPOS="806"/>
							<String ID="string_68" HPOS="816" VPOS="510" WIDTH="11" HEIGHT="19" WC="0.92" CONTENT="å"/><SP WIDTH="12" VPOS="510" HPOS="827"/>
							<String ID="string_69" HPOS="839" VPOS="510" WIDTH="131" HEIGHT="26" WC="0.92" CONTENT="tilläggsstat"/><SP WIDTH="13" VPOS="510" HPOS="970"/>
							<String ID="string_70" HPOS="983" VPOS="510" WIDTH="6" HEIGHT="20" WC="0.96" CONTENT="I"/>
						</TextLine>
						<TextLine ID="line_12" HPOS="98" VPOS="538" WIDTH="893" HEIGHT="28">
							<String ID="string_71" HPOS="98" VPOS="538" WIDTH="30" HEIGHT="20" WC="0.93" CONTENT="till"/><SP WIDTH="11" VPOS="538" HPOS="128"/>
							<String ID="string_72" HPOS="139" VPOS="538" WIDTH="194" HEIGHT="25" WC="0.91" CONTENT="subventionering"/><SP WIDTH="9" VPOS="538" HPOS="333"/>
							<String ID="string_73" HPOS="342" VPOS="544" WIDTH="28" HEIGHT="14" WC="0.96" CONTENT="av"/><SP WIDTH="11" VPOS="544" HPOS="370"/>
							<String ID="string_74" HPOS="381" VPOS="538" WIDTH="101" HEIGHT="20" WC="0.96" CONTENT="införseln"/><SP WIDTH="11" VPOS="538" HPOS="482"/>
							<String ID="string_75" HPOS="493" VPOS="545" WIDTH="27" HEIGHT="13" WC="0.96" CONTENT="av"/><SP WIDTH="11" VPOS="545" HPOS="520"/>
							<String ID="string_76" HPOS="531" VPOS="538" WIDTH="56" HEIGHT="20" WC="0.96" CONTENT="vissa"/><SP WIDTH="12" VPOS="538" HPOS="587"/>
							<String ID="string_77" HPOS="599" VPOS="545" WIDTH="63" HEIGHT="13" WC="0.96" CONTENT="varor"/><SP WIDTH="9" VPOS="545" HPOS="662"/>
							<String ID="string_78" HPOS="671" VPOS="539" WIDTH="27" HEIGHT="19" WC="0.96" CONTENT="90"/><SP WIDTH="9" VPOS="539" HPOS="698"/>
							<String ID="string_79" HPOS="707" VPOS="539" WIDTH="41" HEIGHT="20" WC="0.96" CONTENT="000"/><SP WIDTH="9" VPOS="539" HPOS="748"/>
							<String ID="string_80" HPOS="757" VPOS="540" WIDTH="41" HEIGHT="19" WC="0.95" CONTENT="000"/><SP WIDTH="10" VPOS="540" HPOS="798"/>
							<String ID="string_81" HPOS="808" VPOS="540" WIDTH="31" HEIGHT="19" WC="0.93" CONTENT="kr."/><SP WIDTH="11" VPOS="540" HPOS="839"/>
							<String ID="string_82" HPOS="850" VPOS="540" WIDTH="34" HEIGHT="25" WC="0.92" CONTENT="(r),"/><SP WIDTH="12" VPOS="540" HPOS="884"/>
							<String ID="string_83" HPOS="896" VPOS="540" WIDTH="31" HEIGHT="19" WC="0.93" CONTENT="till"/><SP WIDTH="12" VPOS="540" HPOS="927"/>
							<String ID="string_84" HPOS="939" VPOS="540" WIDTH="52" HEIGHT="26" WC="0.92" CONTENT="pris-"/>
						</TextLine>
						<TextLine ID="line_13" HPOS="97" VPOS="567" WIDTH="893" HEIGHT="28">
							<String ID="string_85" HPOS="97" VPOS="567" WIDTH="142" HEIGHT="26" WC="0.93" CONTENT="nedsättning"/><SP WIDTH="14" VPOS="567" HPOS="239"/>
							<String ID="string_86" HPOS="253" VPOS="568" WIDTH="11" HEIGHT="19" WC="0.91" CONTENT="å"/><SP WIDTH="16" VPOS="568" HPOS="264"/>
							<String ID="string_87" HPOS="280" VPOS="568" WIDTH="56" HEIGHT="19" WC="0.96" CONTENT="vissa"/><SP WIDTH="16" VPOS="568" HPOS="336"/>
							<String ID="string_88" HPOS="352" VPOS="568" WIDTH="111" HEIGHT="19" WC="0.96" CONTENT="livsmedel"/><SP WIDTH="15" VPOS="568" HPOS="463"/>
							<String ID="string_89" HPOS="478" VPOS="568" WIDTH="26" HEIGHT="19" WC="0.96" CONTENT="63"/><SP WIDTH="9" VPOS="568" HPOS="504"/>
							<String ID="string_90" HPOS="513" VPOS="568" WIDTH="41" HEIGHT="19" WC="0.95" CONTENT="000"/><SP WIDTH="9" VPOS="568" HPOS="554"/>
							<String ID="string_91" HPOS="563" VPOS="568" WIDTH="41" HEIGHT="19" WC="0.95" CONTENT="000"/><SP WIDTH="14" VPOS="568" HPOS="604"/>
							<String ID="string_92" HPOS="618" VPOS="568" WIDTH="31" HEIGHT="19" WC="0.92" CONTENT="kr."/><SP WIDTH="16" VPOS="568" HPOS="649"/>
							<String ID="string_93" HPOS="665" VPOS="568" WIDTH="28" HEIGHT="25" WC="0.92" CONTENT="(r)"/><SP WIDTH="15" VPOS="568" HPOS="693"/>
							<String ID="string_94" HPOS="708" VPOS="570" WIDTH="57" HEIGHT="18" WC="0.95" CONTENT="samt"/><SP WIDTH="15" VPOS="570" HPOS="765"/>
							<String ID="string_95" HPOS="780" VPOS="569" WIDTH="31" HEIGHT="19" WC="0.93" CONTENT="till"/><SP WIDTH="16" VPOS="569" HPOS="811"/>
							<String ID="string_96" HPOS="827" VPOS="569" WIDTH="137" HEIGHT="26" WC="0.75" CONTENT="prisclearing"/><SP WIDTH="15" VPOS="569" HPOS="964"/>
							<String ID="string_97" HPOS="979" VPOS="570" WIDTH="11" HEIGHT="19" WC="0.91" CONTENT="å"/>
						</TextLine>
						<TextLine ID="line_14" HPOS="96" VPOS="597" WIDTH="895" HEIGHT="28">
							<String ID="string_98" HPOS="96" VPOS="597" WIDTH="59" HEIGHT="19" WC="0.96" CONTENT="kaffe"/><SP WIDTH="13" VPOS="597" HPOS="155"/>
							<String ID="string_99" HPOS="168" VPOS="597" WIDTH="24" HEIGHT="19" WC="0.95" CONTENT="17"/><SP WIDTH="9" VPOS="597" HPOS="192"/>
							<String ID="string_100" HPOS="201" VPOS="597" WIDTH="41" HEIGHT="19" WC="0.95" CONTENT="000"/><SP WIDTH="9" VPOS="597" HPOS="242"/>
							<String ID="string_101" HPOS="251" VPOS="598" WIDTH="41" HEIGHT="18" WC="0.95" CONTENT="000"/><SP WIDTH="10" VPOS="598" HPOS="292"/>
							<String ID="string_102" HPOS="302" VPOS="597" WIDTH="31" HEIGHT="19" WC="0.92" CONTENT="kr."/><SP WIDTH="11" VPOS="597" HPOS="333"/>
							<String ID="string_103" HPOS="344" VPOS="597" WIDTH="34" HEIGHT="25" WC="0.92" CONTENT="(r);"/><SP WIDTH="12" VPOS="597" HPOS="378"/>
							<String ID="string_104" HPOS="390" VPOS="597" WIDTH="39" HEIGHT="20" WC="0.93" CONTENT="och"/><SP WIDTH="11" VPOS="597" HPOS="429"/>
							<String ID="string_105" HPOS="440" VPOS="597" WIDTH="143" HEIGHT="26" WC="0.90" CONTENT="bemyndigar"/><SP WIDTH="10" VPOS="597" HPOS="583"/>
							<String ID="string_106" HPOS="593" VPOS="598" WIDTH="41" HEIGHT="19" WC="0.90" CONTENT="RD"/><SP WIDTH="12" VPOS="598" HPOS="634"/>
							<String ID="string_107" HPOS="646" VPOS="598" WIDTH="62" HEIGHT="19" WC="0.91" CONTENT="KM:t"/><SP WIDTH="9" VPOS="598" HPOS="708"/>
							<String ID="string_108" HPOS="717" VPOS="599" WIDTH="41" HEIGHT="22" WC="0.96" CONTENT="att,"/><SP WIDTH="12" VPOS="599" HPOS="758"/>
							<String ID="string_109" HPOS="770" VPOS="598" WIDTH="4" HEIGHT="19" WC="0.96" CONTENT="i"/><SP WIDTH="11" VPOS="598" HPOS="774"/>
							<String ID="string_110" HPOS="785" VPOS="598" WIDTH="41" HEIGHT="20" WC="0.95" CONTENT="den"/><SP WIDTH="10" VPOS="598" HPOS="826"/>
							<String ID="string_111" HPOS="836" VPOS="599" WIDTH="50" HEIGHT="19" WC="0.95" CONTENT="mån"/><SP WIDTH="11" VPOS="599" HPOS="886"/>
							<String ID="string_112" HPOS="897" VPOS="598" WIDTH="31" HEIGHT="20" WC="0.93" CONTENT="till"/><SP WIDTH="11" VPOS="598" HPOS="928"/>
							<String ID="string_113" HPOS="939" VPOS="598" WIDTH="52" HEIGHT="27" WC="0.92" CONTENT="pris-"/>
						</TextLine>
						<TextLine ID="line_15" HPOS="97" VPOS="626" WIDTH="894" HEIGHT="26">
							<String ID="string_114" HPOS="97" VPOS="626" WIDTH="93" HEIGHT="26" WC="0.93" CONTENT="clearing"/><SP WIDTH="11" VPOS="626" HPOS="190"/>
							<String ID="string_115" HPOS="201" VPOS="627" WIDTH="11" HEIGHT="19" WC="0.93" CONTENT="å"/><SP WIDTH="11" VPOS="627" HPOS="212"/>
							<String ID="string_116" HPOS="223" VPOS="627" WIDTH="58" HEIGHT="19" WC="0.96" CONTENT="kaffe"/><SP WIDTH="11" VPOS="627" HPOS="281"/>
							<String ID="string_117" HPOS="292" VPOS="627" WIDTH="96" HEIGHT="19" WC="0.96" CONTENT="avsedda"/><SP WIDTH="11" VPOS="627" HPOS="388"/>
							<String ID="string_118" HPOS="399" VPOS="627" WIDTH="69" HEIGHT="19" WC="0.96" CONTENT="medel"/><SP WIDTH="11" VPOS="627" HPOS="468"/>
							<String ID="string_119" HPOS="479" VPOS="627" WIDTH="45" HEIGHT="19" WC="0.93" CONTENT="icke"/><SP WIDTH="11" VPOS="627" HPOS="524"/>
							<String ID="string_120" HPOS="535" VPOS="627" WIDTH="64" HEIGHT="20" WC="0.92" CONTENT="förslå"/><SP WIDTH="12" VPOS="627" HPOS="599"/>
							<String ID="string_121" HPOS="611" VPOS="628" WIDTH="32" HEIGHT="19" WC="0.96" CONTENT="för"/><SP WIDTH="10" VPOS="628" HPOS="643"/>
							<String ID="string_122" HPOS="653" VPOS="627" WIDTH="132" HEIGHT="23" WC="0.96" CONTENT="ändamålet,"/><SP WIDTH="11" VPOS="627" HPOS="785"/>
							<String ID="string_123" HPOS="796" VPOS="628" WIDTH="33" HEIGHT="19" WC="0.93" CONTENT="för"/><SP WIDTH="9" VPOS="628" HPOS="829"/>
							<String ID="string_124" HPOS="838" VPOS="628" WIDTH="153" HEIGHT="20" WC="0.91" CONTENT="subventione-"/>
						</TextLine>
						<TextLine ID="line_16" HPOS="98" VPOS="656" WIDTH="893" HEIGHT="27">
							<String ID="string_125" HPOS="98" VPOS="656" WIDTH="46" HEIGHT="25" WC="0.95" CONTENT="ring"/><SP WIDTH="11" VPOS="656" HPOS="144"/>
							<String ID="string_126" HPOS="155" VPOS="663" WIDTH="28" HEIGHT="13" WC="0.96" CONTENT="av"/><SP WIDTH="12" VPOS="663" HPOS="183"/>
							<String ID="string_127" HPOS="195" VPOS="656" WIDTH="59" HEIGHT="20" WC="0.96" CONTENT="kaffe"/><SP WIDTH="11" VPOS="656" HPOS="254"/>
							<String ID="string_128" HPOS="265" VPOS="656" WIDTH="68" HEIGHT="20" WC="0.96" CONTENT="anlita"/><SP WIDTH="13" VPOS="656" HPOS="333"/>
							<String ID="string_129" HPOS="346" VPOS="656" WIDTH="69" HEIGHT="20" WC="0.96" CONTENT="medel"/><SP WIDTH="13" VPOS="656" HPOS="415"/>
							<String ID="string_130" HPOS="428" VPOS="657" WIDTH="46" HEIGHT="19" WC="0.96" CONTENT="från"/><SP WIDTH="13" VPOS="657" HPOS="474"/>
							<String ID="string_131" HPOS="487" VPOS="657" WIDTH="155" HEIGHT="20" WC="0.96" CONTENT="ovannämnda"/><SP WIDTH="11" VPOS="657" HPOS="642"/>
							<String ID="string_132" HPOS="653" VPOS="657" WIDTH="75" HEIGHT="26" WC="0.95" CONTENT="anslag"/><SP WIDTH="11" VPOS="657" HPOS="728"/>
							<String ID="string_133" HPOS="739" VPOS="663" WIDTH="28" HEIGHT="14" WC="0.96" CONTENT="av"/><SP WIDTH="11" VPOS="663" HPOS="767"/>
							<String ID="string_134" HPOS="778" VPOS="658" WIDTH="27" HEIGHT="19" WC="0.94" CONTENT="90"/><SP WIDTH="9" VPOS="658" HPOS="805"/>
							<String ID="string_135" HPOS="814" VPOS="658" WIDTH="40" HEIGHT="20" WC="0.94" CONTENT="000"/><SP WIDTH="9" VPOS="658" HPOS="854"/>
							<String ID="string_136" HPOS="863" VPOS="658" WIDTH="41" HEIGHT="20" WC="0.96" CONTENT="000"/><SP WIDTH="11" VPOS="658" HPOS="904"/>
							<String ID="string_137" HPOS="915" VPOS="658" WIDTH="31" HEIGHT="19" WC="0.96" CONTENT="kr."/><SP WIDTH="15" VPOS="658" HPOS="946"/>
							<String ID="string_138" HPOS="961" VPOS="658" WIDTH="30" HEIGHT="19" WC="0.96" CONTENT="till"/>
						</TextLine>
						<TextLine ID="line_17" HPOS="97" VPOS="686" WIDTH="535" HEIGHT="26">
							<String ID="string_139" HPOS="97" VPOS="686" WIDTH="194" HEIGHT="26" WC="0.90" CONTENT="subventionering"/><SP WIDTH="11" VPOS="686" HPOS="291"/>
							<String ID="string_140" HPOS="302" VPOS="692" WIDTH="28" HEIGHT="13" WC="0.96" CONTENT="av"/><SP WIDTH="11" VPOS="692" HPOS="330"/>
							<String ID="string_141" HPOS="341" VPOS="686" WIDTH="102" HEIGHT="20" WC="0.96" CONTENT="införseln"/><SP WIDTH="11" VPOS="686" HPOS="443"/>
							<String ID="string_142" HPOS="454" VPOS="693" WIDTH="28" HEIGHT="13" WC="0.96" CONTENT="av"/><SP WIDTH="12" VPOS="693" HPOS="482"/>
							<String ID="string_143" HPOS="494" VPOS="686" WIDTH="56" HEIGHT="20" WC="0.96" CONTENT="vissa"/><SP WIDTH="12" VPOS="686" HPOS="550"/>
							<String ID="string_144" HPOS="562" VPOS="692" WIDTH="70" HEIGHT="14" WC="0.96" CONTENT="varor."/>
						</TextLine>
					</TextBlock>
					<TextBlock ID="block_6" HPOS="126" VPOS="716" WIDTH="386" HEIGHT="26">
						<TextLine ID="line_18" HPOS="126" VPOS="716" WIDTH="386" HEIGHT="26">
							<String ID="string_145" HPOS="126" VPOS="716" WIDTH="25" HEIGHT="19" WC="0.96" CONTENT="Se"/><SP WIDTH="11" VPOS="716" HPOS="151"/>
							<String ID="string_146" HPOS="162" VPOS="716" WIDTH="39" HEIGHT="19" WC="0.93" CONTENT="ock"/><SP WIDTH="13" VPOS="716" HPOS="201"/>
							<String ID="string_147" HPOS="214" VPOS="716" WIDTH="298" HEIGHT="26" WC="0.91" CONTENT="Subventioneringsåtgärder."/>
						</TextLine>
					</TextBlock>
					<TextBlock ID="block_7" HPOS="97" VPOS="757" WIDTH="895" HEIGHT="27">
						<TextLine ID="line_19" HPOS="97" VPOS="757" WIDTH="895" HEIGHT="27">
							<String ID="string_148" HPOS="97" VPOS="757" WIDTH="233" HEIGHT="21" WC="0.92" CONTENT="INACKORDERING"/><SP WIDTH="22" VPOS="757" HPOS="330"/>
							<String ID="string_149" HPOS="352" VPOS="757" WIDTH="35" HEIGHT="20" WC="0.90" CONTENT="AV"/><SP WIDTH="21" VPOS="757" HPOS="387"/>
							<String ID="string_150" HPOS="408" VPOS="757" WIDTH="159" HEIGHT="24" WC="0.88" CONTENT="SKOLBARN;"/><SP WIDTH="20" VPOS="757" HPOS="567"/>
							<String ID="string_151" HPOS="587" VPOS="764" WIDTH="21" HEIGHT="13" WC="0.92" CONTENT="se"/><SP WIDTH="24" VPOS="764" HPOS="608"/>
							<String ID="string_152" HPOS="632" VPOS="758" WIDTH="126" HEIGHT="22" WC="0.91" CONTENT="Folkskolor,"/><SP WIDTH="23" VPOS="758" HPOS="758"/>
							<String ID="string_153" HPOS="781" VPOS="758" WIDTH="211" HEIGHT="26" WC="0.89" CONTENT="Kommunalförfatt-"/>
						</TextLine>
					</TextBlock>
					<TextBlock ID="block_8" HPOS="125" VPOS="787" WIDTH="308" HEIGHT="26">
						<TextLine ID="line_20" HPOS="125" VPOS="787" WIDTH="308" HEIGHT="26">
							<String ID="string_154" HPOS="125" VPOS="787" WIDTH="78" HEIGHT="26" WC="0.95" CONTENT="ningar"/><SP WIDTH="14" VPOS="787" HPOS="203"/>
							<String ID="string_155" HPOS="217" VPOS="787" WIDTH="70" HEIGHT="25" WC="0.95" CONTENT="(1943:"/><SP WIDTH="13" VPOS="787" HPOS="287"/>
							<String ID="string_156" HPOS="300" VPOS="790" WIDTH="17" HEIGHT="19" WC="0.96" CONTENT="3,"/><SP WIDTH="18" VPOS="790" HPOS="317"/>
							<String ID="string_157" HPOS="335" VPOS="787" WIDTH="59" HEIGHT="20" WC="0.95" CONTENT="1944:"/><SP WIDTH="13" VPOS="787" HPOS="394"/>
							<String ID="string_158" HPOS="407" VPOS="787" WIDTH="26" HEIGHT="24" WC="0.95" CONTENT="9)."/>
						</TextLine>
					</TextBlock>
					<TextBlock ID="block_9" HPOS="98" VPOS="828" WIDTH="894" HEIGHT="92">
						<TextLine ID="line_21" HPOS="98" VPOS="828" WIDTH="894" HEIGHT="27">
							<String ID="string_159" HPOS="98" VPOS="828" WIDTH="324" HEIGHT="24" WC="0.86" CONTENT="INACKORDERINGSHEM;"/><SP WIDTH="13" VPOS="828" HPOS="422"/>
							<String ID="string_160" HPOS="435" VPOS="835" WIDTH="21" HEIGHT="13" WC="0.93" CONTENT="se"/><SP WIDTH="16" VPOS="835" HPOS="456"/>
							<String ID="string_161" HPOS="472" VPOS="829" WIDTH="82" HEIGHT="20" WC="0.92" CONTENT="Barna-"/><SP WIDTH="12" VPOS="829" HPOS="554"/>
							<String ID="string_162" HPOS="566" VPOS="829" WIDTH="36" HEIGHT="19" WC="0.96" CONTENT="och"/><SP WIDTH="14" VPOS="829" HPOS="602"/>
							<String ID="string_163" HPOS="616" VPOS="829" WIDTH="157" HEIGHT="26" WC="0.95" CONTENT="ungdomsvård,"/><SP WIDTH="16" VPOS="829" HPOS="773"/>
							<String ID="string_164" HPOS="789" VPOS="830" WIDTH="138" HEIGHT="25" WC="0.93" CONTENT="Barnbidrag,"/><SP WIDTH="17" VPOS="830" HPOS="927"/>
							<String ID="string_165" HPOS="944" VPOS="830" WIDTH="48" HEIGHT="20" WC="0.92" CONTENT="Fat-"/>
						</TextLine>
						<TextLine ID="line_22" HPOS="125" VPOS="858" WIDTH="389" HEIGHT="26">
							<String ID="string_166" HPOS="125" VPOS="858" WIDTH="81" HEIGHT="25" WC="0.85" CONTENT="tiqvård"/><SP WIDTH="16" VPOS="858" HPOS="206"/>
							<String ID="string_167" HPOS="222" VPOS="858" WIDTH="70" HEIGHT="25" WC="0.94" CONTENT="(1948:"/><SP WIDTH="15" VPOS="858" HPOS="292"/>
							<String ID="string_168" HPOS="307" VPOS="858" WIDTH="38" HEIGHT="26" WC="0.92" CONTENT="19),"/><SP WIDTH="22" VPOS="858" HPOS="345"/>
							<String ID="string_169" HPOS="367" VPOS="858" WIDTH="147" HEIGHT="20" WC="0.91" CONTENT="Industrihem."/>
						</TextLine>
						<TextLine ID="line_23" HPOS="99" VPOS="897" WIDTH="613" HEIGHT="23">
							<String ID="string_170" HPOS="99" VPOS="900" WIDTH="140" HEIGHT="19" WC="0.96" CONTENT="INBJUDAN"/><SP WIDTH="14" VPOS="900" HPOS="239"/>
							<String ID="string_171" HPOS="253" VPOS="897" WIDTH="72" HEIGHT="22" WC="0.96" CONTENT="FRÅN"/><SP WIDTH="13" VPOS="897" HPOS="325"/>
							<String ID="string_172" HPOS="338" VPOS="900" WIDTH="149" HEIGHT="20" WC="0.96" CONTENT="BRITTISKA"/><SP WIDTH="12" VPOS="900" HPOS="487"/>
							<String ID="string_173" HPOS="499" VPOS="900" WIDTH="213" HEIGHT="20" WC="0.96" CONTENT="PARLAMENTET."/>
						</TextLine>
					</TextBlock>
					<TextBlock ID="block_10" HPOS="99" VPOS="935" WIDTH="892" HEIGHT="56">
						<TextLine ID="line_24" HPOS="127" VPOS="935" WIDTH="864" HEIGHT="27">
							<String ID="string_174" HPOS="127" VPOS="935" WIDTH="122" HEIGHT="20" WC="0.89" CONTENT="Kamrarna"/><SP WIDTH="15" VPOS="935" HPOS="249"/>
							<String ID="string_175" HPOS="264" VPOS="937" WIDTH="80" HEIGHT="23" WC="0.96" CONTENT="antaga"/><SP WIDTH="15" VPOS="937" HPOS="344"/>
							<String ID="string_176" HPOS="359" VPOS="935" WIDTH="106" HEIGHT="26" WC="0.96" CONTENT="inbjudan"/><SP WIDTH="15" VPOS="935" HPOS="465"/>
							<String ID="string_177" HPOS="480" VPOS="936" WIDTH="46" HEIGHT="19" WC="0.96" CONTENT="från"/><SP WIDTH="15" VPOS="936" HPOS="526"/>
							<String ID="string_178" HPOS="541" VPOS="936" WIDTH="101" HEIGHT="20" WC="0.96" CONTENT="brittiska"/><SP WIDTH="15" VPOS="936" HPOS="642"/>
							<String ID="string_179" HPOS="657" VPOS="936" WIDTH="145" HEIGHT="26" WC="0.96" CONTENT="parlamentet"/><SP WIDTH="14" VPOS="936" HPOS="802"/>
							<String ID="string_180" HPOS="816" VPOS="936" WIDTH="30" HEIGHT="20" WC="0.96" CONTENT="till"/><SP WIDTH="14" VPOS="936" HPOS="846"/>
							<String ID="string_181" HPOS="860" VPOS="938" WIDTH="33" HEIGHT="18" WC="0.96" CONTENT="ett"/><SP WIDTH="14" VPOS="938" HPOS="893"/>
							<String ID="string_182" HPOS="907" VPOS="937" WIDTH="65" HEIGHT="20" WC="0.96" CONTENT="besök"/><SP WIDTH="14" VPOS="937" HPOS="972"/>
							<String ID="string_183" HPOS="986" VPOS="936" WIDTH="5" HEIGHT="19" WC="0.96" CONTENT="i"/>
						</TextLine>
						<TextLine ID="line_25" HPOS="99" VPOS="965" WIDTH="512" HEIGHT="26">
							<String ID="string_184" HPOS="99" VPOS="965" WIDTH="174" HEIGHT="20" WC="0.96" CONTENT="Storbritannien"/><SP WIDTH="19" VPOS="965" HPOS="273"/>
							<String ID="string_185" HPOS="292" VPOS="971" WIDTH="28" HEIGHT="13" WC="0.95" CONTENT="av"/><SP WIDTH="18" VPOS="971" HPOS="320"/>
							<String ID="string_186" HPOS="338" VPOS="971" WIDTH="25" HEIGHT="14" WC="0.88" CONTENT="en"/><SP WIDTH="20" VPOS="971" HPOS="363"/>
							<String ID="string_187" HPOS="383" VPOS="965" WIDTH="228" HEIGHT="26" WC="0.88" CONTENT="riksdagsdelegation."/>
						</TextLine>
					</TextBlock>
					<TextBlock ID="block_11" HPOS="99" VPOS="1008" WIDTH="728" HEIGHT="79">
						<TextLine ID="line_26" HPOS="99" VPOS="1008" WIDTH="560" HEIGHT="30">
							<String ID="string_188" HPOS="99" VPOS="1008" WIDTH="204" HEIGHT="29" WC="0.96" CONTENT="INDALSÄLVEN;"/><SP WIDTH="12" VPOS="1008" HPOS="303"/>
							<String ID="string_189" HPOS="315" VPOS="1019" WIDTH="22" HEIGHT="13" WC="0.92" CONTENT="se"/><SP WIDTH="17" VPOS="1019" HPOS="337"/>
							<String ID="string_190" HPOS="354" VPOS="1012" WIDTH="170" HEIGHT="26" WC="0.91" CONTENT="Vattenfallsverk"/><SP WIDTH="12" VPOS="1012" HPOS="524"/>
							<String ID="string_191" HPOS="536" VPOS="1013" WIDTH="70" HEIGHT="25" WC="0.96" CONTENT="(1943:"/><SP WIDTH="15" VPOS="1013" HPOS="606"/>
							<String ID="string_192" HPOS="621" VPOS="1013" WIDTH="38" HEIGHT="25" WC="0.96" CONTENT="16)."/>
						</TextLine>
						<TextLine ID="line_27" HPOS="99" VPOS="1055" WIDTH="728" HEIGHT="32">
							<String ID="string_193" HPOS="99" VPOS="1055" WIDTH="202" HEIGHT="29" WC="0.95" CONTENT="INDALSÄLVEN,"/><SP WIDTH="14" VPOS="1055" HPOS="301"/>
							<String ID="string_194" HPOS="315" VPOS="1060" WIDTH="54" HEIGHT="19" WC="0.93" CONTENT="BRO"/><SP WIDTH="11" VPOS="1060" HPOS="369"/>
							<String ID="string_195" HPOS="380" VPOS="1056" WIDTH="84" HEIGHT="28" WC="0.96" CONTENT="ÖVER;"/><SP WIDTH="12" VPOS="1056" HPOS="464"/>
							<String ID="string_196" HPOS="476" VPOS="1066" WIDTH="22" HEIGHT="13" WC="0.85" CONTENT="se"/><SP WIDTH="16" VPOS="1066" HPOS="498"/>
							<String ID="string_197" HPOS="514" VPOS="1060" WIDTH="178" HEIGHT="26" WC="0.96" CONTENT="Interpellationer"/><SP WIDTH="12" VPOS="1060" HPOS="692"/>
							<String ID="string_198" HPOS="704" VPOS="1061" WIDTH="70" HEIGHT="25" WC="0.96" CONTENT="(1947:"/><SP WIDTH="13" VPOS="1061" HPOS="774"/>
							<String ID="string_199" HPOS="787" VPOS="1064" WIDTH="40" HEIGHT="23" WC="0.96" CONTENT="38)."/>
						</TextLine>
					</TextBlock>
				</ComposedBlock>
				<ComposedBlock ID="cblock_5" HPOS="99" VPOS="1107" WIDTH="893" HEIGHT="56">
					<TextBlock ID="block_12" HPOS="99" VPOS="1107" WIDTH="893" HEIGHT="56">
						<TextLine ID="line_28" HPOS="99" VPOS="1107" WIDTH="893" HEIGHT="27">
							<String ID="string_200" HPOS="99" VPOS="1107" WIDTH="151" HEIGHT="21" WC="0.96" CONTENT="INDELNING"/><SP WIDTH="14" VPOS="1107" HPOS="250"/>
							<String ID="string_201" HPOS="264" VPOS="1107" WIDTH="35" HEIGHT="20" WC="0.96" CONTENT="AV"/><SP WIDTH="20" VPOS="1107" HPOS="299"/>
							<String ID="string_202" HPOS="319" VPOS="1108" WIDTH="85" HEIGHT="19" WC="0.96" CONTENT="RIKET"/><SP WIDTH="17" VPOS="1108" HPOS="404"/>
							<String ID="string_203" HPOS="421" VPOS="1108" WIDTH="9" HEIGHT="19" WC="0.96" CONTENT="I"/><SP WIDTH="18" VPOS="1108" HPOS="430"/>
							<String ID="string_204" HPOS="448" VPOS="1108" WIDTH="179" HEIGHT="20" WC="0.95" CONTENT="BORGERLIGA"/><SP WIDTH="13" VPOS="1108" HPOS="627"/>
							<String ID="string_205" HPOS="640" VPOS="1108" WIDTH="173" HEIGHT="24" WC="0.95" CONTENT="KOMMUNER;"/><SP WIDTH="14" VPOS="1108" HPOS="813"/>
							<String ID="string_206" HPOS="827" VPOS="1115" WIDTH="21" HEIGHT="13" WC="0.93" CONTENT="se"/><SP WIDTH="20" VPOS="1115" HPOS="848"/>
							<String ID="string_207" HPOS="868" VPOS="1109" WIDTH="124" HEIGHT="25" WC="0.90" CONTENT="Fastighets-"/>
						</TextLine>
						<TextLine ID="line_29" HPOS="126" VPOS="1137" WIDTH="603" HEIGHT="26">
							<String ID="string_208" HPOS="126" VPOS="1137" WIDTH="95" HEIGHT="26" WC="0.96" CONTENT="bildning"/><SP WIDTH="11" VPOS="1137" HPOS="221"/>
							<String ID="string_209" HPOS="232" VPOS="1137" WIDTH="79" HEIGHT="25" WC="0.93" CONTENT="(1950),"/><SP WIDTH="20" VPOS="1137" HPOS="311"/>
							<String ID="string_210" HPOS="331" VPOS="1137" WIDTH="279" HEIGHT="26" WC="0.90" CONTENT="Kommunalförfattningar"/><SP WIDTH="11" VPOS="1137" HPOS="610"/>
							<String ID="string_211" HPOS="621" VPOS="1138" WIDTH="69" HEIGHT="25" WC="0.96" CONTENT="(1946:"/><SP WIDTH="14" VPOS="1138" HPOS="690"/>
							<String ID="string_212" HPOS="704" VPOS="1138" WIDTH="25" HEIGHT="25" WC="0.96" CONTENT="7)."/>
						</TextLine>
					</TextBlock>
				</ComposedBlock>
				<ComposedBlock ID="cblock_6" HPOS="98" VPOS="1184" WIDTH="894" HEIGHT="383">
					<TextBlock ID="block_13" HPOS="99" VPOS="1184" WIDTH="891" HEIGHT="56">
						<TextLine ID="line_30" HPOS="99" VPOS="1184" WIDTH="891" HEIGHT="28">
							<String ID="string_213" HPOS="99" VPOS="1184" WIDTH="159" HEIGHT="24" WC="0.92" CONTENT="INDELNING,"/><SP WIDTH="29" VPOS="1184" HPOS="258"/>
							<String ID="string_214" HPOS="287" VPOS="1185" WIDTH="211" HEIGHT="24" WC="0.91" CONTENT="ECKLESIASTIK;"/><SP WIDTH="28" VPOS="1185" HPOS="498"/>
							<String ID="string_215" HPOS="526" VPOS="1192" WIDTH="21" HEIGHT="12" WC="0.92" CONTENT="se"/><SP WIDTH="29" VPOS="1192" HPOS="547"/>
							<String ID="string_216" HPOS="576" VPOS="1185" WIDTH="279" HEIGHT="27" WC="0.92" CONTENT="Kommunalförfattningar"/><SP WIDTH="27" VPOS="1185" HPOS="855"/>
							<String ID="string_217" HPOS="882" VPOS="1186" WIDTH="69" HEIGHT="25" WC="0.93" CONTENT="(1948:"/><SP WIDTH="13" VPOS="1186" HPOS="951"/>
							<String ID="string_218" HPOS="964" VPOS="1187" WIDTH="26" HEIGHT="23" WC="0.95" CONTENT="6),"/>
						</TextLine>
						<TextLine ID="line_31" HPOS="127" VPOS="1214" WIDTH="282" HEIGHT="26">
							<String ID="string_219" HPOS="127" VPOS="1214" WIDTH="132" HEIGHT="20" WC="0.91" CONTENT="Skatteväsen"/><SP WIDTH="10" VPOS="1214" HPOS="259"/>
							<String ID="string_220" HPOS="269" VPOS="1214" WIDTH="63" HEIGHT="26" WC="0.93" CONTENT="(1948"/><SP WIDTH="12" VPOS="1214" HPOS="332"/>
							<String ID="string_221" HPOS="344" VPOS="1214" WIDTH="26" HEIGHT="20" WC="0.91" CONTENT="H:"/><SP WIDTH="16" VPOS="1214" HPOS="370"/>
							<String ID="string_222" HPOS="386" VPOS="1214" WIDTH="23" HEIGHT="26" WC="0.95" CONTENT="1)."/>
						</TextLine>
					</TextBlock>
					<TextBlock ID="block_14" HPOS="98" VPOS="1262" WIDTH="893" HEIGHT="56">
						<TextLine ID="line_32" HPOS="98" VPOS="1262" WIDTH="893" HEIGHT="27">
							<String ID="string_223" HPOS="98" VPOS="1262" WIDTH="160" HEIGHT="24" WC="0.95" CONTENT="INDELNING,"/><SP WIDTH="13" VPOS="1262" HPOS="258"/>
							<String ID="string_224" HPOS="271" VPOS="1262" WIDTH="172" HEIGHT="24" WC="0.90" CONTENT="KOMMUNAL;"/><SP WIDTH="13" VPOS="1262" HPOS="443"/>
							<String ID="string_225" HPOS="456" VPOS="1269" WIDTH="20" HEIGHT="12" WC="0.96" CONTENT="se"/><SP WIDTH="17" VPOS="1269" HPOS="476"/>
							<String ID="string_226" HPOS="493" VPOS="1262" WIDTH="179" HEIGHT="26" WC="0.96" CONTENT="Interpellationer"/><SP WIDTH="12" VPOS="1262" HPOS="672"/>
							<String ID="string_227" HPOS="684" VPOS="1263" WIDTH="69" HEIGHT="25" WC="0.96" CONTENT="(1948:"/><SP WIDTH="14" VPOS="1263" HPOS="753"/>
							<String ID="string_228" HPOS="767" VPOS="1263" WIDTH="39" HEIGHT="25" WC="0.93" CONTENT="48),"/><SP WIDTH="14" VPOS="1263" HPOS="806"/>
							<String ID="string_229" HPOS="820" VPOS="1263" WIDTH="171" HEIGHT="26" WC="0.92" CONTENT="Kommunalför-"/>
						</TextLine>
						<TextLine ID="line_33" HPOS="126" VPOS="1291" WIDTH="584" HEIGHT="27">
							<String ID="string_230" HPOS="126" VPOS="1291" WIDTH="155" HEIGHT="26" WC="0.95" CONTENT="författningar,"/><SP WIDTH="14" VPOS="1291" HPOS="281"/>
							<String ID="string_231" HPOS="295" VPOS="1291" WIDTH="129" HEIGHT="20" WC="0.93" CONTENT="Kommunal"/><SP WIDTH="12" VPOS="1291" HPOS="424"/>
							<String ID="string_232" HPOS="436" VPOS="1292" WIDTH="274" HEIGHT="26" WC="0.91" CONTENT="upplysningsverksamhet."/>
						</TextLine>
					</TextBlock>
					<TextBlock ID="block_15" HPOS="99" VPOS="1335" WIDTH="698" HEIGHT="30">
						<TextLine ID="line_34" HPOS="99" VPOS="1335" WIDTH="698" HEIGHT="30">
							<String ID="string_233" HPOS="99" VPOS="1339" WIDTH="197" HEIGHT="23" WC="0.93" CONTENT="INDELNINGEN,"/><SP WIDTH="15" VPOS="1339" HPOS="296"/>
							<String ID="string_234" HPOS="311" VPOS="1335" WIDTH="221" HEIGHT="28" WC="0.92" CONTENT="LANTMILITÄRA;"/><SP WIDTH="14" VPOS="1335" HPOS="532"/>
							<String ID="string_235" HPOS="546" VPOS="1346" WIDTH="21" HEIGHT="13" WC="0.96" CONTENT="se"/><SP WIDTH="15" VPOS="1346" HPOS="567"/>
							<String ID="string_236" HPOS="582" VPOS="1339" WIDTH="77" HEIGHT="20" WC="0.96" CONTENT="Armén"/><SP WIDTH="15" VPOS="1339" HPOS="659"/>
							<String ID="string_237" HPOS="674" VPOS="1340" WIDTH="70" HEIGHT="25" WC="0.95" CONTENT="(1946:"/><SP WIDTH="13" VPOS="1340" HPOS="744"/>
							<String ID="string_238" HPOS="757" VPOS="1340" WIDTH="40" HEIGHT="25" WC="0.95" CONTENT="60)."/>
						</TextLine>
					</TextBlock>
					<TextBlock ID="block_16" HPOS="99" VPOS="1382" WIDTH="603" HEIGHT="30">
						<TextLine ID="line_35" HPOS="99" VPOS="1382" WIDTH="603" HEIGHT="30">
							<String ID="string_239" HPOS="99" VPOS="1382" WIDTH="354" HEIGHT="29" WC="0.90" CONTENT="INDELNINGSERSÄTTNING;"/><SP WIDTH="12" VPOS="1382" HPOS="453"/>
							<String ID="string_240" HPOS="465" VPOS="1393" WIDTH="21" HEIGHT="13" WC="0.95" CONTENT="se"/><SP WIDTH="13" VPOS="1393" HPOS="486"/>
							<String ID="string_241" HPOS="499" VPOS="1387" WIDTH="83" HEIGHT="25" WC="0.96" CONTENT="Kyrkor"/><SP WIDTH="11" VPOS="1387" HPOS="582"/>
							<String ID="string_242" HPOS="593" VPOS="1387" WIDTH="70" HEIGHT="25" WC="0.96" CONTENT="(1947:"/><SP WIDTH="13" VPOS="1387" HPOS="663"/>
							<String ID="string_243" HPOS="676" VPOS="1387" WIDTH="26" HEIGHT="25" WC="0.95" CONTENT="2)."/>
						</TextLine>
					</TextBlock>
					<TextBlock ID="block_17" HPOS="99" VPOS="1430" WIDTH="892" HEIGHT="60">
						<TextLine ID="line_36" HPOS="99" VPOS="1430" WIDTH="892" HEIGHT="30">
							<String ID="string_244" HPOS="99" VPOS="1431" WIDTH="292" HEIGHT="28" WC="0.91" CONTENT="INDELNINGSFRÅGOR,"/><SP WIDTH="24" VPOS="1431" HPOS="391"/>
							<String ID="string_245" HPOS="415" VPOS="1430" WIDTH="259" HEIGHT="24" WC="0.96" CONTENT="HANDLÄGGNINGEN"/><SP WIDTH="23" VPOS="1430" HPOS="674"/>
							<String ID="string_246" HPOS="697" VPOS="1435" WIDTH="34" HEIGHT="19" WC="0.96" CONTENT="AV"/><SP WIDTH="25" VPOS="1435" HPOS="731"/>
							<String ID="string_247" HPOS="756" VPOS="1435" WIDTH="190" HEIGHT="25" WC="0.95" CONTENT="KOMMUNALA;"/><SP WIDTH="24" VPOS="1435" HPOS="946"/>
							<String ID="string_248" HPOS="970" VPOS="1442" WIDTH="21" HEIGHT="13" WC="0.96" CONTENT="se"/>
						</TextLine>
						<TextLine ID="line_37" HPOS="130" VPOS="1463" WIDTH="317" HEIGHT="27">
							<String ID="string_249" HPOS="130" VPOS="1463" WIDTH="180" HEIGHT="27" WC="0.96" CONTENT="Interpellationer"/><SP WIDTH="14" VPOS="1463" HPOS="310"/>
							<String ID="string_250" HPOS="324" VPOS="1464" WIDTH="70" HEIGHT="25" WC="0.96" CONTENT="(1948:"/><SP WIDTH="13" VPOS="1464" HPOS="394"/>
							<String ID="string_251" HPOS="407" VPOS="1464" WIDTH="40" HEIGHT="25" WC="0.96" CONTENT="27)."/>
						</TextLine>
					</TextBlock>
					<TextBlock ID="block_18" HPOS="99" VPOS="1511" WIDTH="893" HEIGHT="56">
						<TextLine ID="line_38" HPOS="99" VPOS="1511" WIDTH="893" HEIGHT="27">
							<String ID="string_252" HPOS="99" VPOS="1511" WIDTH="297" HEIGHT="20" WC="0.91" CONTENT="INDELNINGSVERKETS"/><SP WIDTH="15" VPOS="1511" HPOS="396"/>
							<String ID="string_253" HPOS="411" VPOS="1511" WIDTH="258" HEIGHT="25" WC="0.91" CONTENT="BESPARINGSFOND;"/><SP WIDTH="15" VPOS="1511" HPOS="669"/>
							<String ID="string_254" HPOS="684" VPOS="1518" WIDTH="21" HEIGHT="14" WC="0.93" CONTENT="se"/><SP WIDTH="14" VPOS="1518" HPOS="705"/>
							<String ID="string_255" HPOS="719" VPOS="1512" WIDTH="166" HEIGHT="21" WC="0.91" CONTENT="Pensionsväsen"/><SP WIDTH="15" VPOS="1512" HPOS="885"/>
							<String ID="string_256" HPOS="900" VPOS="1513" WIDTH="92" HEIGHT="25" WC="0.86" CONTENT="(1945—"/>
						</TextLine>
						<TextLine ID="line_39" HPOS="128" VPOS="1541" WIDTH="69" HEIGHT="26">
							<String ID="string_257" HPOS="128" VPOS="1541" WIDTH="69" HEIGHT="26" WC="0.96" CONTENT="1947)."/>
						</TextLine>
					</TextBlock>
				</ComposedBlock>
				<ComposedBlock ID="cblock_7" HPOS="98" VPOS="1590" WIDTH="264" HEIGHT="25">
					<TextBlock ID="block_19" HPOS="98" VPOS="1590" WIDTH="264" HEIGHT="25">
						<TextLine ID="line_40" HPOS="98" VPOS="1590" WIDTH="264" HEIGHT="25">
							<String ID="string_258" HPOS="98" VPOS="1590" WIDTH="264" HEIGHT="25" WC="0.91" CONTENT="INDEXBERÄKNING."/>
						</TextLine>
					</TextBlock>
				</ComposedBlock>
				<ComposedBlock ID="cblock_8" HPOS="127" VPOS="1630" WIDTH="793" HEIGHT="56">
					<TextBlock ID="block_20" HPOS="127" VPOS="1630" WIDTH="793" HEIGHT="56">
						<TextLine ID="line_41" HPOS="127" VPOS="1630" WIDTH="793" HEIGHT="28">
							<String ID="string_259" HPOS="127" VPOS="1630" WIDTH="42" HEIGHT="20" WC="0.91" CONTENT="RD"/><SP WIDTH="12" VPOS="1630" HPOS="169"/>
							<String ID="string_260" HPOS="181" VPOS="1630" WIDTH="73" HEIGHT="20" WC="0.96" CONTENT="avslår"/><SP WIDTH="11" VPOS="1630" HPOS="254"/>
							<String ID="string_261" HPOS="265" VPOS="1630" WIDTH="107" HEIGHT="20" WC="0.96" CONTENT="motioner"/><SP WIDTH="11" VPOS="1630" HPOS="372"/>
							<String ID="string_262" HPOS="383" VPOS="1635" WIDTH="48" HEIGHT="21" WC="0.95" CONTENT="ang."/><SP WIDTH="13" VPOS="1635" HPOS="431"/>
							<String ID="string_263" HPOS="444" VPOS="1630" WIDTH="96" HEIGHT="20" WC="0.96" CONTENT="ändrade"/><SP WIDTH="11" VPOS="1630" HPOS="540"/>
							<String ID="string_264" HPOS="551" VPOS="1631" WIDTH="94" HEIGHT="25" WC="0.96" CONTENT="grunder"/><SP WIDTH="12" VPOS="1631" HPOS="645"/>
							<String ID="string_265" HPOS="657" VPOS="1631" WIDTH="32" HEIGHT="20" WC="0.93" CONTENT="för"/><SP WIDTH="11" VPOS="1631" HPOS="689"/>
							<String ID="string_266" HPOS="700" VPOS="1631" WIDTH="220" HEIGHT="27" WC="0.90" CONTENT="indexberäkningen."/>
						</TextLine>
						<TextLine ID="line_42" HPOS="127" VPOS="1660" WIDTH="324" HEIGHT="26">
							<String ID="string_267" HPOS="127" VPOS="1661" WIDTH="25" HEIGHT="19" WC="0.96" CONTENT="Se"/><SP WIDTH="12" VPOS="1661" HPOS="152"/>
							<String ID="string_268" HPOS="164" VPOS="1660" WIDTH="40" HEIGHT="20" WC="0.93" CONTENT="ock"/><SP WIDTH="12" VPOS="1660" HPOS="204"/>
							<String ID="string_269" HPOS="216" VPOS="1660" WIDTH="235" HEIGHT="26" WC="0.92" CONTENT="Minuthandelspriser."/>
						</TextLine>
					</TextBlock>
				</ComposedBlock>
				<ComposedBlock ID="cblock_9" HPOS="99" VPOS="1701" WIDTH="701" HEIGHT="104">
					<TextBlock ID="block_21" HPOS="99" VPOS="1701" WIDTH="701" HEIGHT="104">
						<TextLine ID="line_43" HPOS="99" VPOS="1701" WIDTH="630" HEIGHT="27">
							<String ID="string_270" HPOS="99" VPOS="1701" WIDTH="262" HEIGHT="24" WC="0.72" CONTENT="INDEXREGLERING;"/><SP WIDTH="12" VPOS="1701" HPOS="361"/>
							<String ID="string_271" HPOS="373" VPOS="1708" WIDTH="22" HEIGHT="13" WC="0.92" CONTENT="se"/><SP WIDTH="13" VPOS="1708" HPOS="395"/>
							<String ID="string_272" HPOS="408" VPOS="1701" WIDTH="202" HEIGHT="27" WC="0.91" CONTENT="Folkpensionering"/><SP WIDTH="11" VPOS="1701" HPOS="610"/>
							<String ID="string_273" HPOS="621" VPOS="1702" WIDTH="69" HEIGHT="26" WC="0.96" CONTENT="(1947:"/><SP WIDTH="13" VPOS="1702" HPOS="690"/>
							<String ID="string_274" HPOS="703" VPOS="1703" WIDTH="26" HEIGHT="25" WC="0.95" CONTENT="3)."/>
						</TextLine>
						<TextLine ID="line_44" HPOS="99" VPOS="1739" WIDTH="485" HEIGHT="29">
							<String ID="string_275" HPOS="99" VPOS="1743" WIDTH="306" HEIGHT="25" WC="0.91" CONTENT="INDRAGNINGSSTATEN,"/><SP WIDTH="18" VPOS="1743" HPOS="405"/>
							<String ID="string_276" HPOS="423" VPOS="1739" WIDTH="161" HEIGHT="25" WC="0.96" CONTENT="ALLMÄNNA."/>
						</TextLine>
						<TextLine ID="line_45" HPOS="127" VPOS="1779" WIDTH="673" HEIGHT="26">
							<String ID="string_277" HPOS="127" VPOS="1779" WIDTH="40" HEIGHT="20" WC="0.96" CONTENT="Till"/><SP WIDTH="12" VPOS="1779" HPOS="167"/>
							<String ID="string_278" HPOS="179" VPOS="1779" WIDTH="110" HEIGHT="20" WC="0.92" CONTENT="allmänna"/><SP WIDTH="12" VPOS="1779" HPOS="289"/>
							<String ID="string_279" HPOS="301" VPOS="1779" WIDTH="213" HEIGHT="26" WC="0.91" CONTENT="indragningsstaten"/><SP WIDTH="12" VPOS="1779" HPOS="514"/>
							<String ID="string_280" HPOS="526" VPOS="1779" WIDTH="86" HEIGHT="20" WC="0.95" CONTENT="anvisas"/><SP WIDTH="14" VPOS="1779" HPOS="612"/>
							<String ID="string_281" HPOS="626" VPOS="1780" WIDTH="38" HEIGHT="19" WC="0.95" CONTENT="100"/><SP WIDTH="8" VPOS="1780" HPOS="664"/>
							<String ID="string_282" HPOS="672" VPOS="1780" WIDTH="41" HEIGHT="20" WC="0.96" CONTENT="000"/><SP WIDTH="11" VPOS="1780" HPOS="713"/>
							<String ID="string_283" HPOS="724" VPOS="1780" WIDTH="31" HEIGHT="19" WC="0.93" CONTENT="kr."/><SP WIDTH="13" VPOS="1780" HPOS="755"/>
							<String ID="string_284" HPOS="768" VPOS="1780" WIDTH="32" HEIGHT="25" WC="0.91" CONTENT="(f)."/>
						</TextLine>
					</TextBlock>
				</ComposedBlock>
				<ComposedBlock ID="cblock_10" HPOS="99" VPOS="1850" WIDTH="893" HEIGHT="162">
					<TextBlock ID="block_22" HPOS="127" VPOS="1850" WIDTH="673" HEIGHT="27">
						<TextLine ID="line_46" HPOS="127" VPOS="1850" WIDTH="673" HEIGHT="27">
							<String ID="string_285" HPOS="127" VPOS="1850" WIDTH="40" HEIGHT="20" WC="0.96" CONTENT="Till"/><SP WIDTH="12" VPOS="1850" HPOS="167"/>
							<String ID="string_286" HPOS="179" VPOS="1850" WIDTH="109" HEIGHT="20" WC="0.92" CONTENT="allmänna"/><SP WIDTH="14" VPOS="1850" HPOS="288"/>
							<String ID="string_287" HPOS="302" VPOS="1850" WIDTH="212" HEIGHT="26" WC="0.91" CONTENT="indragningsstaten"/><SP WIDTH="12" VPOS="1850" HPOS="514"/>
							<String ID="string_288" HPOS="526" VPOS="1851" WIDTH="86" HEIGHT="20" WC="0.96" CONTENT="anvisas"/><SP WIDTH="12" VPOS="1851" HPOS="612"/>
							<String ID="string_289" HPOS="624" VPOS="1851" WIDTH="40" HEIGHT="20" WC="0.96" CONTENT="200"/><SP WIDTH="8" VPOS="1851" HPOS="664"/>
							<String ID="string_290" HPOS="672" VPOS="1851" WIDTH="41" HEIGHT="20" WC="0.96" CONTENT="000"/><SP WIDTH="11" VPOS="1851" HPOS="713"/>
							<String ID="string_291" HPOS="724" VPOS="1851" WIDTH="31" HEIGHT="20" WC="0.93" CONTENT="kr."/><SP WIDTH="13" VPOS="1851" HPOS="755"/>
							<String ID="string_292" HPOS="768" VPOS="1852" WIDTH="32" HEIGHT="25" WC="0.90" CONTENT="(f)."/>
						</TextLine>
					</TextBlock>
					<TextBlock ID="block_23" HPOS="99" VPOS="1921" WIDTH="893" HEIGHT="55">
						<TextLine ID="line_47" HPOS="127" VPOS="1921" WIDTH="865" HEIGHT="27">
							<String ID="string_293" HPOS="127" VPOS="1921" WIDTH="40" HEIGHT="20" WC="0.93" CONTENT="Till"/><SP WIDTH="16" VPOS="1921" HPOS="167"/>
							<String ID="string_294" HPOS="183" VPOS="1921" WIDTH="129" HEIGHT="26" WC="0.92" CONTENT="avlöningar"/><SP WIDTH="16" VPOS="1921" HPOS="312"/>
							<String ID="string_295" HPOS="328" VPOS="1921" WIDTH="30" HEIGHT="20" WC="0.96" CONTENT="till"/><SP WIDTH="17" VPOS="1921" HPOS="358"/>
							<String ID="string_296" HPOS="375" VPOS="1921" WIDTH="98" HEIGHT="26" WC="0.93" CONTENT="personal"/><SP WIDTH="16" VPOS="1921" HPOS="473"/>
							<String ID="string_297" HPOS="489" VPOS="1922" WIDTH="11" HEIGHT="19" WC="0.91" CONTENT="å"/><SP WIDTH="17" VPOS="1922" HPOS="500"/>
							<String ID="string_298" HPOS="517" VPOS="1921" WIDTH="186" HEIGHT="27" WC="0.91" CONTENT="indragningsstat"/><SP WIDTH="15" VPOS="1921" HPOS="703"/>
							<String ID="string_299" HPOS="718" VPOS="1928" WIDTH="27" HEIGHT="14" WC="0.69" CONTENT="m."/><SP WIDTH="12" VPOS="1928" HPOS="745"/>
							<String ID="string_300" HPOS="757" VPOS="1928" WIDTH="27" HEIGHT="14" WC="0.74" CONTENT="m."/><SP WIDTH="16" VPOS="1928" HPOS="784"/>
							<String ID="string_301" HPOS="800" VPOS="1922" WIDTH="87" HEIGHT="20" WC="0.96" CONTENT="anvisas"/><SP WIDTH="15" VPOS="1922" HPOS="887"/>
							<String ID="string_302" HPOS="902" VPOS="1923" WIDTH="41" HEIGHT="19" WC="0.95" CONTENT="200"/><SP WIDTH="8" VPOS="1923" HPOS="943"/>
							<String ID="string_303" HPOS="951" VPOS="1923" WIDTH="41" HEIGHT="20" WC="0.95" CONTENT="000"/>
						</TextLine>
						<TextLine ID="line_48" HPOS="99" VPOS="1951" WIDTH="82" HEIGHT="25">
							<String ID="string_304" HPOS="99" VPOS="1951" WIDTH="31" HEIGHT="19" WC="0.92" CONTENT="kr."/><SP WIDTH="18" VPOS="1951" HPOS="130"/>
							<String ID="string_305" HPOS="148" VPOS="1951" WIDTH="33" HEIGHT="25" WC="0.91" CONTENT="(f)."/>
						</TextLine>
					</TextBlock>
					<TextBlock ID="block_24" HPOS="129" VPOS="1992" WIDTH="42" HEIGHT="20">
						<TextLine ID="line_49" HPOS="129" VPOS="1992" WIDTH="42" HEIGHT="20">
							<String ID="string_306" HPOS="129" VPOS="1992" WIDTH="42" HEIGHT="20" WC="0.86" CONTENT="D:o"/>
						</TextLine>
					</TextBlock>
				</ComposedBlock>
				<ComposedBlock ID="cblock_11" HPOS="129" VPOS="2063" WIDTH="42" HEIGHT="20">
					<TextBlock ID="block_25" HPOS="129" VPOS="2063" WIDTH="42" HEIGHT="20">
						<TextLine ID="line_50" HPOS="129" VPOS="2063" WIDTH="42" HEIGHT="20">
							<String ID="string_307" HPOS="129" VPOS="2063" WIDTH="42" HEIGHT="20" WC="0.47" CONTENT="D:o"/>
						</TextLine>
					</TextBlock>
				</ComposedBlock>
				<ComposedBlock ID="cblock_12" HPOS="1545" VPOS="197" WIDTH="75" HEIGHT="1">
					<TextBlock ID="block_26" HPOS="1545" VPOS="197" WIDTH="75" HEIGHT="1">
						<TextLine ID="line_51" HPOS="1545" VPOS="197" WIDTH="75" HEIGHT="1">
							<String ID="string_308" HPOS="1545" VPOS="197" WIDTH="75" HEIGHT="1" WC="0.95" CONTENT=" "/>
						</TextLine>
					</TextBlock>
				</ComposedBlock>
				<ComposedBlock ID="cblock_13" HPOS="1002" VPOS="245" WIDTH="672" HEIGHT="11">
					<TextBlock ID="block_27" HPOS="1002" VPOS="245" WIDTH="672" HEIGHT="11">
						<TextLine ID="line_52" HPOS="1002" VPOS="245" WIDTH="672" HEIGHT="11">
							<String ID="string_309" HPOS="1002" VPOS="245" WIDTH="672" HEIGHT="11" WC="0.95" CONTENT=" "/>
						</TextLine>
					</TextBlock>
				</ComposedBlock>
				<ComposedBlock ID="cblock_14" HPOS="998" VPOS="135" WIDTH="10" HEIGHT="1979">
					<TextBlock ID="block_28" HPOS="998" VPOS="135" WIDTH="10" HEIGHT="1979">
						<TextLine ID="line_53" HPOS="998" VPOS="135" WIDTH="10" HEIGHT="1979">
							<String ID="string_310" HPOS="998" VPOS="135" WIDTH="10" HEIGHT="1979" WC="0.95" CONTENT=" "/>
						</TextLine>
					</TextBlock>
				</ComposedBlock>
				<ComposedBlock ID="cblock_15" HPOS="1010" VPOS="160" WIDTH="667" HEIGHT="1958">
					<TextBlock ID="block_29" HPOS="1010" VPOS="160" WIDTH="662" HEIGHT="670">
						<TextLine ID="line_54" HPOS="1144" VPOS="160" WIDTH="482" HEIGHT="20">
							<String ID="string_311" HPOS="1144" VPOS="160" WIDTH="89" HEIGHT="16" WC="0.96" CONTENT="Motioner"/><SP WIDTH="58" VPOS="160" HPOS="1233"/>
							<String ID="string_312" HPOS="1291" VPOS="160" WIDTH="78" HEIGHT="16" WC="0.96" CONTENT="Utskott"/><SP WIDTH="53" VPOS="160" HPOS="1369"/>
							<String ID="string_313" HPOS="1422" VPOS="172" WIDTH="44" HEIGHT="8" WC="0.34" CONTENT="FN"/><SP WIDTH="67" VPOS="172" HPOS="1466"/>
							<String ID="string_314" HPOS="1533" VPOS="160" WIDTH="93" HEIGHT="16" WC="0.96" CONTENT="Protokoll"/>
						</TextLine>
						<TextLine ID="line_55" HPOS="1010" VPOS="172" WIDTH="662" HEIGHT="40">
							<String ID="string_315" HPOS="1010" VPOS="180" WIDTH="100" HEIGHT="24" WC="0.2" CONTENT="ATFPTOP:"/><SP WIDTH="4" VPOS="180" HPOS="1110"/>
							<String ID="string_316" HPOS="1114" VPOS="176" WIDTH="68" HEIGHT="32" WC="0.0" CONTENT="forsen"/><SP WIDTH="0" VPOS="176" HPOS="1182"/>
							<String ID="string_317" HPOS="1182" VPOS="176" WIDTH="34" HEIGHT="32" WC="0.0" CONTENT="por"/><SP WIDTH="56" VPOS="176" HPOS="1216"/>
							<String ID="string_318" HPOS="1272" VPOS="196" WIDTH="135" HEIGHT="2" WC="0.0" CONTENT="SVARS"/><SP WIDTH="8" VPOS="196" HPOS="1407"/>
							<String ID="string_319" HPOS="1415" VPOS="172" WIDTH="38" HEIGHT="40" WC="0.7" CONTENT="Fe"/><SP WIDTH="48" VPOS="172" HPOS="1453"/>
							<String ID="string_320" HPOS="1501" VPOS="197" WIDTH="42" HEIGHT="1" WC="0.36" CONTENT="Ra"/><SP WIDTH="107" VPOS="197" HPOS="1543"/>
							<String ID="string_321" HPOS="1650" VPOS="197" WIDTH="22" HEIGHT="1" WC="0.31" CONTENT="SN"/>
						</TextLine>
						<TextLine ID="line_56" HPOS="1138" VPOS="201" WIDTH="506" HEIGHT="35">
							<String ID="string_322" HPOS="1138" VPOS="214" WIDTH="31" HEIGHT="16" WC="0.96" CONTENT="FK"/><SP WIDTH="4" VPOS="214" HPOS="1169"/>
							<String ID="string_323" HPOS="1173" VPOS="210" WIDTH="23" HEIGHT="29" WC="0.88" CONTENT="|"/><SP WIDTH="5" VPOS="210" HPOS="1196"/>
							<String ID="string_324" HPOS="1201" VPOS="214" WIDTH="34" HEIGHT="16" WC="0.93" CONTENT="AK"/><SP WIDTH="22" VPOS="214" HPOS="1235"/>
							<String ID="string_325" HPOS="1257" VPOS="201" WIDTH="84" HEIGHT="35" WC="0.55" CONTENT="Smi|Avd"/><SP WIDTH="25" VPOS="201" HPOS="1341"/>
							<String ID="string_326" HPOS="1366" VPOS="214" WIDTH="26" HEIGHT="16" WC="0.96" CONTENT="Nr"/><SP WIDTH="120" VPOS="214" HPOS="1392"/>
							<String ID="string_327" HPOS="1512" VPOS="215" WIDTH="32" HEIGHT="15" WC="0.94" CONTENT="FK"/><SP WIDTH="66" VPOS="215" HPOS="1544"/>
							<String ID="string_328" HPOS="1610" VPOS="215" WIDTH="34" HEIGHT="15" WC="0.95" CONTENT="AK"/>
						</TextLine>
						<TextLine ID="line_57" HPOS="1010" VPOS="363" WIDTH="651" HEIGHT="33">
							<String ID="string_329" HPOS="1010" VPOS="363" WIDTH="27" HEIGHT="19" WC="0.81" CONTENT="491"/><SP WIDTH="27" VPOS="363" HPOS="1037"/>
							<String ID="string_330" HPOS="1064" VPOS="363" WIDTH="40" HEIGHT="19" WC="0.81" CONTENT="215"/><SP WIDTH="7" VPOS="363" HPOS="1104"/>
							<String ID="string_331" HPOS="1111" VPOS="359" WIDTH="21" HEIGHT="33" WC="0.77" CONTENT="|"/><SP WIDTH="11" VPOS="359" HPOS="1132"/>
							<String ID="string_332" HPOS="1143" VPOS="363" WIDTH="40" HEIGHT="19" WC="0.43" CONTENT="338)"/><SP WIDTH="31" VPOS="363" HPOS="1183"/>
							<String ID="string_333" HPOS="1214" VPOS="363" WIDTH="34" HEIGHT="20" WC="0.82" CONTENT="433]"/><SP WIDTH="28" VPOS="363" HPOS="1248"/>
							<String ID="string_334" HPOS="1276" VPOS="364" WIDTH="12" HEIGHT="18" WC="0.96" CONTENT="6"/><SP WIDTH="11" VPOS="364" HPOS="1288"/>
							<String ID="string_335" HPOS="1299" VPOS="375" WIDTH="28" HEIGHT="21" WC="0.23" CONTENT="fö"/><SP WIDTH="37" VPOS="375" HPOS="1327"/>
							<String ID="string_336" HPOS="1364" VPOS="363" WIDTH="36" HEIGHT="20" WC="0.89" CONTENT="1841"/><SP WIDTH="26" VPOS="363" HPOS="1400"/>
							<String ID="string_337" HPOS="1426" VPOS="363" WIDTH="39" HEIGHT="20" WC="0.78" CONTENT="387]"/><SP WIDTH="26" VPOS="363" HPOS="1465"/>
							<String ID="string_338" HPOS="1491" VPOS="364" WIDTH="32" HEIGHT="20" WC="0.92" CONTENT="25:"/><SP WIDTH="12" VPOS="364" HPOS="1523"/>
							<String ID="string_339" HPOS="1535" VPOS="364" WIDTH="25" HEIGHT="19" WC="0.92" CONTENT="4d"/><SP WIDTH="1" VPOS="364" HPOS="1560"/>
							<String ID="string_340" HPOS="1561" VPOS="359" WIDTH="23" HEIGHT="34" WC="0.94" CONTENT="|"/><SP WIDTH="7" VPOS="359" HPOS="1584"/>
							<String ID="string_341" HPOS="1591" VPOS="364" WIDTH="33" HEIGHT="19" WC="0.95" CONTENT="25:"/><SP WIDTH="12" VPOS="364" HPOS="1624"/>
							<String ID="string_342" HPOS="1636" VPOS="364" WIDTH="25" HEIGHT="20" WC="0.56" CONTENT="öd"/>
						</TextLine>
						<TextLine ID="line_58" HPOS="1014" VPOS="392" WIDTH="546" HEIGHT="24">
							<String ID="string_343" HPOS="1014" VPOS="392" WIDTH="19" HEIGHT="20" WC="0.28" CONTENT="H"/><SP WIDTH="-2" VPOS="392" HPOS="1033"/>
							<String ID="string_344" HPOS="1031" VPOS="388" WIDTH="13" HEIGHT="34" WC="0.28" CONTENT="|"/><SP WIDTH="21" VPOS="388" HPOS="1044"/>
							<String ID="string_345" HPOS="1065" VPOS="392" WIDTH="39" HEIGHT="20" WC="0.93" CONTENT="217"/><SP WIDTH="3" VPOS="392" HPOS="1104"/>
							<String ID="string_346" HPOS="1107" VPOS="388" WIDTH="27" HEIGHT="34" WC="0.96" CONTENT="|"/><SP WIDTH="9" VPOS="388" HPOS="1134"/>
							<String ID="string_347" HPOS="1143" VPOS="392" WIDTH="105" HEIGHT="21" WC="0.69" CONTENT="3401-435]"/><SP WIDTH="51" VPOS="392" HPOS="1248"/>
							<String ID="string_348" HPOS="1299" VPOS="398" WIDTH="2" HEIGHT="18" WC="0.73" CONTENT="I"/><SP WIDTH="46" VPOS="398" HPOS="1301"/>
							<String ID="string_349" HPOS="1347" VPOS="406" WIDTH="2" HEIGHT="4" WC="0.66" CONTENT="|"/><SP WIDTH="142" VPOS="406" HPOS="1349"/>
							<String ID="string_350" HPOS="1491" VPOS="394" WIDTH="32" HEIGHT="19" WC="0.96" CONTENT="29:"/><SP WIDTH="12" VPOS="394" HPOS="1523"/>
							<String ID="string_351" HPOS="1535" VPOS="394" WIDTH="25" HEIGHT="19" WC="0.58" CONTENT="öd"/>
						</TextLine>
						<TextLine ID="line_59" HPOS="1126" VPOS="418" WIDTH="223" HEIGHT="39">
							<String ID="string_352" HPOS="1126" VPOS="422" WIDTH="58" HEIGHT="20" WC="0.0" CONTENT="342]"/><SP WIDTH="25" VPOS="422" HPOS="1184"/>
							<String ID="string_353" HPOS="1209" VPOS="423" WIDTH="39" HEIGHT="19" WC="0.71" CONTENT="437]"/><SP WIDTH="51" VPOS="423" HPOS="1248"/>
							<String ID="string_354" HPOS="1299" VPOS="429" WIDTH="2" HEIGHT="28" WC="0.55" CONTENT="|"/><SP WIDTH="46" VPOS="429" HPOS="1301"/>
							<String ID="string_355" HPOS="1347" VPOS="418" WIDTH="2" HEIGHT="31" WC="0.69" CONTENT="|"/>
						</TextLine>
						<TextLine ID="line_60" HPOS="1208" VPOS="453" WIDTH="93" HEIGHT="19">
							<String ID="string_356" HPOS="1208" VPOS="453" WIDTH="40" HEIGHT="19" WC="0.95" CONTENT="438"/><SP WIDTH="52" VPOS="453" HPOS="1248"/>
							<String ID="string_357" HPOS="1300" VPOS="464" WIDTH="1" HEIGHT="6" WC="0.75" CONTENT="I"/>
						</TextLine>
						<TextLine ID="line_61" HPOS="1347" VPOS="751" WIDTH="2" HEIGHT="29">
							<String ID="string_358" HPOS="1347" VPOS="751" WIDTH="2" HEIGHT="29" WC="0.91" CONTENT="|"/>
						</TextLine>
						<TextLine ID="line_62" HPOS="1348" VPOS="806" WIDTH="232" HEIGHT="24">
							<String ID="string_359" HPOS="1348" VPOS="806" WIDTH="1" HEIGHT="24" WC="0.60" CONTENT="|"/><SP WIDTH="229" VPOS="806" HPOS="1349"/>
							<String ID="string_360" HPOS="1578" VPOS="819" WIDTH="2" HEIGHT="9" WC="0.71" CONTENT="|"/>
						</TextLine>
					</TextBlock>
					<TextBlock ID="block_30" HPOS="1012" VPOS="938" WIDTH="665" HEIGHT="864">
						<TextLine ID="line_63" HPOS="1012" VPOS="938" WIDTH="635" HEIGHT="21">
							<String ID="string_361" HPOS="1012" VPOS="938" WIDTH="27" HEIGHT="20" WC="0.44" CONTENT="48]"/><SP WIDTH="41" VPOS="938" HPOS="1039"/>
							<String ID="string_362" HPOS="1080" VPOS="950" WIDTH="27" HEIGHT="2" WC="0.86" CONTENT="—"/><SP WIDTH="49" VPOS="950" HPOS="1107"/>
							<String ID="string_363" HPOS="1156" VPOS="951" WIDTH="22" HEIGHT="2" WC="0.72" CONTENT="—|"/><SP WIDTH="38" VPOS="951" HPOS="1178"/>
							<String ID="string_364" HPOS="1216" VPOS="951" WIDTH="122" HEIGHT="2" WC="0.0" CONTENT="—]I—]—]|"/><SP WIDTH="38" VPOS="951" HPOS="1338"/>
							<String ID="string_365" HPOS="1376" VPOS="951" WIDTH="10" HEIGHT="2" WC="0.34" CONTENT="—"/><SP WIDTH="56" VPOS="951" HPOS="1386"/>
							<String ID="string_366" HPOS="1442" VPOS="939" WIDTH="104" HEIGHT="20" WC="0.53" CONTENT="—135:4"/><SP WIDTH="47" VPOS="939" HPOS="1546"/>
							<String ID="string_367" HPOS="1593" VPOS="939" WIDTH="54" HEIGHT="19" WC="0.39" CONTENT="30:65"/>
						</TextLine>
						<TextLine ID="line_64" HPOS="1012" VPOS="1632" WIDTH="665" HEIGHT="22">
							<String ID="string_368" HPOS="1012" VPOS="1632" WIDTH="27" HEIGHT="20" WC="0.75" CONTENT="421"/><SP WIDTH="42" VPOS="1632" HPOS="1039"/>
							<String ID="string_369" HPOS="1081" VPOS="1644" WIDTH="27" HEIGHT="2" WC="0.85" CONTENT="—"/><SP WIDTH="2" VPOS="1644" HPOS="1108"/>
							<String ID="string_370" HPOS="1110" VPOS="1628" WIDTH="17" HEIGHT="34" WC="0.77" CONTENT="I"/><SP WIDTH="25" VPOS="1628" HPOS="1127"/>
							<String ID="string_371" HPOS="1152" VPOS="1633" WIDTH="27" HEIGHT="19" WC="0.66" CONTENT="821"/><SP WIDTH="27" VPOS="1633" HPOS="1179"/>
							<String ID="string_372" HPOS="1206" VPOS="1632" WIDTH="37" HEIGHT="20" WC="0.70" CONTENT="1061"/><SP WIDTH="36" VPOS="1632" HPOS="1243"/>
							<String ID="string_373" HPOS="1279" VPOS="1633" WIDTH="60" HEIGHT="19" WC="0.0" CONTENT="6/|—"/><SP WIDTH="-2" VPOS="1633" HPOS="1339"/>
							<String ID="string_374" HPOS="1337" VPOS="1628" WIDTH="7" HEIGHT="34" WC="0.0" CONTENT="i]"/><SP WIDTH="22" VPOS="1628" HPOS="1344"/>
							<String ID="string_375" HPOS="1366" VPOS="1632" WIDTH="37" HEIGHT="21" WC="0.93" CONTENT="148"/><SP WIDTH="55" VPOS="1632" HPOS="1403"/>
							<String ID="string_376" HPOS="1458" VPOS="1645" WIDTH="11" HEIGHT="2" WC="0.90" CONTENT="—"/><SP WIDTH="1" VPOS="1645" HPOS="1469"/>
							<String ID="string_377" HPOS="1470" VPOS="1630" WIDTH="17" HEIGHT="33" WC="0.71" CONTENT="|"/><SP WIDTH="6" VPOS="1630" HPOS="1487"/>
							<String ID="string_378" HPOS="1493" VPOS="1634" WIDTH="23" HEIGHT="19" WC="0.95" CONTENT="21:"/><SP WIDTH="22" VPOS="1634" HPOS="1516"/>
							<String ID="string_379" HPOS="1538" VPOS="1636" WIDTH="24" HEIGHT="17" WC="0.91" CONTENT="20"/><SP WIDTH="3" VPOS="1636" HPOS="1562"/>
							<String ID="string_380" HPOS="1565" VPOS="1630" WIDTH="21" HEIGHT="33" WC="0.95" CONTENT="|"/><SP WIDTH="8" VPOS="1630" HPOS="1586"/>
							<String ID="string_381" HPOS="1594" VPOS="1634" WIDTH="32" HEIGHT="19" WC="0.93" CONTENT="21:"/><SP WIDTH="13" VPOS="1634" HPOS="1626"/>
							<String ID="string_382" HPOS="1639" VPOS="1634" WIDTH="38" HEIGHT="20" WC="0.87" CONTENT="42dj"/>
						</TextLine>
						<TextLine ID="line_65" HPOS="1013" VPOS="1781" WIDTH="636" HEIGHT="21">
							<String ID="string_383" HPOS="1013" VPOS="1781" WIDTH="24" HEIGHT="20" WC="0.0" CONTENT="411"/><SP WIDTH="27" VPOS="1781" HPOS="1037"/>
							<String ID="string_384" HPOS="1064" VPOS="1781" WIDTH="52" HEIGHT="19" WC="0.0" CONTENT="1:12]"/><SP WIDTH="37" VPOS="1781" HPOS="1116"/>
							<String ID="string_385" HPOS="1153" VPOS="1793" WIDTH="26" HEIGHT="2" WC="0.32" CONTENT="—I"/><SP WIDTH="39" VPOS="1793" HPOS="1179"/>
							<String ID="string_386" HPOS="1218" VPOS="1793" WIDTH="27" HEIGHT="2" WC="0.40" CONTENT="-—1I"/><SP WIDTH="35" VPOS="1793" HPOS="1245"/>
							<String ID="string_387" HPOS="1280" VPOS="1782" WIDTH="124" HEIGHT="19" WC="0.21" CONTENT="61—]1-161"/><SP WIDTH="39" VPOS="1782" HPOS="1404"/>
							<String ID="string_388" HPOS="1443" VPOS="1782" WIDTH="26" HEIGHT="20" WC="0.93" CONTENT="281"/><SP WIDTH="39" VPOS="1782" HPOS="1469"/>
							<String ID="string_389" HPOS="1508" VPOS="1783" WIDTH="40" HEIGHT="19" WC="0.85" CONTENT="84"/><SP WIDTH="60" VPOS="1783" HPOS="1548"/>
							<String ID="string_390" HPOS="1608" VPOS="1783" WIDTH="41" HEIGHT="19" WC="0.21" CONTENT="8:"/><SP WIDTH="-19" VPOS="1783" HPOS="1649"/>
							<String ID="string_391" HPOS="1630" VPOS="1779" WIDTH="14" HEIGHT="33" WC="0.21" CONTENT="7"/>
						</TextLine>
					</TextBlock>
					<TextBlock ID="block_31" HPOS="1013" VPOS="1812" WIDTH="650" HEIGHT="61">
						<TextLine ID="line_66" HPOS="1059" VPOS="1812" WIDTH="57" HEIGHT="21">
							<String ID="string_392" HPOS="1059" VPOS="1814" WIDTH="21" HEIGHT="19" WC="0.96" CONTENT="pt"/><SP WIDTH="12" VPOS="1814" HPOS="1080"/>
							<String ID="string_393" HPOS="1092" VPOS="1812" WIDTH="24" HEIGHT="17" WC="0.96" CONTENT="29"/>
						</TextLine>
						<TextLine ID="line_67" HPOS="1013" VPOS="1852" WIDTH="650" HEIGHT="21">
							<String ID="string_394" HPOS="1013" VPOS="1852" WIDTH="26" HEIGHT="20" WC="0.18" CONTENT="421"/><SP WIDTH="25" VPOS="1852" HPOS="1039"/>
							<String ID="string_395" HPOS="1064" VPOS="1852" WIDTH="52" HEIGHT="20" WC="0.18" CONTENT="1:12]"/><SP WIDTH="37" VPOS="1852" HPOS="1116"/>
							<String ID="string_396" HPOS="1153" VPOS="1864" WIDTH="27" HEIGHT="2" WC="0.23" CONTENT="—]"/><SP WIDTH="38" VPOS="1864" HPOS="1180"/>
							<String ID="string_397" HPOS="1218" VPOS="1864" WIDTH="27" HEIGHT="2" WC="0.7" CONTENT="—I"/><SP WIDTH="35" VPOS="1864" HPOS="1245"/>
							<String ID="string_398" HPOS="1280" VPOS="1853" WIDTH="61" HEIGHT="19" WC="0.64" CONTENT="61—"/><SP WIDTH="-2" VPOS="1853" HPOS="1341"/>
							<String ID="string_399" HPOS="1339" VPOS="1848" WIDTH="7" HEIGHT="35" WC="0.75" CONTENT="i]"/><SP WIDTH="21" VPOS="1848" HPOS="1346"/>
							<String ID="string_400" HPOS="1367" VPOS="1853" WIDTH="102" HEIGHT="20" WC="0.0" CONTENT="101:1;244:)"/><SP WIDTH="28" VPOS="1853" HPOS="1469"/>
							<String ID="string_401" HPOS="1497" VPOS="1853" WIDTH="64" HEIGHT="20" WC="0.52" CONTENT="18::511]"/><SP WIDTH="37" VPOS="1853" HPOS="1561"/>
							<String ID="string_402" HPOS="1598" VPOS="1853" WIDTH="30" HEIGHT="20" WC="0.96" CONTENT="18:"/><SP WIDTH="11" VPOS="1853" HPOS="1628"/>
							<String ID="string_403" HPOS="1639" VPOS="1855" WIDTH="24" HEIGHT="18" WC="0.96" CONTENT="80"/>
						</TextLine>
					</TextBlock>
					<TextBlock ID="block_32" HPOS="1013" VPOS="1884" WIDTH="651" HEIGHT="60">
						<TextLine ID="line_68" HPOS="1059" VPOS="1884" WIDTH="57" HEIGHT="21">
							<String ID="string_404" HPOS="1059" VPOS="1885" WIDTH="21" HEIGHT="20" WC="0.95" CONTENT="pt"/><SP WIDTH="12" VPOS="1885" HPOS="1080"/>
							<String ID="string_405" HPOS="1092" VPOS="1884" WIDTH="24" HEIGHT="17" WC="0.96" CONTENT="29"/>
						</TextLine>
						<TextLine ID="line_69" HPOS="1013" VPOS="1923" WIDTH="651" HEIGHT="21">
							<String ID="string_406" HPOS="1013" VPOS="1923" WIDTH="67" HEIGHT="19" WC="0.47" CONTENT="4311:"/><SP WIDTH="14" VPOS="1923" HPOS="1080"/>
							<String ID="string_407" HPOS="1094" VPOS="1925" WIDTH="22" HEIGHT="17" WC="0.47" CONTENT="12"/><SP WIDTH="47" VPOS="1925" HPOS="1116"/>
							<String ID="string_408" HPOS="1163" VPOS="1935" WIDTH="17" HEIGHT="2" WC="0.77" CONTENT="—I"/><SP WIDTH="38" VPOS="1935" HPOS="1180"/>
							<String ID="string_409" HPOS="1218" VPOS="1935" WIDTH="27" HEIGHT="2" WC="0.54" CONTENT="—I"/><SP WIDTH="35" VPOS="1935" HPOS="1245"/>
							<String ID="string_410" HPOS="1280" VPOS="1924" WIDTH="283" HEIGHT="20" WC="0.0" CONTENT="61|—1+931:218].16:18.]"/><SP WIDTH="34" VPOS="1924" HPOS="1563"/>
							<String ID="string_411" HPOS="1597" VPOS="1924" WIDTH="31" HEIGHT="20" WC="0.96" CONTENT="16:"/><SP WIDTH="13" VPOS="1924" HPOS="1628"/>
							<String ID="string_412" HPOS="1641" VPOS="1926" WIDTH="23" HEIGHT="17" WC="0.96" CONTENT="14"/>
						</TextLine>
					</TextBlock>
					<TextBlock ID="block_33" HPOS="1013" VPOS="1955" WIDTH="651" HEIGHT="60">
						<TextLine ID="line_70" HPOS="1060" VPOS="1955" WIDTH="56" HEIGHT="21">
							<String ID="string_413" HPOS="1060" VPOS="1956" WIDTH="20" HEIGHT="20" WC="0.96" CONTENT="pt"/><SP WIDTH="13" VPOS="1956" HPOS="1080"/>
							<String ID="string_414" HPOS="1093" VPOS="1955" WIDTH="23" HEIGHT="17" WC="0.96" CONTENT="23"/>
						</TextLine>
						<TextLine ID="line_71" HPOS="1013" VPOS="1994" WIDTH="651" HEIGHT="21">
							<String ID="string_415" HPOS="1013" VPOS="1994" WIDTH="28" HEIGHT="20" WC="0.19" CONTENT="44]"/><SP WIDTH="24" VPOS="1994" HPOS="1041"/>
							<String ID="string_416" HPOS="1065" VPOS="1994" WIDTH="52" HEIGHT="19" WC="0.47" CONTENT="1:12]"/><SP WIDTH="37" VPOS="1994" HPOS="1117"/>
							<String ID="string_417" HPOS="1154" VPOS="2006" WIDTH="27" HEIGHT="2" WC="0.26" CONTENT="—I|"/><SP WIDTH="38" VPOS="2006" HPOS="1181"/>
							<String ID="string_418" HPOS="1219" VPOS="2006" WIDTH="27" HEIGHT="2" WC="0.6" CONTENT="—1I"/><SP WIDTH="34" VPOS="2006" HPOS="1246"/>
							<String ID="string_419" HPOS="1280" VPOS="1995" WIDTH="61" HEIGHT="19" WC="0.11" CONTENT="6/—]|"/><SP WIDTH="27" VPOS="1995" HPOS="1341"/>
							<String ID="string_420" HPOS="1368" VPOS="1995" WIDTH="37" HEIGHT="20" WC="0.95" CONTENT="1321"/><SP WIDTH="25" VPOS="1995" HPOS="1405"/>
							<String ID="string_421" HPOS="1430" VPOS="1995" WIDTH="97" HEIGHT="20" WC="0.73" CONTENT="289118:"/><SP WIDTH="12" VPOS="1995" HPOS="1527"/>
							<String ID="string_422" HPOS="1539" VPOS="1997" WIDTH="24" HEIGHT="17" WC="0.73" CONTENT="90"/><SP WIDTH="3" VPOS="1997" HPOS="1563"/>
							<String ID="string_423" HPOS="1566" VPOS="1990" WIDTH="23" HEIGHT="35" WC="0.39" CONTENT="|"/><SP WIDTH="9" VPOS="1990" HPOS="1589"/>
							<String ID="string_424" HPOS="1598" VPOS="1995" WIDTH="66" HEIGHT="20" WC="0.39" CONTENT="18:55"/>
						</TextLine>
					</TextBlock>
					<TextBlock ID="block_34" HPOS="1014" VPOS="2022" WIDTH="649" HEIGHT="64">
						<TextLine ID="line_72" HPOS="1060" VPOS="2022" WIDTH="409" HEIGHT="25">
							<String ID="string_425" HPOS="1060" VPOS="2027" WIDTH="22" HEIGHT="20" WC="0.96" CONTENT="pt"/><SP WIDTH="11" VPOS="2027" HPOS="1082"/>
							<String ID="string_426" HPOS="1093" VPOS="2026" WIDTH="24" HEIGHT="17" WC="0.96" CONTENT="22"/><SP WIDTH="186" VPOS="2026" HPOS="1117"/>
							<String ID="string_427" HPOS="1303" VPOS="2022" WIDTH="2" HEIGHT="9" WC="0.69" CONTENT="|"/><SP WIDTH="127" VPOS="2022" HPOS="1305"/>
							<String ID="string_428" HPOS="1432" VPOS="2032" WIDTH="15" HEIGHT="11" WC="0.86" CONTENT="s."/><SP WIDTH="12" VPOS="2032" HPOS="1447"/>
							<String ID="string_429" HPOS="1459" VPOS="2026" WIDTH="10" HEIGHT="18" WC="0.96" CONTENT="8"/>
						</TextLine>
						<TextLine ID="line_73" HPOS="1014" VPOS="2065" WIDTH="649" HEIGHT="21">
							<String ID="string_430" HPOS="1014" VPOS="2065" WIDTH="26" HEIGHT="20" WC="0.0" CONTENT="45|"/><SP WIDTH="24" VPOS="2065" HPOS="1040"/>
							<String ID="string_431" HPOS="1064" VPOS="2065" WIDTH="53" HEIGHT="19" WC="0.81" CONTENT="1:12]"/><SP WIDTH="37" VPOS="2065" HPOS="1117"/>
							<String ID="string_432" HPOS="1154" VPOS="2077" WIDTH="27" HEIGHT="2" WC="0.22" CONTENT="—I|"/><SP WIDTH="38" VPOS="2077" HPOS="1181"/>
							<String ID="string_433" HPOS="1219" VPOS="2077" WIDTH="27" HEIGHT="2" WC="0.80" CONTENT="—I"/><SP WIDTH="35" VPOS="2077" HPOS="1246"/>
							<String ID="string_434" HPOS="1281" VPOS="2066" WIDTH="60" HEIGHT="19" WC="0.12" CONTENT="61—1"/><SP WIDTH="38" VPOS="2066" HPOS="1341"/>
							<String ID="string_435" HPOS="1379" VPOS="2066" WIDTH="24" HEIGHT="19" WC="0.58" CONTENT="311"/><SP WIDTH="41" VPOS="2066" HPOS="1403"/>
							<String ID="string_436" HPOS="1444" VPOS="2066" WIDTH="25" HEIGHT="19" WC="0.19" CONTENT="541"/><SP WIDTH="28" VPOS="2066" HPOS="1469"/>
							<String ID="string_437" HPOS="1497" VPOS="2066" WIDTH="67" HEIGHT="20" WC="0.19" CONTENT="10:28"/><SP WIDTH="4" VPOS="2066" HPOS="1564"/>
							<String ID="string_438" HPOS="1568" VPOS="2061" WIDTH="23" HEIGHT="34" WC="0.73" CONTENT="|"/><SP WIDTH="7" VPOS="2061" HPOS="1591"/>
							<String ID="string_439" HPOS="1598" VPOS="2066" WIDTH="65" HEIGHT="20" WC="0.73" CONTENT="10:31"/>
						</TextLine>
					</TextBlock>
					<TextBlock ID="block_35" HPOS="1060" VPOS="2097" WIDTH="56" HEIGHT="21">
						<TextLine ID="line_74" HPOS="1060" VPOS="2097" WIDTH="56" HEIGHT="21">
							<String ID="string_440" HPOS="1060" VPOS="2098" WIDTH="21" HEIGHT="20" WC="0.96" CONTENT="pt"/><SP WIDTH="12" VPOS="2098" HPOS="1081"/>
							<String ID="string_441" HPOS="1093" VPOS="2097" WIDTH="23" HEIGHT="17" WC="0.96" CONTENT="21"/>
						</TextLine>
					</TextBlock>
				</ComposedBlock>
				<ComposedBlock ID="cblock_16" HPOS="1045" VPOS="135" WIDTH="10" HEIGHT="1985">
					<TextBlock ID="block_36" HPOS="1045" VPOS="135" WIDTH="10" HEIGHT="1985">
						<TextLine ID="line_75" HPOS="1045" VPOS="135" WIDTH="10" HEIGHT="1985">
							<String ID="string_442" HPOS="1045" VPOS="135" WIDTH="10" HEIGHT="1985" WC="0.95" CONTENT=" "/>
						</TextLine>
					</TextBlock>
				</ComposedBlock>
				<ComposedBlock ID="cblock_17" HPOS="1120" VPOS="135" WIDTH="10" HEIGHT="1983">
					<TextBlock ID="block_37" HPOS="1120" VPOS="135" WIDTH="10" HEIGHT="1983">
						<TextLine ID="line_76" HPOS="1120" VPOS="135" WIDTH="10" HEIGHT="1983">
							<String ID="string_443" HPOS="1120" VPOS="135" WIDTH="10" HEIGHT="1983" WC="0.95" CONTENT=" "/>
						</TextLine>
					</TextBlock>
				</ComposedBlock>
				<ComposedBlock ID="cblock_18" HPOS="1185" VPOS="255" WIDTH="9" HEIGHT="1862">
					<TextBlock ID="block_38" HPOS="1185" VPOS="255" WIDTH="9" HEIGHT="1862">
						<TextLine ID="line_77" HPOS="1185" VPOS="255" WIDTH="9" HEIGHT="1862">
							<String ID="string_444" HPOS="1185" VPOS="255" WIDTH="9" HEIGHT="1862" WC="0.95" CONTENT=" "/>
						</TextLine>
					</TextBlock>
				</ComposedBlock>
				<ComposedBlock ID="cblock_19" HPOS="1249" VPOS="136" WIDTH="11" HEIGHT="1982">
					<TextBlock ID="block_39" HPOS="1249" VPOS="136" WIDTH="11" HEIGHT="1982">
						<TextLine ID="line_78" HPOS="1249" VPOS="136" WIDTH="11" HEIGHT="1982">
							<String ID="string_445" HPOS="1249" VPOS="136" WIDTH="11" HEIGHT="1982" WC="0.95" CONTENT=" "/>
						</TextLine>
					</TextBlock>
				</ComposedBlock>
				<ComposedBlock ID="cblock_20" HPOS="1346" VPOS="197" WIDTH="8" HEIGHT="1920">
					<TextBlock ID="block_40" HPOS="1346" VPOS="197" WIDTH="8" HEIGHT="1920">
						<TextLine ID="line_79" HPOS="1346" VPOS="197" WIDTH="8" HEIGHT="1920">
							<String ID="string_446" HPOS="1346" VPOS="197" WIDTH="8" HEIGHT="1920" WC="0.95" CONTENT=" "/>
						</TextLine>
					</TextBlock>
				</ComposedBlock>
				<ComposedBlock ID="cblock_21" HPOS="1299" VPOS="548" WIDTH="8" HEIGHT="1573">
					<TextBlock ID="block_41" HPOS="1299" VPOS="548" WIDTH="8" HEIGHT="1573">
						<TextLine ID="line_80" HPOS="1299" VPOS="548" WIDTH="8" HEIGHT="1573">
							<String ID="string_447" HPOS="1299" VPOS="548" WIDTH="8" HEIGHT="1573" WC="0.95" CONTENT=" "/>
						</TextLine>
					</TextBlock>
				</ComposedBlock>
				<ComposedBlock ID="cblock_22" HPOS="1409" VPOS="136" WIDTH="11" HEIGHT="1983">
					<TextBlock ID="block_42" HPOS="1409" VPOS="136" WIDTH="11" HEIGHT="1983">
						<TextLine ID="line_81" HPOS="1409" VPOS="136" WIDTH="11" HEIGHT="1983">
							<String ID="string_448" HPOS="1409" VPOS="136" WIDTH="11" HEIGHT="1983" WC="0.95" CONTENT=" "/>
						</TextLine>
					</TextBlock>
				</ComposedBlock>
				<ComposedBlock ID="cblock_23" HPOS="1474" VPOS="136" WIDTH="11" HEIGHT="1984">
					<TextBlock ID="block_43" HPOS="1474" VPOS="136" WIDTH="11" HEIGHT="1984">
						<TextLine ID="line_82" HPOS="1474" VPOS="136" WIDTH="11" HEIGHT="1984">
							<String ID="string_449" HPOS="1474" VPOS="136" WIDTH="11" HEIGHT="1984" WC="0.95" CONTENT=" "/>
						</TextLine>
					</TextBlock>
				</ComposedBlock>
				<ComposedBlock ID="cblock_24" HPOS="1587" VPOS="390" WIDTH="77" HEIGHT="27">
					<TextBlock ID="block_44" HPOS="1587" VPOS="390" WIDTH="77" HEIGHT="27">
						<TextLine ID="line_83" HPOS="1587" VPOS="390" WIDTH="77" HEIGHT="27">
							<String ID="string_450" HPOS="1587" VPOS="390" WIDTH="77" HEIGHT="27" WC="0.95" CONTENT=" "/>
						</TextLine>
					</TextBlock>
				</ComposedBlock>
				<ComposedBlock ID="cblock_25" HPOS="1676" VPOS="134" WIDTH="11" HEIGHT="1978">
					<TextBlock ID="block_45" HPOS="1676" VPOS="134" WIDTH="11" HEIGHT="1978">
						<TextLine ID="line_84" HPOS="1676" VPOS="134" WIDTH="11" HEIGHT="1978">
							<String ID="string_451" HPOS="1676" VPOS="134" WIDTH="11" HEIGHT="1978" WC="0.95" CONTENT=" "/>
						</TextLine>
					</TextBlock>
				</ComposedBlock>
				<ComposedBlock ID="cblock_26" HPOS="1576" VPOS="257" WIDTH="9" HEIGHT="1864">
					<TextBlock ID="block_46" HPOS="1576" VPOS="257" WIDTH="9" HEIGHT="1864">
						<TextLine ID="line_85" HPOS="1576" VPOS="257" WIDTH="9" HEIGHT="1864">
							<String ID="string_452" HPOS="1576" VPOS="257" WIDTH="9" HEIGHT="1864" WC="0.95" CONTENT=" "/>
						</TextLine>
					</TextBlock>
				</ComposedBlock>
				<ComposedBlock ID="cblock_27" HPOS="936" VPOS="2342" WIDTH="909" HEIGHT="6">
					<TextBlock ID="block_47" HPOS="936" VPOS="2342" WIDTH="909" HEIGHT="6">
						<TextLine ID="line_86" HPOS="936" VPOS="2342" WIDTH="909" HEIGHT="6">
							<String ID="string_453" HPOS="936" VPOS="2342" WIDTH="909" HEIGHT="6" WC="0.95" CONTENT=" "/>
						</TextLine>
					</TextBlock>
				</ComposedBlock>
				<ComposedBlock ID="cblock_28" HPOS="1836" VPOS="1" WIDTH="10" HEIGHT="2345">
					<TextBlock ID="block_48" HPOS="1836" VPOS="1" WIDTH="10" HEIGHT="2345">
						<TextLine ID="line_87" HPOS="1836" VPOS="1" WIDTH="10" HEIGHT="2345">
							<String ID="string_454" HPOS="1836" VPOS="1" WIDTH="10" HEIGHT="2345" WC="0.95" CONTENT=" "/>
						</TextLine>
					</TextBlock>
				</ComposedBlock>
			</PrintSpace>
		</Page>
	</Layout>
</alto>
