1807 2345
154 86 27 21 82

841 84 222 20 SAKREGISTER

169 271 287 25 Avlöningsreglementen

211 301 199 25 tjänstebostäder
428 302 61 20 samt
506 302 28 20 de
551 302 138 24 prästerliga
706 301 237 25 tjänstebostäderna,
960 300 95 21 utfärda

212 331 103 20 ändrade
332 331 176 21 bestämmelser
525 336 52 20 ang.
595 331 296 25 resekostnadsersättning
908 331 43 20 och
968 330 87 21 trakta-

212 362 77 19 mente
305 361 8 20 i
329 361 62 21 vissa
408 361 41 20 fall
466 361 37 20 för
518 361 232 25 befattningshavare
765 361 7 20 i
789 362 88 19 statens
893 360 75 25 tjänst
983 366 31 14 m.
1030 360 24 20 fl.

212 391 38 20 vid
265 391 138 25 deltagande
416 391 7 20 i
438 391 82 20 kurser
533 391 8 20 i
555 391 233 25 företagsdemokrati
803 397 29 14 m.
847 396 30 15 m.
891 392 61 19 samt
964 390 91 20 besluta

212 427 38 14 om
263 421 196 25 löneförbättring
472 421 36 20 för
520 421 62 20 vissa
595 421 144 25 tjänstemän
751 421 30 25 på
793 420 207 25 indragningsstat.

213 468 39 20 RD
264 468 154 26 bemyndigar
430 469 26 20 K.
469 469 45 20 M:t
526 469 34 20 att
572 468 93 25 vidtaga
677 469 127 24 ändringar
816 469 7 19 i
835 469 88 19 statens
937 468 118 20 allmänna

212 498 264 25 avlöningsreglemente
492 499 44 19 den
552 498 27 21 30
594 498 53 25 juni
664 498 55 21 1948
739 498 39 23 (nr
794 497 52 25 436)
866 498 43 20 och
925 497 131 25 avlönings-

213 528 151 25 reglementet
376 528 37 20 för
424 528 175 25 övningslärare
611 528 44 20 den
667 528 12 20 9
691 528 52 25 juni
757 528 55 20 1950
828 528 39 23 (nr
879 527 53 24 386)
947 528 7 20 i
965 527 90 20 huvud-

212 558 76 25 saklig
301 558 232 20 överensstämmelse
546 558 52 20 med
612 558 44 20 vad
669 558 7 20 i
690 557 257 25 statsrådsprotokollet
959 557 54 20 över
1026 556 30 21 ci-

211 588 137 20 vilärenden
359 588 36 20 för
406 588 45 20 den
462 588 12 20 3
485 588 59 25 april
556 588 56 20 1959
623 588 74 20 under
707 588 17 19 I.
735 587 117 20 förordats
863 587 43 20 och
917 588 33 19 att
961 587 94 20 utfärda

212 618 28 20 de
258 617 312 26 övergångsbestämmelser,
588 623 51 14 som
656 617 47 20 kan
721 617 31 20 bli
770 616 152 26 erforderliga
939 617 7 20 i
964 617 46 20 anl,
1028 622 28 15 av

211 647 156 21 förenämnda
385 647 94 25 förslag,
498 649 61 18 samt
576 647 136 25 godkänner
730 647 28 20 de
774 648 8 19 i
800 646 256 25 statsrådsprotokollet

212 678 54 20 över
280 677 157 21 civilärenden
451 677 36 20 för
500 677 45 20 den
559 677 12 20 3
585 677 59 25 april
659 677 56 20 1959
729 677 131 25 framlagda
872 676 134 25 grunderna
1019 676 36 20 för

212 707 270 25 kontraktsanställning
498 713 28 14 av
542 707 46 20 viss
604 706 160 21 universitets-
780 706 55 21 eller
850 706 205 25 högskolutbildad

212 737 108 25 personal
330 743 30 14 m.
370 743 31 15 m.

212 785 40 20 RD
264 785 153 25 bemyndigar
430 785 26 20 K.
469 785 45 20 M:t
526 785 34 20 att
571 785 94 24 vidtaga
677 784 127 25 ändringar
815 784 7 20 i
835 784 89 20 statens
936 783 119 21 allmänna

214 815 264 25 avlöningsreglemente
491 815 45 20 den
549 814 28 20 30
590 814 53 25 juni
658 814 55 21 1948
731 814 39 23 (nr
784 813 64 25 436),
862 813 193 26 avlöningsregle-

212 845 89 20 mentet
316 844 36 20 för
367 844 176 25 övningslärare
557 844 44 20 den
615 844 13 20 9
642 844 53 25 juni
711 844 55 20 1950
784 844 40 23 (nr
838 843 53 24 386)
909 843 43 20 och
967 843 88 20 statens

212 874 121 21 allmänna
347 874 342 25 tjänstepensionsreglemente
704 874 44 20 den
763 873 28 21 28
806 873 47 25 maj
872 873 55 20 1959
945 873 40 23 (nr
999 872 53 24 287)

212 904 7 20 i
234 904 158 25 huvudsaklig
407 903 232 21 överensstämmelse
654 904 51 20 med
720 904 43 19 vad
778 903 7 20 i
801 902 256 25 statsrådsprotokollet

212 934 54 20 över
283 934 158 20 civilärenden
458 933 37 21 för
512 934 44 19 den
574 933 10 20 1
604 933 58 25 april
681 933 55 20 1960
753 933 75 19 under
844 933 16 20 I.
878 932 127 24 förordats;
1023 933 34 19 att

212 963 8 20 i
234 963 158 26 huvudsaklig
407 963 233 21 överensstämmelse
653 963 52 20 med
720 963 44 19 vad
778 963 8 20 i
801 962 256 25 statsrådsprotokollet

212 993 75 20 under
304 993 27 20 II.
349 993 117 20 förordats
483 993 93 25 vidtaga
593 993 127 24 ändringar
736 992 7 20 i
759 992 28 21 28
805 992 10 23 $
833 992 88 20 statens
938 992 119 20 allmänna

213 1023 263 24 avlöningsreglemente
491 1023 44 19 den
549 1022 27 20 30
590 1022 53 24 juni
658 1022 55 20 1948
731 1022 39 23 (nr
784 1021 53 24 436)
855 1022 43 19 och
912 1022 144 19 motsvaran-

213 1052 27 20 de
256 1052 145 25 stadganden
416 1052 8 20 i
440 1052 73 19 andra
529 1057 28 14 av
572 1051 27 20 K.
614 1051 46 20 M:t
674 1051 52 20 med
742 1051 51 20 stöd
809 1057 28 14 av
852 1051 64 20 RD:s
930 1050 77 21 beslut
1021 1051 36 19 ut-

212 1081 97 20 färdade
323 1081 299 25 avlöningsförfattningar,
636 1081 105 20 meddela
754 1080 176 20 bestämmelser
942 1085 52 20 ang.
1008 1080 48 20 dels

212 1111 297 24 resekostnadsersättning
524 1111 43 19 och
581 1111 157 19 traktamente
753 1111 7 19 i
775 1110 113 20 samband
903 1110 52 20 med
970 1109 86 21 arbets-

211 1140 57 20 vård
288 1140 48 20 dels
356 1140 44 20 ock
419 1140 129 25 ordningen
568 1140 36 20 för
622 1139 149 21 bestridande
790 1145 28 14 av
836 1139 63 21 vissa
916 1140 8 20 i
943 1139 113 20 samband

212 1170 52 20 med
285 1170 66 25 dylik
370 1169 57 21 vård
448 1170 191 24 uppkommande
660 1169 116 20 särskilda
797 1169 133 24 kostnader,
951 1169 105 20 meddela

211 1199 78 21 beslut
300 1205 38 14 om
350 1199 198 25 tjänsteförening
560 1200 43 19 och
615 1199 47 20 rätt
673 1200 34 19 att
718 1198 117 21 bibehålla
847 1198 209 25 avlöningsförmå-

213 1235 41 14 ner
267 1229 7 20 i
288 1229 62 20 vissa
363 1229 50 24 fall,
426 1229 106 20 meddela
545 1229 28 20 de
586 1227 148 21 föreskrifter
746 1229 44 19 och
802 1228 94 25 vidtaga
909 1228 27 20 de
949 1228 107 25 åtgärder

212 1259 8 20 i
231 1259 82 25 övrigt,
325 1265 51 14 som
387 1259 38 20 må
437 1258 118 21 erfordras
566 1259 7 19 i
585 1258 66 25 fråga
662 1264 38 14 om
712 1258 151 25 samordning
874 1264 28 14 av
913 1258 143 25 tjänstepen-

213 1288 159 21 sionsförmån
388 1289 52 19 med
456 1288 70 20 änke-
541 1288 55 20 eller
611 1288 158 24 barnpension
785 1288 43 20 och
843 1287 91 21 besluta
949 1293 38 14 om
1002 1293 55 19 pen-

212 1318 207 25 sionsförbättring
432 1318 8 20 i
454 1318 62 20 vissa
530 1318 49 23 fall,
593 1318 29 20 då
636 1318 116 24 polisman
765 1317 104 25 övergått
883 1317 53 20 från
950 1317 106 20 kommu-

212 1348 39 20 nal
265 1348 36 20 till
316 1348 79 25 statlig
409 1348 175 25 pensionering;
599 1347 44 20 och
657 1347 77 20 avslår
748 1347 39 20 RD
802 1347 115 20 motioner
930 1353 38 14 om
983 1346 72 21 sådan

212 1378 100 25 ändring
323 1378 7 20 i
342 1379 89 19 statens
443 1378 119 19 allmänna
573 1377 252 25 pensionsreglemente
836 1378 34 19 att
880 1376 176 21 bestämmelser

211 1408 89 20 införes
316 1407 109 25 syftande
439 1407 35 20 till
489 1408 35 19 att
537 1407 157 20 efterlevande
708 1407 70 20 maka
792 1406 35 21 till
841 1406 118 20 ordinarie
972 1405 84 21 befatt-

211 1437 157 25 ningshavare
384 1437 38 20 må
436 1437 64 25 givas
515 1437 47 20 rätt
576 1437 35 19 till
627 1436 197 25 familjepension,
839 1436 78 20 därest
932 1436 124 20 äktenska-

212 1468 45 24 pet,
269 1467 75 20 ehuru
355 1467 38 20 det
403 1466 88 25 ingåtts
501 1466 59 20 efter
571 1466 38 20 det
619 1467 34 19 att
663 1466 248 25 befattningshavaren
922 1465 53 26 fyllt
985 1465 26 21 60
1023 1465 32 23 år,

212 1497 53 19 haft
278 1502 28 14 en
318 1496 149 25 varaktighet
479 1502 29 14 av
521 1496 26 20 15
561 1495 32 24 år,
606 1496 55 19 eller
674 1496 38 20 det
724 1496 63 24 lägre
799 1495 64 20 antal
876 1494 26 21 år
915 1501 50 14 som
977 1495 78 20 veder-

210 1526 104 20 börande
323 1526 91 20 utskott
423 1525 38 20 må
471 1525 66 20 finna
547 1525 113 25 lämpligt.

212 1556 39 20 RD
265 1556 153 25 bemyndigar
431 1555 26 20 K.
471 1555 45 20 M:t
529 1555 34 20 att
575 1555 93 24 vidtaga
681 1554 64 21 RD:s
757 1554 77 21 beslut
847 1555 45 19 rör.
906 1554 149 25 skogsvårds-

211 1586 155 25 styrelsernas
381 1585 159 25 organisation
555 1584 44 20 och
613 1584 149 20 verksamhet
777 1584 138 20 föranledda
929 1583 127 25 ändringar

211 1615 7 20 i
233 1616 89 19 statens
337 1615 120 20 allmänna
471 1614 263 25 avlöningsreglemente
747 1614 111 20 ävensom
871 1615 35 19 att
919 1613 95 20 utfärda
1028 1613 27 20 de

210 1644 306 26 övergångsbestämmelser
532 1649 50 15 som
598 1643 38 20 må
652 1643 61 20 bliva
729 1643 152 25 erforderliga
896 1644 7 19 i
920 1642 136 26 anslutning

211 1675 35 20 till
257 1675 68 20 dessa
336 1674 133 25 ändringar.

211 1722 39 20 RD
267 1721 77 21 avslår
359 1721 115 20 motioner
489 1727 38 14 om
542 1727 29 14 en
586 1720 151 25 systematisk
753 1720 202 25 arbetsvärdering
969 1719 86 21 beträf-

211 1751 71 21 fande
295 1752 62 20 vissa
370 1751 100 25 tjänster
482 1751 65 20 inom
560 1751 38 20 det
611 1750 94 25 statliga
718 1750 241 25 avlöningssystemet.

211 1811 27 20 Se
253 1811 44 20 ock
311 1810 77 21 Enkla
401 1810 81 25 frågor
499 1810 79 24 (1956:
591 1810 33 23 7),
638 1809 261 25 Lönegradsplacering,
913 1809 142 25 Löneplans-

209 1840 147 25 förordning,
369 1839 172 25 Lönerevision,
554 1839 152 25 Lönetillägg,
719 1839 262 25 Obekvämhetstillägg,
995 1839 60 25 Upp-

212 1870 99 25 skjutna
321 1869 101 21 ärenden
437 1869 78 24 (1952:
529 1875 16 18 1,
559 1869 65 20 1960:
637 1869 33 23 6).

167 1923 197 21 AVSKEDANDE
384 1923 40 20 AV
444 1922 240 23 ARBETSTAGARE;
706 1928 24 14 se
749 1922 203 25 Interpellationer
975 1921 78 24 (1952:

213 1959 47 17 104,
285 1947 67 34 1953:
357 1947 54 34 67),
434 1952 186 20 Pensionsväsen
647 1952 124 23 (1951:16,
796 1951 111 25 1952:2),
932 1951 122 25 Värnplikt

214 1983 79 23 (1951:
295 1978 43 35 2).

167 2029 200 21 AVSKRIVNING
380 2029 40 21 AV
434 2028 151 21 MASKINER
599 2029 29 19 M.
640 2029 39 23 M.;
694 2034 24 14 se
731 2028 153 21 Skatteväsen
903 2028 139 24 (1952:43).

165 2079 374 22 AVSKRIVNINGSREGLERNA
555 2078 66 21 RÖR.
637 2078 186 25 BYGGNADER;
839 2085 25 15 se
877 2079 153 20 Skatteväsen

1075 196 26 20 År

1123 199 53 21 Prop.

1206 175 90 17 Motioner

1364 175 71 17 Utskott

1483 187 57 17 Skriv.

1596 176 93 17 Protokoll

1206 229 96 17 FK
1240 225 24 31 |
1264 229 38 17 AK

1323 229 88 17 ISmllAvd!
1434 229 26 17 Nr

1502 216 22 12 nr

1581 229 30 17 FK
1680 230 33 16 AK

213 2110 79 24 (1959:
305 2110 33 24 5).

1078 467 29 22 59

1079 783 29 23 60

1079 1557 29 21 60)

1131 469 40 20 141

1131 785 42 21 136

1131 1558 42 21 106

1200 785 44 20 396
1248 781 14 35 |
1265 785 43 20 492

1200 1754 43 21 302
1266 1754 43 20 1379

1350 785 13 20 6)
1385 781 34 35 —I
1418 781 51 35 108

1350 1558 13 20 6)
1386 1553 32 36 —|
1418 1553 51 36 145

1491 469 43 21 248

1491 785 43 20 283

1491 1558 43 20 325

1551 468 71 20 16:127
1651 468 71 21 |16:227

1551 784 71 21 17:164
1651 784 72 20 117:278

1550 1557 72 21 20:100
1650 1557 74 21 |20:144

1549 1753 60 21 25:31
1627 1753 59 21 dl26:
1702 1758 21 15 55
