1823 2350
160 73 43 21 396

178 253 170 20 Försvarsväsen.

206 289 33 20 28.
256 289 42 19 RD
316 289 126 26 godkänner
458 290 94 25 grunder
568 290 33 19 för
618 290 174 26 organisationen
810 296 28 14 av
856 290 137 21 tandvården
1011 290 58 21 inom

178 318 114 24 försvaret,
310 319 118 20 fastställer
445 319 237 27 personalförteckning
699 320 34 20 för
749 320 118 20 försvarets
885 320 108 20 tandvård
1012 322 58 18 samt

178 348 87 20 anvisar
274 348 32 20 till
316 349 117 20 försvarets
442 349 116 20 tandvård:
569 349 32 20 till
610 349 128 27 avlöningar
747 350 40 19 610
796 350 41 19 000
845 350 32 19 kr.
888 350 33 26 (f),
932 350 32 20 till
973 350 97 20 omkost-

178 378 67 20 nader
253 378 40 20 265
302 378 41 20 000
350 378 32 20 kr.
391 378 26 27 (f)
425 380 59 19 samt
491 378 33 21 till
531 379 236 26 engångsanskaffning
774 385 28 14 av
811 380 97 19 materiel
916 380 27 20 36
951 380 42 20 000
1000 380 32 20 kr.
1042 380 27 26 (r)

206 408 33 20 29.
256 408 42 20 RD
310 408 88 20 anvisar
409 409 11 19 å
432 408 133 26 tilläggsstat
578 409 21 20 II
611 409 32 20 till
656 409 87 20 förvärv
755 415 27 14 av
795 409 61 20 mark
869 410 33 19 för
914 409 56 21 vissa
982 410 87 26 oljelag-

178 437 214 27 ringsanläggningar
406 438 68 20 under
487 439 233 26 arméförvaltningens
734 439 88 20 delfond
836 439 26 20 45
871 439 42 20 000
926 439 32 20 kr.
973 439 24 26 (i)
1012 441 58 19 samt

178 468 69 19 under
256 467 218 27 flygförvaltningens
484 468 87 20 delfond
581 468 26 20 50
616 468 41 20 000
666 469 31 19 kr.
708 468 31 26 (i).

205 497 34 20 30.
256 497 42 20 RD
308 497 110 27 medgiver
427 499 34 19 att
471 499 44 19 rätt
525 498 31 20 till
566 498 141 26 företagande
716 504 28 14 av
754 498 5 20 i
768 499 241 26 statsrådsprotokollet
1018 501 52 18 över

178 527 190 20 försvarsärenden
384 528 33 19 för
431 528 41 19 den
489 528 24 19 12
527 528 44 26 jan.
589 528 52 20 1945
657 528 143 20 omförmälda
816 529 192 20 rekreationsresor
1023 530 47 19 mot

179 557 88 20 nedsatt
280 557 70 26 avgift
363 557 35 20 må
413 557 122 20 tillkomma
550 558 98 26 personal
663 558 36 20 vid
714 558 107 20 försvaret
834 558 6 20 i
855 558 41 20 den
910 558 158 27 utsträckning,

178 593 46 13 som
235 593 28 13 av
274 587 239 26 departementschefen
524 587 101 27 angivits.

206 617 33 19 31.
257 617 41 19 RD
310 617 72 20 avslår
393 617 83 20 motion
488 623 48 21 ang.
549 617 136 20 tillsättande
696 624 28 13 av
736 624 25 13 en
775 618 180 26 parlamentarisk
967 602 103 36 kommis-

178 646 46 20 sion
236 646 58 20 inom
306 647 208 20 försvarsväsendet.

206 677 33 19 32.
257 676 41 20 RD
307 676 88 21 anvisar
403 676 32 20 till
444 677 81 20 armén:
535 677 129 26 avveckling
672 683 28 14 av
710 677 148 26 beredskapen
867 683 28 14 m.
905 683 29 14 m.
944 678 26 19 50
979 678 41 20 000
1029 678 41 20 000

178 706 32 20 kr.
223 706 33 26 (f),
271 706 30 20 till
314 706 104 20 marinen:
431 707 129 26 avveckling
572 713 28 14 av
612 707 148 26 beredskapen
773 713 28 14 m.
812 713 28 14 m.
853 707 27 20 50
888 707 41 20 000
938 707 41 20 000
991 708 31 19 kr.
1036 708 32 25 (f),

179 736 32 19 till
220 736 136 26 flygvapnet:
366 737 129 26 avveckling
504 743 29 14 av
543 737 148 26 beredskapen
701 743 28 14 m.
739 743 28 14 m.
778 737 13 20 5
800 737 41 20 000
849 737 41 20 000
900 737 31 20 kr.
943 737 32 27 (f),
991 737 32 20 till
1037 738 33 19 för

178 766 108 20 försvaret
303 771 161 21 gemensamma
483 766 90 27 utgifter
590 767 34 19 för
641 766 129 27 avveckling
788 773 28 14 av
835 767 147 26 beredskapen
1001 773 67 14 m.m.

180 796 25 19 10
214 796 41 20 000
263 796 42 20 000
316 796 32 20 kr.
361 796 33 26 (f),
407 798 58 18 samt
477 797 69 19 under
557 796 118 20 försvarets
687 797 176 26 fastighetsfond,
876 797 85 20 arméns
974 797 94 23 delfond,

178 825 33 20 till
221 826 129 26 avveckling
360 832 28 14 av
399 826 146 26 beredskapen
557 827 12 19 2
578 827 41 19 000
627 826 41 20 000
678 826 32 20 kr.
721 826 31 26 (i).

206 855 33 20 33.
257 855 41 20 RD
313 856 88 20 anvisar
415 856 32 20 till
461 856 104 26 täckning
579 862 28 14 av
621 856 57 20 vissa
693 856 92 26 löpande
800 856 187 26 försvarsutgifter
1000 857 12 19 å
1028 856 42 20 till-

178 885 107 26 läggsstat
298 885 20 20 IT
329 885 41 20 900
378 886 42 19 000
428 886 41 19 000
480 886 31 19 kr.
524 886 33 26 (f).

206 915 33 19 34.
257 915 41 20 RD
309 915 127 26 godkänner
446 915 79 27 förslag
535 916 33 19 till
579 916 178 25 beredskapsstat
767 916 33 19 för
810 916 208 23 försvarsväsendet;
1030 916 39 20 och

179 945 143 26 bemyndigar
336 945 41 20 RD
393 945 63 20 KM:t
469 946 34 19 att
517 945 107 20 fastställa
639 946 70 19 denna
724 946 178 26 beredskgapsstat
915 946 51 19 eller
979 946 43 19 viss
1036 946 33 20 del

180 974 67 20 därav
258 976 35 18 att
303 975 65 19 lända
378 975 33 19 till
422 975 144 20 efterrättelse
576 975 71 20 såsom
658 975 152 20 förskottsstat
820 976 25 19 fr.
856 982 19 13 o.
885 981 28 14 m.
925 975 106 27 ingången
1042 982 28 13 av

180 1004 130 26 budgetåret
323 1004 89 26 1945/46
424 1006 58 18 samt
493 1006 35 19 att
539 1005 64 20 ställa
615 1005 11 19 å
639 1005 179 20 förskottsstaten
831 1005 108 26 uppförda
951 1005 75 26 anslag
1037 1005 32 20 till

179 1034 163 20 vederbörande
355 1034 163 26 myndigheters
532 1035 134 25 förfogande;
682 1035 39 19 och
736 1035 111 25 medgiver
861 1035 49 23 RD;
925 1036 35 19 att
974 1035 26 20 de
1014 1035 6 20 i
1035 1035 35 20 be-

179 1063 178 26 redskapsstaten
375 1063 94 26 angivna
487 1063 193 26 anslagsbeloppen
699 1064 35 19 må
753 1063 143 24 överskridas,
916 1064 68 20 under
1002 1064 68 20 förut-

179 1093 98 25 sättning
289 1094 34 18 att
336 1093 124 26 Konungen
473 1093 50 20 låtit
535 1093 186 26 riksdagskallelse
735 1094 51 25 utgå
799 1093 51 20 eller
863 1094 41 19 RD
918 1094 85 20 ändock
1016 1094 54 20 skall

179 1122 58 20 inom
249 1122 62 26 tjugo
323 1123 66 25 dagar
400 1123 171 20 sammanträda.

207 1152 33 20 35.
257 1152 42 20 RD
312 1152 72 20 avslår
396 1152 108 20 motioner
516 1159 35 13 om
564 1154 45 18 rätt
622 1153 33 19 för
667 1153 129 19 husmödrar
808 1153 37 20 vid
858 1153 212 20 försvarsväsendets

179 1181 194 27 matinrättningar
380 1184 35 18 att
422 1182 80 20 erhålla
511 1182 26 20 fri
546 1182 85 26 portion
640 1182 21 20 in
670 1184 85 18 natura.

207 1211 33 20 36.
257 1211 61 20 RD:s
330 1212 104 25 yttrande
447 1212 6 20 i
466 1212 42 20 anl.
521 1218 28 14 av
562 1212 67 20 väckt
641 1212 83 20 motion
737 1217 48 21 ang.
799 1212 171 26 fredsplanering
983 1212 32 20 för
1028 1212 41 20 för-

179 1242 83 19 svarets
279 1241 161 26 arbetsplatser.

209 1300 17 20 1.
244 1300 61 20 RD:s
317 1301 104 25 yttrande
434 1301 6 19 i
453 1301 42 20 anl.
509 1307 27 13 av
550 1301 74 19 KM:ts
637 1301 159 26 framställning
810 1302 40 19 rör.
864 1301 125 26 ytterligare
1002 1301 68 20 hand-

180 1330 215 33 räckningspersonal
404 1330 36 20 vid
450 1330 207 20 försvarsväsendet.

207 1360 20 19 2.
244 1360 42 20 RD
300 1360 88 20 anvisar
402 1360 32 20 till
449 1360 188 26 ämbetsbyggnad
652 1360 12 20 å
679 1360 193 26 Ladugårdsgärde
887 1360 11 20 å
913 1356 132 52 tillaggsstar
1061 1361 8 19 I

179 1390 13 19 3
204 1389 38 20 100
250 1389 42 20 000
307 1390 31 19 kr.
355 1389 31 26 (i).

208 1419 19 20 3.
244 1419 42 20 RD
296 1419 169 26 tillkännagiver
473 1419 44 20 vad
527 1420 110 19 utskottet
645 1420 73 19 anfört
728 1421 40 18 rör.
779 1426 27 13 av
816 1420 78 20 KM:t
879 1415 18 34 i
904 1399 107 41 särbatd
1020 1420 50 20 med

180 1449 41 19 den
236 1449 119 20 förstärkta
369 1449 256 26 försvarsberedskapens
640 1449 141 26 upphörande
796 1450 122 22 utfärdade,
934 1449 6 20 i
954 1450 116 19 statsråds-

180 1478 132 26 protokollet
325 1480 52 18 över
389 1479 190 20 försvarsärenden
592 1479 34 20 för
639 1479 41 20 den
696 1479 24 19 12
734 1479 44 20 okt.
795 1479 52 20 1945
861 1481 98 18 närmare
976 1479 93 26 angivna

180 1508 124 26 reglerande
315 1508 134 20 föreskrifter
460 1509 49 19 med
520 1509 107 19 avseende
638 1509 12 19 å
661 1508 110 27 avlöning,
783 1508 160 27 familjebidrag
954 1509 40 19 och
1005 1509 66 26 ledig-

180 1538 38 19 het
228 1538 34 20 för
271 1538 44 19 viss
326 1538 98 26 personal
435 1538 37 20 vid
483 1538 148 26 krigsmakten
642 1540 58 18 samt
711 1538 173 26 hemförlovning
894 1545 28 13 av
932 1538 138 26 sjukskriven

180 1568 68 19 sådan
262 1568 106 25 personal;
384 1568 40 19 och
437 1568 112 26 medgiver
564 1568 49 23 RD,
628 1569 35 19 att
676 1568 6 20 i
697 1568 91 20 berörda
802 1568 217 26 statsrådsprotokoll
1033 1574 38 14 an-

180 1597 65 26 givna
257 1597 250 26 tilläggsbestämmelser
519 1599 40 19 rör.
572 1597 160 27 familjebidrag
743 1598 24 19 åt
778 1598 178 26 kroppsskadade
968 1598 35 20 må
1014 1598 56 26 gälla

181 1627 43 20 tills
237 1626 75 21 vidare
324 1627 56 20 intill
394 1627 47 20 dess
454 1627 368 27 militärersättningsförordningen
835 1628 43 19 kan
892 1627 58 20 bliva
963 1628 46 20 helt
1021 1628 50 20 eller

181 1656 68 21 delvis
260 1658 69 19 ersatt
338 1657 49 20 med
400 1663 42 20 nya
453 1657 136 26 stadganden
600 1657 6 20 i
617 1659 81 18 ämnet.

208 1686 19 20 4.
245 1686 42 20 RD
302 1686 111 27 medgiver
426 1687 91 20 fortsatt
531 1687 128 26 disposition
674 1693 28 14 av
717 1687 56 20 vissa
788 1687 75 26 anslag
878 1687 32 20 till
925 1687 104 26 täckning
1042 1693 29 14 av

180 1716 187 26 engångsutgifter
379 1717 39 19 och
430 1717 69 20 andra
511 1717 33 19 för
556 1717 235 26 beredskapsändamål
803 1717 104 20 anvisade
919 1717 152 26 tilläggsstats-

181 1746 39 19 och
230 1746 183 26 riksstatsanslag.

208 1776 19 20 5.
243 1775 56 27 Ang.
316 1776 124 20 förbättrad
457 1776 152 26 löneställning
626 1776 32 20 för
675 1776 125 20 underbefäl
817 1782 28 14 m.
856 1782 36 17 m.;
909 1782 22 14 se
950 1776 121 26 Interpella-

180 1805 66 20 tioner
258 1805 65 26 (119).

208 1835 19 19 6.
243 1835 56 26 Ang.
309 1835 57 20 vissa
377 1835 92 20 svenska
479 1835 115 20 militärers
604 1835 100 27 rymning
715 1836 68 19 under
792 1836 24 19 år
827 1835 49 20 1941
888 1835 33 20 till
932 1835 106 24 utlandet;
1049 1842 21 13 se

183 1865 180 26 Interpellationer
378 1865 65 26 (132).

208 1894 19 20 7.
243 1894 56 26 Ang.
311 1894 274 27 militärmyndigheternas
598 1895 35 20 val
645 1901 27 14 av
685 1895 81 20 lokaler
777 1895 33 20 för
822 1895 247 26 militärförläggningar;

180 1930 22 13 se
217 1924 181 26 Interpellationer
410 1924 65 26 (135).

210 1983 17 19 1.
244 1983 109 20 Yttrande
367 1983 6 20 i
387 1984 41 19 AK
442 1984 36 19 vid
493 1984 74 19 remiss
581 1984 32 20 till
628 1984 86 20 utskott
727 1990 28 14 av
769 1990 60 20 prop.
845 1990 25 14 nr
885 1984 44 20 120.

208 2013 19 20 2.
244 2013 42 20 RD
303 2013 126 26 godkänner
444 2013 94 26 grunder
553 2014 33 19 för
602 2014 232 26 förrådsorganisation
850 2014 34 19 för
899 2013 54 20 vård
970 2013 39 20 och
1026 2019 44 14 om-

180 2042 98 27 sättning
289 2049 28 13 av
330 2043 117 20 försvarets
459 2043 126 20 läkemedel.

208 2072 19 20 3.
245 2072 41 20 RD
300 2072 87 20 anvisar
399 2073 32 19 till
445 2073 109 20 blankett-
567 2073 39 20 och
619 2073 326 26 kasernutredningskostnader
957 2079 29 13 m.
996 2078 28 14 m.
1038 2072 33 20 för

180 2102 104 20 fortsatta
297 2102 345 27 organisationsundersökningar
654 2103 12 20 å
679 2103 133 26 tilläggsstat
825 2103 22 20 II
861 2103 39 20 100
909 2102 41 21 000
962 2103 32 19 kr.
1007 2102 35 27 (r).

1226 162 90 31 Motioner
1374 165 80 17 Utskott
1460 161 23 36 —
1498 177 52 16 Iekriv
1617 165 93 16 Protokoll

1092 186 25 20 År
1113 182 18 34 |
1140 190 53 20 Prop.
1329 184 48 30 [EG
1460 202 26 2 ES
1517 182 39 35 Zae
1731 202 26 1 CS

1221 220 32 15 FK
1256 215 23 29 |
1284 220 35 15 AK
1340 219 85 16 |SmllAvd]
1449 220 27 15 Nr
1595 219 32 16 FK
1694 219 34 16 AK

1090 291 28 20 451
1148 291 34 19 171
1216 290 40 20 1347.)
1295 303 27 1 —1
1357 291 61 19 61—
1414 286 18 35 |
1443 291 39 19 1801
1505 290 41 20 4291
1571 291 69 19 28:64
1648 286 18 35 |
1672 290 33 20 28:
1717 292 9 17 7

1101 416 8 12 »
1120 405 22 34 |
1145 409 40 20 2771
1230 421 27 2 —I
1294 421 28 2 —I
1357 410 60 19 61—]
1444 410 37 19 1821
1506 409 40 20 427
1547 405 18 34 |
1571 410 32 19 28:
1615 411 24 17 64
1649 405 18 34 |
1671 409 33 20 28:
1716 411 9 17 7

1100 505 9 12 »
1159 499 22 19 21
1216 499 37 19 12911]
1295 511 26 2 —I
1356 499 61 19 61—]
1441 498 40 20 2121
1506 498 40 21 4551
1570 499 69 19 30:10
1670 499 33 19 130:
1715 500 10 17 6

1100 624 8 13 »
1158 630 28 2 —
1190 613 18 34 I
1229 629 27 2 —|
1280 618 40 19 2181
1356 618 60 19 61]—]|
1441 617 40 20 2141]
1519 618 120 19 —130:10
1664 617 92 20 |32:186d

1100 683 8 13 »
1117 672 23 35 1
1145 678 40 19 322]
1229 689 28 2 —I
1294 689 27 2 —1I
1356 677 60 19 61—
1413 672 23 35 1
1441 677 39 20 2151
1505 677 41 20 4541
1570 677 69 20 30:10
1642 672 23 35 |
1670 677 33 19 30:
1715 676 27 20 6d

1100 862 8 13 »
1122 851 18 35 1
1144 856 41 20 3081
1229 868 28 2 —I
1294 868 27 2 —I
1356 856 60 19 61—]
1440 856 41 19 2301
1504 855 40 20 457
1553 851 14 35 |
1569 855 33 20 31:
1616 858 22 17 13
1647 851 18 35 |
1670 855 33 20 32:
1717 857 23 17 14

1140 893 15 11 s:
1167 888 24 17 238
1435 887 111 17 s.101s.14

1100 922 8 13 »
1116 910 23 36 1
1145 915 40 20 325]
1229 927 27 2 —I
1294 927 27 2 —I1
1356 915 60 20 6/—]|
1440 914 105 21 2311458]
1569 915 69 20 31:13
1642 910 24 36 |
1670 915 33 20 32:
1717 916 23 18 14

1100 1159 8 12 »
1159 1164 27 2 —
1192 1147 18 35 |
1216 1152 40 20 225
1260 1147 18 35 |
1280 1152 40 20 243]
1356 1152 60 19 6|—1
1440 1151 40 20 2341
1518 1163 27 2 —I|
1569 1151 34 20 31:
1616 1151 37 20 138d)
1671 1151 33 19 31:
1716 1153 10 17 6

1100 1218 9 13 »
1117 1206 23 35 |
1159 1223 27 2 —1I
1229 1211 91 20 —11871
1356 1211 60 19 61-—1
1440 1210 40 20 259
1485 1206 18 35 1
1505 1210 40 20 5231
1570 1210 33 20 31:
1615 1212 24 18 90
1649 1206 18 35 |
1671 1210 34 20 32:
1718 1210 39 20 17d

1090 1300 27 20 451
1144 1300 40 20 334
1193 1295 27 35 |
1229 1312 28 2 —|
1294 1312 27 2 —J]
1356 1300 12 19 6
1389 1312 28 2 1—
1411 1295 23 35 1
1440 1300 41 19 266
1484 1295 18 35 |
1505 1299 40 20 5451
1570 1299 33 20 34:
1616 1302 10 16 8
1648 1295 18 35 |
1673 1299 33 20 36:
1719 1301 23 17 21

1094 1330 61 20 H|s.
1169 1332 23 17 19
1442 1331 102 17 s:tleg

1100 1366 9 13 »
1122 1354 18 35 |
1145 1359 39 20 334
1194 1354 27 35 I
1229 1371 28 2 —I
1294 1371 27 2 —LI
1356 1359 61 19 61—]
1440 1358 41 20 266
1483 1354 18 35 |
1505 1358 41 20 5451
1570 1358 33 20 34:
1615 1358 25 20 8d
1645 1354 22 35 |
1676 1358 33 20 36:
1721 1360 23 17 21

1140 1397 15 11 s.
1168 1391 23 17 93
1436 1390 47 18 s.15l
1507 1395 15 12 s.
1535 1390 9 17 7

1101 1426 8 12 »
1121 1413 19 36 I
1145 1419 37 20 341]
1229 1431 28 2 —I
1294 1430 27 3 —1I
1356 1418 61 20 6/—]1
1441 1418 184 20 2851590139:2
1648 1413 19 36 |
1674 1417 33 20 41:
1720 1419 24 18 47

1101 1692 9 13 »
1119 1680 23 36 1
1146 1686 40 20 386
1196 1680 23 36 |
1230 1697 28 3 —I
1295 1697 27 3 —I|
1357 1685 61 20 61—1
1442 1685 40 20 2931
1506 1684 98 21 594140:
1616 1687 10 17 2
1671 1684 33 20 142:
1716 1686 25 18 93

1090 1983 28 20 461]
1148 1982 38 20 120]
1230 1993 188 3 ——I—)—]
1455 1993 28 2 —I
1520 1993 28 2 —I
1596 1993 28 2 —
1644 1977 18 36 |
1674 1981 31 20 11:
1717 1981 40 20 22d

1101 2019 8 13 »
1119 2006 19 36 |
1162 2012 21 20 Hl
1230 2024 28 2 —]
1294 2023 28 3 —I
1357 2012 61 19 61—]
1455 2011 27 20 581
1508 2011 131 20 110113:15
1646 2006 18 36 |
1673 2010 68 21 13:35

1101 2078 9 13 »
1147 2071 39 20 1163]
1230 2083 28 2 —!I
1294 2082 28 3 —I
1357 2070 61 20 61—]1
1444 2070 38 20 1031
1507 2070 37 20 2211
1574 2070 65 20 17:11
1652 2066 14 35 |
1673 2070 68 20 18:10

1141 2108 15 12 s.
1169 2103 23 17 17
1443 2107 15 12 s.
1470 2102 11 17 61
1508 2102 37 17 8:7
