1833 2351
805 142 136 39 SAKREGISTER
1649 152 27 21 47

1016 220 40 31 SO
1399 226 52 18 Riks-

961 249 17 26 3
1015 249 35 35 2R
1115 274 3 3 5
1231 241 95 40 Utskotts-
1389 251 72 31 dagens
1517 257 118 17 Kamrarnas

961 280 17 25 ,
1015 278 41 36 DR
1060 270 108 32 Motioner
1220 274 113 33 utlåtanden
1403 286 22 17 Sk
1502 286 144 22 förhandlingar

961 310 18 27 =
1015 308 41 31 22
1195 304 47 17 eller
1255 304 99 17 memorial
1395 316 62 17 völser

957 341 16 24 2
1015 339 39 40 EE
1188 364 17 11 ST

1015 369 12 9 z

962 369 89 46 Fl
1060 365 49 61 [EE
1128 371 119 46 ARE)
1283 381 17 27 AA
1343 372 17 44 le
1397 381 17 27 ES
1445 370 113 46 ans
1568 365 8 61 |
1589 370 71 41 same:

85 431 92 26 Anslag
200 433 33 20 till
256 440 43 19 nya
314 433 101 21 ändamål
431 434 51 20 eller
498 434 77 24 behov;
593 441 21 13 se
632 433 294 29 Kommunalförfattningar

130 462 72 26 (1928:
214 463 26 25 2).

85 526 109 22 Anstånd
218 527 55 21 med
296 527 102 26 avsked;
415 535 21 14 se
453 528 207 28 Statsdepartement
674 529 36 22 och
726 529 97 22 centrala
839 530 86 22 ämbets-

129 558 50 20 verk
195 557 72 28 (1929:
279 558 25 26 2).

84 621 110 22 Anstånd
209 622 55 21 med
280 621 190 28 verkställighet
486 628 32 16 av
533 622 82 30 straff;
631 631 21 14 se
669 623 74 28 Straf
755 624 79 26 (1922).

84 687 257 27 Ansvarighetslagen.

114 719 38 20 RD
168 721 86 23 antager
269 719 79 26 förslag
363 719 34 20 till
413 719 34 26 lag
462 726 35 13 om
514 719 82 20 ändrad
611 719 81 27 lydelse
708 726 26 14 av
750 720 13 25 $
776 720 11 19 1
801 720 7 20 i
819 720 104 26 ansvarig-
939 720 54 22 [19211
1012 720 41 20 145
1172 726 2 27 |

128 748 110 26 hetslagen
262 748 41 21 den
327 749 26 20 10
377 749 53 20 febr.
456 749 56 20 1810
536 749 33 20 för
592 749 124 20 statsrådets
732 749 123 26 ledamöter,
871 750 52 20 före-
1172 755 2 23 |

128 778 106 25 dragande
256 779 39 20 och
319 778 132 26 Konungens
474 779 109 25 rådgivare
606 779 7 20 i
632 779 176 20 kommandomål
827 778 97 28 (ändring

128 808 6 20 i
151 808 116 26 anledning
282 815 26 13 av
324 808 147 21 dödsstraffets
487 808 155 24 avskaffande).

1282 721 27 20 47
1383 720 42 21 318
1490 721 34 20 43:
1535 726 25 16 67
1562 717 22 34 |
1592 721 34 20 53:
1637 726 25 16 58

1192 721 12 20 oc

83 871 133 26 Annonser,
233 873 80 26 legala;
331 880 21 13 se
369 872 57 22 Post-
443 872 37 22 och
495 872 85 22 inrikes
595 872 115 28 tidningar
725 872 80 29 (1925).

83 936 193 27 Anthropologia
292 937 108 30 Suecica;
417 946 21 13 se
454 938 168 28 Rasbiologiska
636 938 110 22 institutet
761 939 73 27 (1926:
846 938 25 29 3).

83 1002 90 22 Antika
196 1002 124 22 filosofers
344 1003 46 21 och
413 1002 134 23 statsmäns
565 1003 112 29 skrifter;
693 1011 22 14 se
731 1004 103 27 Skrifter,
851 1005 73 20 antika
1372 1020 2 9 I

113 1034 104 21 filosofers
233 1034 40 21 och
289 1036 116 19 statsmäns
421 1034 80 28 (1921).
1373 1044 1 10 I

83 1092 174 30 Antikviteter;
274 1101 22 13 se
313 1093 182 27 Kulturföremål,
512 1094 58 20 äldre
586 1094 75 25 (1927;
680 1092 71 30 1928).

84 1151 235 22 Antimilitaristiska
340 1151 113 30 skrifter;
476 1160 22 14 se
521 1152 182 28 Anmärkningar
721 1155 45 18 mot
785 1153 117 21 ledamöter
917 1155 7 19 i

128 1183 113 20 statsrådet
256 1183 73 25 (1927:
342 1183 25 25 2).

83 1240 146 26 Antonsson,
245 1241 23 21 L.
284 1241 28 26 J.,
329 1242 15 21 f.
361 1242 20 20 d.
399 1242 170 27 vaktkonstapel.

114 1273 53 25 Ang.
184 1272 117 20 understöd
316 1273 22 19 åt
354 1272 54 20 hans
424 1272 64 24 änka;
506 1279 21 13 se
544 1271 123 26 Pensioner,
684 1272 106 27 beviljade
807 1271 78 28 (1923).

84 1329 117 27 Apelryd;
217 1338 22 14 se
258 1331 204 26 Trädgårdsskötsel
477 1331 72 26 (1924:
564 1336 20 19 7;
603 1331 94 24 1925:7;
716 1331 63 21 1926:
791 1336 20 19 4;
830 1331 63 21 1927:
905 1337 18 18 3;

130 1361 94 24 1928:2;
243 1361 94 23 1929:8;
357 1361 100 26 1930:4).

83 1419 136 26 Apelsiner;
236 1427 22 14 se
277 1420 120 21 Tulltaxan
412 1421 73 26 (1929:
498 1421 25 27 6).

83 1478 140 27 Apelviken,
250 1481 166 20 kustsanatoriet
442 1480 45 24 vid;
514 1487 22 14 se
562 1479 235 28 Tuberkulossjukvård
818 1480 104 26 (1921:1;

130 1510 94 24 1000:1;
243 1510 210 24 1927:1;-1929:3;
472 1510 101 26 198058);

84 1568 94 26 Apotek
194 1570 39 20 och
250 1570 120 26 apotekare.

114 1600 40 19 AK
170 1600 69 20 avslår
254 1600 82 20 motion
352 1606 47 19 ang.
416 1599 160 26 nedbringande
592 1606 26 13 av
628 1599 227 27 läkemedelspriserna
868 1602 56 18 samt
938 1598 57 23 1926]
1122 1599 81 21 383131
1233 1599 12 19 21
1297 1599 24 20 3]
1585 1601 32 20 18:
1629 1601 41 20 15d

130 1629 255 26 progressivbeskattning
401 1636 26 13 av
443 1636 58 13 mera
517 1629 131 25 bärkraftiga
663 1629 76 26 apotek
752 1629 32 20 till
796 1630 83 19 förmån
891 1630 33 19 för
1320 1639 1 14 I

129 1659 84 20 mindre
231 1659 135 25 bärkraftiga.

141 1693 24 18 Se
177 1696 50 15 även
240 1693 129 18 Läkemedel
381 1693 65 22 (1927).

84 1745 152 27 Appreterad
252 1745 213 25 bomullsvävnad;
481 1754 22 13 se
521 1747 121 21 Tulltaxan
657 1747 72 26 (1927:
741 1747 24 26 4).

84 1805 139 26 Aprikoser,
241 1807 97 23 torkade;
356 1814 21 13 se
396 1806 121 21 Tulltaxan
532 1807 72 25 (1929:
616 1807 25 25 6).

84 1864 131 27 Araskoga
230 1870 30 15 nr
276 1865 24 24 3;
317 1873 22 13 se
356 1866 166 26 Avsöndringar
537 1866 72 26 (1927:
621 1866 40 26 32).

85 1924 150 21 Arbetarnas
251 1923 239 28 bildningsförbund.

114 1956 74 20 Såsom
205 1956 75 26 bidrag
296 1956 33 20 till
346 1956 122 20 arbetarnas
484 1956 202 25 bildningsförbund
702 1957 33 19 för
750 1956 135 20 bestridande
898 1963 26 13 av
940 1955 54 22 1921]
1011 1956 43 20 224
1055 1951 14 36 |
1084 1956 27 20 66

129 1985 48 20 dess
200 1986 162 25 organisations-
386 1986 39 20 och
442 1985 299 21 administrationskostnader
756 1986 84 20 anvisas
856 1986 69 20 under

129 2016 52 19 visst
196 2015 78 20 villkor
289 2016 70 19 såsom
376 2015 105 21 särskilda
496 2015 170 26 förslagsanslag,
682 2016 70 26 högst:
770 2017 12 19 å
798 2016 127 25 tilläggsstat

129 2045 33 20 för
178 2044 55 21 1921
253 2045 26 20 12
290 2045 42 20 000
349 2046 30 19 kr.
397 2045 39 20 och
453 2046 12 19 å
481 2047 60 18 extra
556 2047 42 18 stat
614 2045 32 21 för
663 2045 56 21 1922
738 2045 25 20 12
774 2045 42 21 000
832 2045 31 20 kr.

1192 1956 12 20 6)
1235 1955 75 20 11-98
1384 1956 41 20 310
1492 1956 33 20 32:
1536 1961 24 16 53
1562 1952 22 34 |
1593 1956 33 20 39:
1638 1962 24 15 55
