1831 2357
156 147 40 20 376
852 150 224 16 SAKREGISTER

176 440 71 20 Enkla
260 440 76 26 frågor.

176 470 41 21 AK

176 500 30 20 Nr
214 486 26 34 35
249 500 59 26 (herr
315 500 83 20 Janson
407 500 7 20 i
423 500 136 26 Frändesta):
571 501 8 19 I
587 501 43 19 anl.
639 506 28 14 av
676 501 41 20 den
726 507 28 14 av
762 501 134 26 oljebolagen
904 501 7 20 i
919 502 95 26 dagarna

203 530 105 26 vidtagna
320 530 105 27 åtgärden
437 531 35 19 att
484 536 27 14 av
522 530 143 26 jordbrukare
677 531 68 20 kräva
757 531 112 27 betalning
881 531 134 21 omedelbart

203 560 36 20 vid
249 560 124 20 leveransen
383 560 50 20 eller
441 560 6 20 i
456 560 96 20 förskott
560 560 34 20 för
602 560 160 27 motorfotogen
772 561 40 20 och
820 561 194 27 motorbrännolja.

176 620 30 19 Nr
221 620 26 20 36
262 620 58 26 (herr
334 620 96 26 Hagberg
444 620 6 19 i
465 620 97 25 Malmö):
577 620 55 26 Ang.
648 620 135 20 omedelbart
797 620 113 21 införande
925 627 28 14 av
968 622 46 19 s.k.

203 649 136 21 sommartid.

176 710 31 19 Nr
221 709 26 21 37
263 709 59 27 (herr
336 709 103 21 Eriksson
454 710 7 19 i
476 710 118 25 Toftered):
610 710 55 26 Ang.
681 710 113 27 avlösning
809 716 29 14 av
851 711 48 20 s.k.
915 711 101 27 landgille

204 740 39 20 och
257 739 74 26 dylika
344 739 103 27 avgälder
459 740 48 20 från
520 739 45 21 viss
577 740 48 26 jord
638 740 7 20 i
659 740 77 24 Skåne,
751 740 95 21 Halland
859 740 40 21 och
912 740 104 27 Blekinge

203 769 36 20 län
252 769 68 27 enligt
332 769 153 27 förordningen
499 769 41 20 den
555 769 25 21 18
592 769 47 27 juni
654 769 59 21 1937.

176 829 31 20 Nr
223 829 27 20 38
267 829 59 26 (herr
344 829 68 27 Flyg):
430 829 55 27 Ang.
503 829 26 20 de
546 829 94 20 militära
658 829 191 27 myndigheternas
866 830 151 21 rekvisitioner

203 865 29 14 av
248 859 151 20 automobiler.

176 919 31 20 Nr
218 919 27 20 39
257 919 58 26 (herr
328 919 69 26 Flyg):
409 919 56 26 Ang.
477 919 113 20 införande
601 925 28 14 av
641 919 143 21 moratorium
795 920 34 20 för
840 920 76 20 växlar
928 920 39 20 och
979 926 37 14 av-

203 949 160 26 betalningslån
377 949 59 20 inom
450 949 249 20 automobilbranschen.

176 1009 31 19 Nr
222 1008 26 20 40
263 1008 59 27 (herr
336 1008 108 20 Anderson
460 1009 6 19 i
481 1008 154 27 Norrköping):
650 1009 55 26 Ang.
721 1009 58 20 vilka
794 1009 125 27 ytterligare
934 1010 82 20 skatte-

203 1038 87 26 förslag,
303 1044 46 14 som
361 1044 29 14 av
401 1038 124 26 regeringen
537 1038 99 26 planeras
648 1038 39 21 och
699 1039 124 20 förberedas
835 1040 58 19 samt
904 1041 39 18 när
954 1039 62 21 dessa

203 1067 81 27 förslag
298 1068 74 19 kunna
387 1067 120 27 föreläggas
522 1067 50 20 RD.

176 1127 31 20 Nr
220 1127 24 19 41
260 1127 58 25 (herr
330 1126 132 27 Holmbäck):
476 1127 55 26 Ang.
546 1127 86 20 utfallet
645 1133 28 14 av
686 1127 38 20 det
736 1128 120 20 allmännas
870 1128 101 26 åtgärder
983 1128 34 20 för

203 1157 86 20 landets
304 1156 176 27 vedförsörjning
495 1157 33 20 för
544 1158 62 19 nästa
622 1157 117 20 bränsleår.

176 1216 31 20 Nr
218 1216 27 20 42
258 1216 58 26 (herr
327 1216 148 26 Henriksson):
488 1216 55 26 Ang.
556 1216 148 27 tilldelningen
717 1222 28 14 av
757 1217 75 20 bensin
845 1217 40 20 och
897 1217 119 26 lättbentyl

203 1246 33 20 till
248 1246 249 26 kringföringshandeln.

176 1306 31 19 Nr
219 1305 26 20 43
258 1305 59 26 (herr
329 1305 134 27 Spångberg):
476 1305 55 27 Ang.
544 1306 119 20 eventuellt
676 1306 106 26 utvidgad
793 1307 46 19 rätt
851 1306 33 20 till
895 1306 121 27 ersättning

203 1335 34 20 för
248 1341 59 14 resor
318 1335 33 20 till
363 1335 40 20 och
415 1335 47 20 från
476 1335 112 20 hemorten
600 1335 34 21 för
644 1335 155 27 värnpliktiga,
811 1342 47 14 som
869 1336 103 21 inkallats
983 1336 33 21 till

203 1364 147 27 tjänstgöring
365 1365 5 20 i
386 1365 42 20 anl.
444 1371 28 14 av
487 1365 109 20 anbefalld
611 1365 224 27 försvarsberedskap.

176 1455 47 20 FK.

176 1485 32 19 Nr
223 1484 9 20 1
250 1484 58 26 (herr
322 1485 128 26 Hagström):
466 1484 55 27 Ang.
536 1484 113 21 lindrande
664 1491 29 14 av
708 1485 40 20 den
764 1485 103 27 felslagna
883 1485 133 22 höskördens

203 1514 138 27 verkningar.

177 1574 31 20 Nr
225 1574 13 20 2
256 1574 58 26 (herr
329 1574 140 26 Lindhagen):
487 1574 55 26 Ang.
561 1574 179 27 protokollföring
758 1575 36 20 vid
813 1575 203 21 utrikesnämndens

205 1604 185 20 sammanträden.

177 1658 31 19 Nr
221 1657 13 20 3
248 1658 58 25 (herr
319 1657 140 26 Nordenson):
474 1657 55 27 Ang.
543 1659 107 25 systemet
662 1658 34 20 för
709 1658 137 20 saluförande
859 1664 29 15 av
901 1659 115 27 margarin.

177 1741 32 20 Nr
221 1741 14 19 4
249 1741 58 26 (herr
318 1741 140 26 Lindhagen):
473 1742 55 25 Ang.
543 1741 41 20 den
598 1742 47 20 s.k.
660 1742 230 20 blixtkolonisationen
904 1742 6 20 i
925 1742 92 21 Finland

205 1777 28 14 av
249 1771 136 20 evakuerade
401 1771 148 20 finsktalande
564 1771 103 20 karelare.

178 1824 31 20 Nr
224 1824 13 21 5
254 1824 58 26 (herr
327 1824 141 26 Nordenson):
485 1824 115 21 Huruvida
617 1825 79 26 förslag
712 1825 33 20 till
761 1825 258 26 krigskonjunkturskatt

205 1854 33 20 för
250 1854 24 20 år
287 1853 53 21 1940
352 1860 51 14 vore
415 1856 35 18 att
462 1856 75 18 vänta.

178 1908 31 20 Nr
218 1907 12 20 6
241 1907 58 27 (herr
307 1908 96 26 Herlitz):
414 1908 55 26 Ang.
480 1908 133 27 publicering
622 1914 28 14 av
660 1908 57 20 vissa
727 1908 144 27 redogörelser
880 1909 138 21 beträffande

205 1937 67 20 bland
291 1939 69 18 annat
378 1937 69 21 under
464 1938 96 20 rådande
579 1938 92 26 krisläge
689 1938 106 26 vidtagna
814 1939 158 26 statsåtgärder
990 1939 28 27 på

205 1967 224 26 folkhushållningens
443 1967 94 20 område.

178 2020 31 20 Nr
223 2020 12 20 7
250 2020 58 27 (herr
322 2021 124 26 Wistrand):
461 2021 55 26 Ang.
532 2021 111 21 dödandet
657 2027 27 14 av
699 2022 114 20 förkomna
828 2022 134 27 handlingar.

1299 224 106 30 Utskotts-
1479 228 54 17 Riks-

1095 253 55 18 Kungl.
1204 276 4 3 a
1298 249 117 32 utlåtanden,
1471 249 70 34 dagens
1600 247 117 34 Firar

1098 283 53 19 Maj:te]
1163 276 92 16 Motioner
1255 272 11 43 |
1281 288 95 16 memorial
1390 288 43 16 eller
1437 272 23 43 |
1482 288 46 16 skri-
1590 277 140 20 sörnandlingar

1042 307 27 20 År
1097 317 51 14 [prop:r
1292 318 132 16 betänkanden
1467 311 68 31 velser
1616 306 87 21 (prot.nr)

1105 343 36 14 eller

1097 373 101 26 Skrivslpg
1216 383 35 17 AR
1272 371 17 51 5
1314 371 17 50 E
1354 384 91 17 Nummer|
1462 385 91 16 Nummer
1585 369 59 48 värn
1701 373 44 40 EN

1033 502 53 21 A040
1110 514 27 3 57
1226 515 116 3 SNRA
1391 516 20 2 ER
1498 516 21 2 SE
1598 517 28 2 —
1689 504 33 20 30:
1735 507 23 18 10

1033 622 54 20 19401
1110 634 28 3 —
1172 634 28 2 ]—
1204 617 14 35 1
1226 634 116 3 —Il——
1392 636 27 2 —
1499 635 28 3 —
1590 618 37 36 ==
1689 624 56 20 31:
1727 618 10 36 4

1033 711 54 21 1940]
1110 724 29 3 —
1148 707 23 36 1
1173 724 27 2 —]
1226 724 117 3 —]——
1392 725 28 3 —
1499 725 28 3 =
1600 727 24 2 3
1690 713 55 20 31:ö

1346 785 2 16 I

1045 831 42 21 I
1600 820 146 33 Rag

1034 920 53 21 1940]
1111 934 27 2 —
1151 916 19 36 1
1173 933 28 3 -—/
1227 933 117 4 —1]——
1393 934 28 3 —
1500 934 25 3 —
1600 917 31 35 FE
1690 922 34 20 33:
1737 924 23 18 10

1034 1010 53 21 1940]
1111 1023 28 2 —
1154 1006 8 35 I]
1173 1023 28 3 -—1
1227 1023 118 3 —]l——
1393 1024 28 3 —
1493 1006 28 36 -—
1601 1025 28 3 =
1691 1011 54 21 35:1

1034 1129 53 20 1940]
1111 1141 28 3 —
1154 1124 14 35 |]
1173 1141 28 3 —l
1227 1141 118 4 —]—-—
1393 1142 28 3 —
1500 1142 28 2 —
1601 1144 28 2 =
1691 1130 55 20 35:
1729 1124 19 36 2

1347 1171 2 23 |

1034 1218 54 20 19401
1111 1231 28 2 —
1158 1213 7 36 1]
1173 1230 172 4 —-]—]—-—
1393 1231 28 3 —
1500 1231 28 3 —
1601 1214 31 35 =S
1691 1219 34 20 35:
1736 1221 11 18 3

1034 1307 54 21 19401:
1174 1320 27 2 [sr
1228 1319 28 4 I
1317 1320 28 3 RR
1393 1320 28 3 ale
1500 1320 28 3 Fn
1692 1308 54 20 NNS0

1033 1486 54 21 AIG0
1144 1498 1 3 1
1227 1498 76 4 RE
1341 1481 18 45 fe
1501 1499 28 2 —
1606 1488 56 20 3:26]
1704 1499 28 3 —

1049 1516 20 20 U

1034 1575 53 21 1940]
1111 1588 28 2 —
1152 1571 14 35 |]
1178 1588 23 3 —1
1227 1588 76 3 —l—
1317 1588 26 3 |
1392 1588 29 3 —
1501 1588 28 3 —
1593 1577 69 21 12:24
1704 1588 28 3 —

1049 1605 20 20 U
1594 1606 53 21 13:2
1656 1594 24 46 |
1704 1617 28 3 —

1035 1659 53 20 1940]
1112 1671 27 3 —
1146 1654 28 35 1
1173 1671 28 3 —1
1228 1671 118 4 —Il-—-
1394 1671 27 3 —
1502 1671 28 3 —
1594 1660 53 21 13:3
1704 1671 28 3 —

1050 1689 20 20 U

1035 1743 54 20 1940]
1112 1755 29 3 —
1160 1738 7 35 I]
1175 1755 27 3 —I1
1228 1755 119 3 —]——
1395 1755 28 3 —
1502 1755 28 2 —
1594 1744 53 19 1550
1704 1755 28 3 —

1051 1772 20 21 U

1036 1826 53 21 19401
1113 1838 28 3 —
1149 1821 23 36 1
1175 1838 172 3 ——]—-—
1395 1838 28 3 —
1503 1838 27 3 —
1594 1826 54 21 15:50
1704 1838 28 2 —

1051 1856 20 21 U

1036 1909 54 21 is
1113 1921 234 3 SE
1595 1909 53 21 a

1051 1939 20 21 U

1036 2022 53 20 1940]
1112 2034 29 3 —
1161 2017 7 35 |]
1174 2034 29 3 —!1
1229 2034 118 3 —1]——
1395 2033 28 4 —
1503 2034 28 3 —
1595 2022 54 21 17:3
1705 2034 28 2 —

1051 2052 19 20 U
