1808 2340
158 83 29 21 84

846 79 222 21 SAKREGISTER

175 482 7 14 1

175 542 7 14 1

175 661 6 14 1

174 269 186 25 Avskrivningar
370 269 43 20 och
423 268 131 26 eftergifter

185 1105 10 15 3
214 1100 39 20 RD
269 1099 124 25 medgiver,
408 1100 34 19 att
458 1099 26 19 K.
499 1098 46 20 M:t
559 1098 38 20 må
611 1097 140 26 bemyndiga
766 1097 127 20 försvarets
908 1095 150 21 civilförvalt-

188 304 10 15 8
217 299 39 20 RD
270 299 124 25 medgiver,
408 300 33 19 att
454 298 103 21 kronans
571 298 132 24 fordringar
716 297 37 20 för
765 297 62 20 vissa
840 296 99 25 angivna
952 295 107 21 arrende-

216 328 99 26 avgifter
325 328 36 20 för
371 328 212 25 arrendeegnahem
593 327 38 20 må
640 327 73 25 jämte
722 327 68 20 ränta
799 327 43 20 och
852 325 135 25 förskjutna
997 325 62 20 kost-

216 358 73 21 nader
299 358 127 20 avskrivas.

188 393 9 15 9
216 388 40 20 RD
270 387 124 26 medgiver,
407 388 34 19 att
454 387 45 20 den
512 387 76 20 staten
601 391 83 20 genom
696 385 183 21 Västmanlands
892 385 63 20 östra
968 385 91 20 domsa-

216 423 41 20 gas
268 417 148 21 häradsrätts
428 417 54 20 dom
494 417 44 20 den
550 416 26 21 31
589 416 47 20 okt.
650 416 55 20 1950
717 415 123 21 tilldömda
851 414 159 25 ersättningen
1022 414 37 20 för

216 446 275 26 eldsläckningskostnad
501 452 38 14 om
549 446 41 20 729
601 446 34 20 kr.
645 445 169 21 efterskänkes.

188 482 10 15 0
217 477 64 20 RD:s
295 476 77 21 beslut
385 476 8 20 i
408 476 45 20 anl.
467 482 29 14 av
509 481 66 20 prop.
589 480 51 20 ang.
655 475 79 25 frågor
747 481 38 14 om
799 474 107 20 befrielse
920 473 54 21 från
987 473 72 21 betal-

216 506 203 26 ningsskyldighet
429 506 35 20 till
476 506 98 20 kronan.

190 542 7 14 1
217 536 39 20 RD
270 536 124 25 medgiver,
406 536 35 19 att
453 536 38 20 det
502 535 84 25 belopp
599 540 27 15 av
638 535 13 20 3
661 534 40 21 597
715 534 34 20 kr.
762 534 27 20 95
802 534 46 23 öre,
860 539 50 14 som
922 533 63 20 förre
996 533 62 25 post-

216 566 149 25 expeditören
377 565 27 21 K.
416 565 25 20 E.
453 565 132 25 Engstrand
597 564 98 20 inbetalt
705 564 35 20 till
752 563 133 26 postverket
896 563 37 20 för
944 562 114 20 täckande

216 602 29 14 av
256 601 29 15 en
297 595 44 21 den
353 595 12 20 2
377 595 45 25 juli
435 594 55 21 1940
503 594 159 25 uppkommen
674 593 137 24 kassabrist,
823 593 38 20 må
872 592 139 21 återbetalas
1023 592 35 20 till

216 625 132 26 Engstrand
364 624 73 26 jämte
453 625 68 19 ränta
536 624 59 20 efter
611 624 12 20 5
638 624 96 24 procent
750 623 53 20 från
818 622 240 25 inbetalningsdagen.

188 660 10 15 2
216 655 40 20 RD
271 655 123 25 medgiver,
408 655 35 19 att
455 654 168 25 vägarbetaren
636 653 24 21 G.
675 653 24 20 E.
713 653 135 20 Andersson
861 652 45 23 må,
920 652 78 20 därest
1011 651 47 20 han

216 685 64 20 inom
289 684 41 24 tid,
341 690 49 14 som
401 690 28 14 av
438 684 27 20 K.
475 684 45 20 M:t
529 683 148 23 bestämmes,
686 689 29 14 av
724 683 38 20 det
772 682 112 20 utdömda
894 681 164 21 skadestånds-

215 714 107 25 beloppet
335 714 35 20 till
384 714 52 25 väg-
449 713 43 21 och
505 712 316 26 vattenbyggnadsstyrelsen
833 711 115 21 inbetalar
962 711 41 20 100
1016 711 42 23 kr.,

215 744 87 20 befrias
315 744 53 20 från
379 743 87 21 honom
478 742 122 26 åliggande
612 742 146 20 återstående
770 740 288 26 skadeståndsskyldighet

216 774 71 25 enligt
296 774 54 20 dom
360 773 44 20 den
413 773 27 20 22
451 772 47 26 maj
510 772 63 21 1951.

188 839 7 14 1
215 833 39 21 RD
271 833 153 25 bemyndigar
440 832 27 21 K.
484 832 45 20 M:t
545 833 34 19 att
595 831 112 26 eftergiva
723 831 91 25 belopp,
830 836 50 14 som
896 830 95 25 utgivits
1008 835 50 14 som

214 863 149 20 ekonomiskt
380 862 94 21 bistånd
493 868 28 14 av
538 861 240 25 utlandsmyndighet,
796 861 7 20 i
821 860 157 25 huvudsaklig
995 860 63 19 över-

215 892 176 21 ensstämmelse
406 892 51 20 med
472 892 45 20 vad
531 890 258 26 departementschefen
803 890 7 20 i
825 889 233 25 statsrådsprotokol-

215 923 31 20 let
263 923 54 20 över
333 921 368 25 utrikesdepartementsärenden
719 920 36 20 för
772 920 44 20 den
833 920 13 20 4
862 920 59 24 april
940 919 55 20 1952
1012 918 46 21 för-

214 953 75 19 ordat.

186 987 10 15 2
215 982 39 20 RD
271 982 123 24 medgiver,
410 982 34 19 att
459 981 107 20 översten
581 980 25 20 G.
621 980 30 20 M.
666 980 110 23 Wadner,
791 979 79 20 därest
883 979 48 20 han
945 979 64 20 inom
1024 978 33 20 tid

214 1018 50 13 som
280 1011 27 20 K.
323 1012 45 19 M:t
382 1011 141 20 bestämmer
538 1010 34 20 till
589 1010 127 20 försvarets
731 1008 198 25 civilförvaltning
943 1008 115 20 inbetalar

214 1041 42 20 500
268 1040 42 24 kr.,
322 1040 87 20 befrias
421 1040 53 20 från
486 1039 146 20 återstående
643 1038 266 25 betalningsskyldighet
920 1038 35 20 till
967 1037 90 20 kronan

213 1070 96 25 jämlikt
318 1070 198 20 kammarrättens
526 1069 77 24 utslag
612 1069 44 19 den
667 1068 26 20 10
703 1068 48 25 jan.
763 1068 63 20 1951.

213 1129 57 25 ning
284 1130 35 19 att
332 1129 8 20 i
355 1128 93 21 samråd
463 1128 53 20 med
530 1127 173 21 vederbörande
717 1127 104 20 centrala
836 1126 222 25 förvaltningsmyn-

213 1159 112 25 digheter,
338 1159 58 20 utan
407 1158 84 20 hinder
504 1164 28 14 av
544 1157 107 25 gällande
663 1156 330 25 författningsbestämmelser
1005 1159 52 21 ang:

214 1188 151 25 avskrivning
382 1194 28 14 av
426 1188 103 19 kronans
546 1187 139 24 fordringar,
702 1186 91 20 besluta
809 1191 38 14 om
863 1185 151 25 avskrivning
1030 1190 28 14 av

213 1218 35 20 till
267 1217 183 21 ämbetsverkets
469 1216 173 21 advokatfiskal
661 1216 36 20 för
714 1215 132 25 bevakning
863 1215 43 20 och
924 1214 134 24 indrivning

213 1247 150 21 överlämnad
380 1247 97 20 fordran
492 1247 36 19 till
543 1246 84 25 belopp
642 1245 21 25 ej
680 1245 161 25 överstigande
857 1244 42 21 500
915 1244 42 24 kr.,
972 1243 86 21 beträf-

213 1277 71 20 fande
302 1277 79 20 vilken
400 1277 111 24 antingen
530 1275 230 25 omständigheterna
779 1274 51 25 giva
848 1274 38 20 vid
905 1274 100 23 handen,
1024 1273 34 20 att

213 1306 174 21 vederbörande
398 1306 51 20 icke
461 1305 47 21 kan
519 1305 76 20 betala
607 1305 37 20 sin
656 1304 68 20 skuld
736 1304 43 20 och
791 1304 72 25 enligt
875 1303 182 20 ämbetsverkets

213 1336 146 20 bedömande
373 1336 70 25 ingen
458 1335 55 21 eller
528 1335 66 25 ringa
609 1334 123 25 möjlighet
746 1333 123 26 föreligger
884 1334 34 19 att
932 1332 125 20 framdeles

213 1367 81 24 uttaga
310 1365 127 25 betalning,
453 1365 55 20 eller
524 1364 43 20 ock
583 1364 107 25 åtgärder
707 1363 36 20 för
759 1363 148 25 fordringens
923 1362 135 21 bevakande

213 1397 44 19 och
274 1395 138 20 indrivande
429 1395 110 20 bedömas
557 1393 110 21 förenade
684 1393 52 20 med
754 1393 77 20 arbete
848 1392 43 20 och
908 1391 126 21 kostnader
1050 1391 7 19 i

214 1425 73 20 sådan
303 1424 171 25 utsträckning,
490 1425 34 19 att
539 1423 139 25 åtgärderna
694 1422 20 25 ej
731 1423 40 19 äro
787 1421 149 21 ekonomiskt
951 1420 106 23 lönande;

214 1455 42 20 allt
268 1454 71 21 såvitt
351 1454 80 25 dylika
443 1453 108 25 åtgärder
563 1453 91 19 ändock
666 1452 50 20 icke
729 1457 67 15 anses
809 1451 123 25 påkallade
944 1457 28 14 av
984 1450 73 20 andra

214 1485 29 19 än
254 1484 154 20 ekonomiska
419 1483 171 20 förhållanden.

186 1520 10 14 4
214 1515 39 19 RD
268 1514 124 25 medgiver,
406 1514 34 19 att
454 1512 151 25 stadsfogden
617 1512 8 20 i
638 1511 132 25 Linköping
783 1511 24 20 P.
820 1511 27 20 D.
860 1510 106 25 Ejeman,
980 1509 77 20 därest

213 1544 47 20 han
276 1544 64 20 inom
355 1543 34 20 tid
405 1548 50 15 som
471 1542 25 20 K.
512 1542 45 20 M:t
572 1541 141 21 bestämmer
727 1540 35 20 till
778 1539 166 26 länsstyrelsen
959 1540 8 20 i
982 1538 75 21 Öster-

214 1573 108 26 götlands
336 1573 39 20 län
388 1572 115 20 inbetalar
516 1572 32 19 ett
561 1571 84 24 belopp
658 1577 28 13 av
700 1570 63 20 1000
777 1570 41 23 kr.,
832 1569 86 20 befrias
932 1568 53 21 från
999 1568 58 20 åter-

214 1603 96 20 stående
323 1601 277 26 ersättningsskyldighet
613 1600 35 20 till
662 1600 90 20 kronan
765 1600 8 19 i
786 1599 38 20 det
837 1598 49 24 fall,
900 1604 50 15 som
964 1598 93 25 angives

212 1633 8 20 i
236 1631 258 26 statsrådsprotokollet
509 1631 53 20 över
577 1628 370 27 justitiedepartementsärenden
962 1627 36 21 för
1013 1627 44 20 den

214 1662 13 21 4
236 1662 60 25 april
307 1662 64 20 1952.

186 1698 8 14 5
214 1692 39 20 RD
265 1691 153 26 bemyndigar
431 1691 26 20 K.
469 1690 46 20 M:t
526 1691 34 19 att
572 1689 59 21 efter
643 1689 114 25 prövning
768 1695 29 14 av
808 1688 231 25 omständigheterna
1050 1687 6 20 i

212 1721 67 25 varje
296 1721 96 20 särskilt
409 1720 41 20 fall
468 1720 105 25 medgiva
590 1719 104 25 eftergift
710 1724 28 15 av
755 1718 91 20 kronan
863 1717 71 25 enligt
950 1717 108 21 handels-

213 1751 85 20 balken
314 1751 37 20 17:
362 1750 14 20 4
389 1750 126 20 tillerkänd
530 1749 153 20 förmånsrätt
697 1749 7 19 i
719 1748 168 25 arbetsgivares
902 1747 105 20 konkurs
1021 1746 37 21 be-

213 1780 120 21 träffande
347 1785 84 20 genom
446 1779 139 24 löneavdrag
599 1778 134 20 innehållen
747 1777 64 21 skatt
824 1777 56 20 eller
894 1777 112 20 förordna
1019 1781 38 15 om

214 1810 170 24 återbetalning
396 1815 28 14 av
435 1809 44 20 vad
492 1809 91 19 kronan
595 1808 52 20 med
659 1807 146 25 åberopande
817 1813 28 14 av
857 1806 73 20 sådan
942 1805 115 21 förmåns-

213 1840 47 20 rätt
277 1839 73 25 njutit
366 1839 7 20 i
390 1838 128 25 utdelning,
535 1838 41 19 allt
592 1838 7 19 i
616 1837 44 20 den
677 1837 54 19 mån
748 1836 170 25 arbetstagares
934 1835 123 26 godkända

213 1868 188 25 lönefordringar
417 1868 52 20 med
485 1873 90 14 samma
591 1866 154 20 förmånsrätt
760 1866 76 20 skulle
851 1865 61 21 bliva
928 1864 130 26 respektive

213 1899 67 20 blivit
290 1898 135 25 därigenom
436 1897 100 20 lidande.

186 1964 7 14 1
213 1958 40 20 RD
268 1957 77 21 avslår
360 1957 88 20 motion
462 1962 38 14 om
514 1955 109 21 befrielse
637 1955 36 21 för
687 1955 178 25 biografägaren
879 1955 24 20 G.
918 1955 139 20 Gustafsson

213 1987 53 20 från
283 1988 76 19 staten
375 1985 178 21 tillkommande
568 1985 132 25 nöjesskatt
716 1985 36 20 för
767 1984 290 25 biografföreställningar.

185 2023 9 14 2
213 2017 39 20 RD
268 2016 124 25 medgiver,
408 2017 34 19 att
456 2015 108 20 befrielse
579 2015 54 20 från
647 2015 80 20 vidare
741 2014 266 25 betalningsskyldighet
1022 2013 34 21 till

212 2047 92 19 kronan
325 2046 7 20 i
354 2045 125 25 anledning
500 2051 28 14 av
548 2044 126 25 virkesköp
695 2044 116 25 medgives
832 2043 59 21 Vera
912 2043 144 23 Wiklander,

213 2077 79 19 därest
304 2076 47 20 hon
365 2075 36 20 för
414 2080 56 20 egen
483 2075 36 19 del
532 2074 44 20 och
589 2074 36 20 för
638 2074 112 20 dödsboet
763 2073 59 21 efter
834 2073 159 25 jägmästaren
1006 2073 50 20 Uno

214 2105 130 21 Wikander
357 2105 35 20 till
405 2105 91 19 kronan
510 2104 103 25 erlägger
626 2103 132 21 tvåhundra
770 2102 41 25 kr.,
826 2105 61 18 samt
899 2102 49 21 Nils
962 2102 95 20 Wikan-

1080 192 25 20 klan
1199 167 102 29 Motioner
1369 167 70 29 Utskott
1489 167 57 36 Skriv.
1589 167 104 30 Protokoll

1210 225 30 17 FE
1239 208 28 44 |
1275 225 32 17 AK
1328 225 88 17 |smilaval
1439 225 26 17 Nr
1507 212 23 12 |”)
1586 225 30 17 OFR
1632 208 34 44 |
1685 225 32 17 AR

1082 296 30 22 521
1149 298 27 20 1381
1222 298 193 21 —]—]10--—
1510 298 117 21 271:5:39
1669 298 20 21 5:
1705 303 22 15 46

1151 333 10 15 8
1453 332 19 16 11

1082 385 30 22 521
1149 387 29 20 491
1222 399 26 3 —I1I
1287 399 27 3 —L1
1354 388 13 19 61
1389 399 26 2 —I
1445 387 27 20 721
1496 387 93 21 14614:
1605 392 20 15 61
1656 387 72 21 |14:202

1081 475 30 21 521
1148 476 28 20 541)
1222 488 26 3 —I
1288 489 26 2 —I
1353 477 13 19 6)
1389 488 26 3 —
1445 477 144 20 751149114:
1605 481 20 15 61
1655 477 73 20 |14:202

1081 534 30 22 521
1148 536 28 20 55
1203 536 41 20 J211
1270 536 43 21 1194]
1353 536 13 20 6)
1389 548 26 2 —
1431 536 158 21 1471295120:
1604 541 22 16 32
1654 536 35 20 121:
1706 541 21 16 59

1150 570 10 15 2
1463 570 11 15 2

1081 653 30 22 521
1148 656 29 19 561
1222 667 26 3 —I
1288 667 25 3 —1]
1353 655 13 20 6)
1389 655 200 21 —I1481296120:
1604 660 22 16 32
1654 655 35 21 121:
1706 660 21 15 59

1150 689 10 16 2
1464 690 9 15 6

1081 832 30 22 521
1132 834 44 21 209)
1221 846 27 3 =
1353 834 13 20 6)
1389 846 26 2 —I
1430 834 43 20 196
1494 834 44 20 1416
1553 834 72 21 128:11'
1653 834 37 20 128:
1705 838 23 16 24

1081 862 23 22 H

1081 981 30 22 521
1132 983 43 20 2251
1222 995 26 2 —1
1288 995 25 2 —1-
1353 983 13 20 6]
1388 995 27 2 —I
1430 983 108 20 1981418
1553 983 36 20 128:
1606 988 19 15 11'
1654 983 36 20 128:
1706 987 22 15 24

1081 1011 77 22 Hd

1080 1100 30 21 521
1132 1101 43 20 2251
1222 1113 26 3 —I|
1288 1113 25 3 —1I
1353 1101 13 20 6)
1389 1113 25 2 —I
1430 1101 158 21 1981418128:
1605 1106 19 15 11
1654 1101 36 20 128:
1705 1105 23 16 24

1080 1130 22 21 H|
1148 1135 11 16 2

1080 1515 30 21 521
1133 1516 40 20 191]
1221 1528 26 3 —I|
1287 1529 26 2 —I
1352 1517 13 20 61
1388 1528 26 3 —
1428 1516 160 21 2011420128:
1605 1521 21 15 12
1653 1516 36 20 128:
1705 1520 22 16 25

1080 1545 23 21 H

1080 1693 30 22 521
1133 1695 43 20 194
1185 1689 40 35 bo
1221 1695 367 21 —Pel—I2041422128:
1605 1695 84 20 12128:
1705 1699 22 15 26

1080 1723 23 22 H

1080 1954 30 22 53
1221 1957 88 19 —I71]
1353 1956 118 20 705)
1512 1968 26 2 —
1567 1956 58 20 7:30
1634 1950 54 36 17:
1704 1956 41 20 31d

1080 2014 30 22 53:
1147 2016 26 20 311
1221 2027 25 3 —I
1286 2015 78 21 —T1T10]
1387 2028 26 2 —I
1458 2016 13 20 51
1508 2016 219 20 91:110:110110:144

1150 2050 8 15 1
1463 2050 7 15 1
