1829 2361
748 159 223 17 SAKREGISTER

1622 158 38 20 143

72 449 168 27 Avskrivningar
254 450 37 20 och
306 450 114 26 eftergifter.

63 481 22 18 16
100 480 43 19 RD
156 480 117 26 medgiver,
287 481 35 19 att
334 482 83 18 statens
430 480 88 20 fordran
532 480 38 20 hos
584 480 204 20 Skövde—Axvalls
800 480 112 27 järnvägs-

113 509 125 27 aktiebolag
256 510 27 26 på
302 510 70 26 grund
391 516 28 14 av
437 510 92 20 statslån
548 510 33 20 för
599 510 130 26 anläggning
746 516 29 14 av
792 510 119 27 järnvägen

114 539 195 21 Skövde—Axvall
322 540 35 20 må
371 540 114 20 avskrivas
498 540 32 20 till
544 540 41 20 den
599 540 41 24 del,
655 540 125 20 densamma
794 541 118 26 överstiger

115 569 39 20 142
162 569 41 20 000
222 570 40 22 kr.,
282 571 58 18 samt
357 571 35 18 att
410 569 136 21 sistnämnda
565 570 78 26 belopp
663 570 34 20 må
716 570 71 20 såsom
807 572 51 24 nytt
876 570 35 20 lån

114 600 114 25 övertagas
243 605 28 14 av
287 599 375 26 Lidköping—Skara—Stenstorps
676 599 234 27 järnvägsaktiebolag.

63 660 21 17 17
101 658 41 19 RD
159 658 117 26 medgiver,
293 660 35 18 att
344 659 155 20 lantbrukaren
516 659 25 20 E.
558 659 151 20 Johannesson
725 659 6 20 i
748 659 69 20 Norra
833 659 78 24 Målen,

114 688 86 26 Nässjö,
217 689 36 19 må
270 688 79 20 befrias
365 688 48 20 från
430 689 80 20 honom
528 689 27 26 på
571 689 70 26 grund
658 695 28 14 av
702 689 80 26 borgen
799 689 112 26 åliggande

114 718 247 26 betalningsskyldighet
376 718 33 20 till
424 718 132 21 riksbanken
572 718 33 21 för
620 719 54 20 visst
689 718 194 27 avbetalningslån.

62 779 23 17 18
100 777 42 20 RD
157 778 117 25 medgiver,
289 779 34 18 att
337 778 134 26 kaptenerna
487 778 23 20 F.
525 778 66 20 A:son
606 779 102 22 Nerman,
722 779 25 19 T.
762 779 66 19 A:son
843 779 69 19 Hum-

114 807 48 23 mel,
178 807 25 20 E.
219 807 109 20 Johnsson
344 808 39 20 och
398 808 20 20 J.
435 808 27 20 K.
479 808 24 20 O.
520 808 109 20 Schässler
643 810 103 18 ävensom
761 808 151 21 kommendör-

113 837 109 26 kaptenen
241 843 28 14 av
287 837 68 20 andra
373 838 80 25 graden
472 838 25 19 E.
516 838 25 19 E.
561 838 72 20 Ström
650 839 35 19 må
704 838 85 23 befrias,
808 838 102 24 Nerman,

114 866 109 23 Hummel,
238 866 108 21 Johnsson
361 867 39 20 och
414 867 110 20 Schässler
536 867 48 20 från
597 867 51 20 dem
660 868 87 25 jämlikt
759 868 73 19 KM:ts
841 868 70 26 utslag

114 896 40 20 den
172 896 25 20 19
212 896 55 26 april
283 896 53 20 1930
351 899 58 18 samt
424 897 71 20 Ström
510 897 48 20 från
574 897 80 20 honom
669 897 68 26 enligt
751 898 161 26 stationskrigs-

113 927 84 18 rättens
209 926 37 20 vid
260 926 137 20 Stockholms
409 927 152 26 örlogsstation
574 927 72 26 utslag
658 927 41 20 den
713 927 9 20 1
735 927 47 26 juni
796 927 52 20 1934
861 928 51 26 ålig-

112 956 71 25 gande
197 956 126 26 skyldighet
337 958 35 18 att
385 957 33 19 till
433 957 134 20 statsverket
581 957 82 26 utgiva,
679 957 94 20 Nerman
789 957 27 20 20
824 957 40 20 015
878 958 32 19 kr.

116 985 23 21 12
160 987 42 22 öre,
221 986 102 20 Hummel
345 986 59 20 1818
420 987 33 19 kr.
470 986 27 20 62
513 988 43 22 öre,
574 986 109 21 Johnsson
702 986 57 21 1083
776 987 32 20 kr.
826 987 26 20 79
869 989 42 22 öre,

114 1015 110 20 Schässler
235 1015 40 20 949
286 1016 32 20 kr.
335 1016 24 20 18
371 1018 35 18 öre
418 1018 58 18 samt
487 1016 71 20 Ström
570 1016 73 20 21187
655 1017 32 19 kr.
699 1016 12 20 4
723 1018 35 18 öre
769 1017 68 25 jämte
848 1019 63 18 ränta

113 1045 11 19 å
140 1051 54 20 resp.
210 1045 85 27 belopp.

62 1106 22 18 19
99 1104 43 20 RD
155 1105 45 19 dels
212 1105 97 20 anhåller
321 1111 35 14 om
368 1106 151 26 övervägande
531 1112 29 14 av
571 1106 165 26 möjligheterna
748 1106 34 20 för
793 1106 43 20 viss
848 1107 64 19 efter-

113 1134 42 26 gift
177 1141 28 13 av
228 1135 148 26 aktiebolaget
400 1135 57 21 Durs
481 1136 137 20 återstående
641 1136 88 20 fordran
753 1136 38 20 hos
815 1136 96 21 Svenska

113 1164 154 20 lantmännens
279 1165 175 26 kvarnförening,
467 1165 45 20 dels
524 1166 39 19 ock
575 1166 117 25 medgiver,
704 1167 35 19 att
750 1166 63 20 KM:t
825 1166 34 20 må
872 1168 39 24 äga

113 1194 90 26 vidtaga
219 1195 25 19 de
260 1195 107 26 åtgärder,
383 1201 46 14 som
445 1195 67 20 härav
527 1196 73 19 kunna
616 1195 129 20 föranledas.

60 1255 24 17 20
100 1253 42 20 RD
155 1254 116 26 medgiver,
285 1256 35 18 att
331 1254 57 20 vissa
401 1255 77 20 osäkra
490 1255 122 26 fordringar
624 1255 37 20 vid
673 1255 142 20 riksbankens
828 1256 84 20 huvud-

113 1283 80 20 kontor
213 1285 58 19 samt
291 1284 209 26 avdelningskontor
521 1285 5 19 i
548 1285 65 19 Luleå
635 1285 34 19 må
692 1291 25 14 ur
737 1285 174 26 räkenskaperna

113 1313 120 20 avskrivas.

76 1405 4 16 I
100 1402 41 20 RD
162 1403 116 26 medgiver,
299 1405 35 18 att
353 1403 321 27 återbetalningsskyldigheten
699 1404 136 20 beträffande
855 1405 56 19 vissa

113 1438 27 13 av
154 1434 139 24 reparatören
309 1433 27 20 H.
351 1433 37 20 Ch.
403 1433 24 20 T.
442 1433 62 20 Lund
520 1433 89 27 oriktigt
623 1434 114 25 uppburna
752 1434 160 26 dyrtidstillägg

114 1462 34 19 må
164 1462 158 20 efterskänkas.

73 1523 10 17 2
99 1521 43 20 RD
161 1522 117 26 medgiver,
301 1524 34 18 att
355 1523 342 26 odlingslägenhetsinnehavaren
717 1523 20 20 J.
757 1523 24 20 O.
801 1523 110 24 Wiklund,

114 1551 128 24 Kalvträsk,
260 1552 35 20 må
314 1552 79 20 befrias
411 1553 47 20 från
477 1552 247 27 betalningsskyldighet
741 1553 33 20 till
792 1553 62 20 KM:t
873 1554 38 19 och

113 1581 83 20 kronan
211 1582 33 19 för
258 1582 79 20 honom
351 1588 78 20 genom
443 1582 118 20 Burträsks
575 1583 103 25 tingslags
692 1582 136 21 häradsrätts
842 1583 70 26 utslag

113 1611 40 20 den
170 1612 27 19 22
212 1618 50 13 nov.
280 1612 51 19 1934
348 1612 76 20 ådömt
438 1612 141 20 skadestånd.

73 1673 10 16 3
101 1671 41 19 RD
159 1671 116 26 medgiver,
295 1673 34 18 att
346 1672 19 20 S.
382 1672 26 20 A.
425 1672 129 26 Holmgrens
571 1672 245 26 betalningsskyldighet
832 1673 32 19 för
880 1675 32 18 ett

114 1701 4 19 i
133 1701 241 26 statsrådsprotokollet
388 1702 126 20 omförmält
526 1702 168 20 låneunderstöd
707 1702 68 26 jämte
790 1702 51 20 därå
855 1703 57 19 belö-

113 1730 71 26 pande
202 1733 63 18 ränta
284 1731 35 20 må
339 1731 113 20 nedsättas
469 1732 33 19 till
520 1733 33 18 ett
571 1732 78 26 belopp
668 1738 28 14 av
714 1732 62 19 3000
793 1732 32 20 kr.
844 1732 68 20 under

113 1760 79 20 villkor
207 1760 66 21 likväl
290 1762 34 18 att
340 1761 102 26 beloppet
458 1761 44 20 före
519 1762 108 25 utgången
644 1768 28 13 av
690 1761 51 20 1936
758 1762 106 19 inbetalas
880 1762 32 19 till

113 1790 140 20 statsverket.

73 1851 11 17 4
100 1849 41 20 RD
164 1850 117 25 medgiver,
304 1852 34 18 att
363 1850 170 26 styckjunkaren
556 1851 36 19 vid
616 1851 128 26 Karlsborgs
766 1851 146 25 artillerirege-

113 1881 72 18 mente
204 1880 27 19 H.
250 1880 20 20 S.
288 1880 25 20 V.
331 1880 103 20 Ahlkvist
451 1880 35 20 må
504 1880 79 20 befrias
600 1880 47 20 från
665 1881 79 19 honom
761 1880 67 26 enligt
845 1881 67 26 krigs-

113 1910 84 19 rättens
209 1910 37 19 vid
259 1910 95 20 nämnda
367 1912 122 24 regemente
502 1910 71 26 utslag
585 1910 40 20 den
639 1910 12 20 7
664 1916 57 14 mars
735 1910 51 20 1935
799 1911 112 25 åliggande

113 1939 124 26 skyldighet
248 1941 34 18 att
293 1940 32 19 till
336 1940 83 20 kronan
431 1940 74 26 utgiva
519 1940 38 20 109
568 1940 32 20 kr.
612 1940 26 20 63
650 1942 42 21 öre,
704 1942 56 18 samt
771 1942 33 18 att
816 1940 94 20 nämnda

114 1969 77 26 belopp
208 1970 34 19 må
259 1976 25 13 ur
299 1970 148 26 vederbörliga
463 1970 146 26 räkenskaper
624 1970 120 20 avskrivas.

73 2030 10 17 5
99 2029 42 19 RD
155 2029 118 26 medgiver,
288 2031 34 18 att
335 2030 25 19 B.
376 2030 23 20 F.
414 2030 70 20 Bodin
498 2030 42 23 må,
555 2030 73 20 därest
642 2030 42 20 han
698 2032 72 18 senast
784 2030 41 20 den
841 2030 8 19 1
865 2030 45 20 okt.

115 2058 51 20 1936
188 2059 32 20 till
241 2059 231 26 marinförvaltningen
493 2059 96 26 erlägger
609 2062 34 17 att
664 2060 77 26 belopp
762 2066 28 13 av
810 2059 41 20 300
871 2060 39 23 kr.,

1192 232 111 31 Utskotts-
1362 232 68 31 Riks-
1509 255 6 4 z
1611 260 2 2 E

991 258 56 35 Kungl.
1183 261 130 30 utlåtanden,
1368 261 69 30 dagens
1497 255 95 33 STRED

994 292 53 18 Maj:ts]
1060 284 91 17 Motioner
1177 296 96 17 IHemoral
1286 296 44 16 eller
1379 296 38 16 slri
1488 284 140 21 förhandlingar

940 316 25 20 År
994 325 50 15 [propir
1189 326 132 17 betänkanden
1372 326 60 17 velser
1513 314 87 20 (prot.nr)

992 348 45 26 eller
1163 348 41 34 FA

993 382 47 14 Pre
1062 392 32 16 FK
1104 367 44 70 JAK
1170 380 16 50 5
1211 386 16 43 Z
1252 393 89 15 Nummer|
1358 393 91 16 Nummer
1482 376 42 48 ake
1610 376 18 48 Rd

1104 445 2 27 |
1200 445 43 42 Fi
1556 445 2 33 |

930 480 52 21 1935|
1001 481 39 20 128]
1069 484 37 16 —
1097 470 17 41 I
1127 493 23 2 —
1177 474 59 48 8l—
1274 482 24 19 41
1385 482 40 20 202
1442 470 21 41 |
1463 470 41 41 28:
1509 470 49 41 104)
1575 481 33 20 31:
1619 483 11 17 8
1632 470 22 41 dj

1105 501 1 83 |
1200 525 2 4 |
1242 516 1 15 |
1556 510 2 27 |

1105 557 138 83 SR

930 659 53 20 1085]
1032 637 27 53 v]
1069 649 37 32 ss)
1123 641 79 38 tnlg
1224 650 77 29 elle
1416 672 7 2 -
1442 644 24 45 |
1475 660 67 20 32:81
1561 659 55 20 |33:
1600 644 12 45 6

1242 696 2 20 |

930 779 53 20 19351
1001 779 39 20 130
1046 769 23 43 |
1069 790 37 18 —|
1147 791 3 2 —I
1178 779 11 19 6
1213 780 30 25 |—]
1263 780 38 19 118
1385 779 40 20 262
1437 768 32 41 |
1475 779 52 20 34:1
1561 778 66 20 35:51

1557 807 1 9 |

1104 840 1 30 |
1557 842 1 30 i

1104 873 2 3 I
1557 873 1 10 I

1105 968 1 11 I

1105 997 1 38 |
1242 1003 2 22 |

1105 1046 1 29 |

930 1105 53 21 1935]
1007 1118 14 2 —
1064 1106 38 20 1172
1116 1105 40 20 269]
1177 1106 13 19 6
1213 1096 31 43 —
1263 1106 38 20 160
1385 1107 40 19 353
1436 1095 30 40 |
1475 1105 68 20 41:15
1546 1095 49 40 |43:
1606 1108 23 16 21
1641 1106 10 19 d

1116 1135 40 20 289
1242 1154 2 8 |

1200 1188 2 17 I
1557 1200 1 5 I

1105 1212 138 55 SN
1557 1226 1 18 |

930 1255 53 20 1935]
1008 1268 27 1 —
1041 1242 26 50 |
1070 1267 26 1 —!
1123 1267 27 2 —]
1177 1246 67 42 8]—]
1275 1256 26 19 52
1417 1268 6 1 34
1434 1241 38 49 1
1475 1248 141 38 32::815183:
1599 1241 20 49 6

1201 1290 1 26 PE
1557 1292 1 19 |

1200 1319 44 54 =
1557 1325 1 43 |

1243 1372 1 12 ack

931 1404 52 20 1936]
1008 1404 25 19 33
1105 1416 41 13 |—
1178 1398 66 66 Hr
1275 1404 26 20 22
1400 1404 129 20 26:012h0r
1557 1403 73 44 [8720

1105 1431 1 27 |
1243 1439 1 17 |
1557 1448 1 4 |

1243 1472 1 9 |

932 1524 51 19 1980)
1166 1524 24 19 10
1201 1515 34 51 |—
1289 1524 12 19 6
1400 1524 25 19 33
1443 1511 27 42 |
1489 1520 70 28 9:17
1576 1522 54 20 9:53

1201 1568 1 19 |

1200 1629 2 29 |
1557 1650 1 26 |

932 1672 51 21 1936)
1010 1673 20 19 11
1166 1673 77 19 Tass
1242 1673 55 18 sOT
1399 1673 26 19 38
1440 1661 30 40 |
1489 1673 69 19 9:17]
1575 1671 56 19 9:54

1105 1718 2 21 |
1201 1712 1 60 |
1242 1728 1 11 |
1557 1711 1 8 |

931 1850 52 20 1936]
1008 1851 26 19 37
1105 1866 1 11 |
1178 1837 65 37 6|-—|
1275 1851 69 19 27.s.1]
1399 1851 25 19 45
1438 1833 24 47 |
1476 1850 67 20 10:38
1557 1842 73 28 10:66

1105 1878 1 19 |
1202 1850 38 40 SR

1201 1891 1 17 I

1105 1915 1 10 I
1201 1912 1 13 I

1201 1938 1 23 |

1105 1983 1 11 |
1243 1979 1 30 |

930 2030 52 19 1936)
1007 2029 26 20 37
1046 2013 24 48 |
1070 2013 18 48 —
1105 2017 1 3 |
1118 2013 51 48 —1
1178 2017 66 39 6|—]-
1275 2030 72 19 27:s.2|
1399 2030 26 19 1:45
1478 2029 65 20 -1]-10:83
1564 2029 66 20 10:66
