1834 2355
155 152 41 21 764
852 153 224 17 SAKREGISTER

173 445 272 20 Justitieombudsmannen.

177 478 7 17 1
202 475 294 20 Justitieombudsmannens
509 474 224 27 ämbetsförvaltning
745 475 134 26 godkännes.

176 538 10 17 2
201 535 41 20 Val
256 541 28 14 av
299 535 88 19 valmän
403 534 40 20 och
457 534 143 26 suppleanter
613 534 34 20 för
661 534 105 20 utseende
780 540 28 14 av
824 534 191 26 justitieombuds-

215 571 95 14 mannen
324 565 40 19 och
378 564 55 20 hans
446 564 150 20 efterträdare.

175 621 10 18 w

201 619 41 20 Val
255 625 28 14 av
295 618 278 26 justitieombudsmannen
587 618 40 20 och
640 618 55 20 hans
708 618 151 20 efterträdare.

175 681 11 17 4
201 679 43 20 RD
253 678 129 27 godkänner
391 677 240 27 personalförteckning
640 679 59 18 samt
707 678 162 26 avlöningsstat
878 678 34 20 för
919 678 96 26 justitie-

215 707 322 27 ombudsmansexpeditionen;
555 708 40 20 och
612 707 88 21 anvisar
716 708 43 20 RD
775 708 34 20 till
824 708 191 26 justitieombuds-

215 744 95 14 mannen
324 738 40 20 och
377 738 55 20 hans
444 737 127 27 expedition
584 738 33 19 ett
629 737 76 27 anslag
717 743 28 15 av
760 737 27 20 60
796 737 41 21 500
853 738 32 20 kr.
899 738 33 26 (f).

175 800 11 17 en

201 798 41 20 Till
253 797 277 27 justitieombudsmannen
543 797 39 20 och
594 797 55 20 hans
661 797 133 26 expedition:
810 798 157 19 omkostnader
977 804 38 14 an-

215 828 58 20 visas
287 829 33 19 ett
333 827 75 26 anslag
421 833 29 14 av
463 827 12 20 9
484 826 42 21 400
538 827 33 20 kr.
585 826 34 26 (f).

177 908 7 17 1
201 905 295 20 Justitieombudsmannens
510 904 222 27 ämbetsförvaltning
745 904 134 27 godkännes.

176 968 9 16 Do

201 965 41 20 Val
256 971 28 14 av
298 965 89 20 valmän
402 964 41 20 och
457 964 141 26 suppleanter
611 964 34 20 för
662 964 104 20 utseende
780 970 29 14 av
825 964 190 26 justitieombuds-

215 1001 96 14 mannen
324 994 41 21 och
379 994 55 20 hans
447 994 151 20 efterträdare.

175 1057 10 17 3
201 1054 40 20 Val
255 1060 28 14 av
296 1053 278 27 justitieombudsmannen
587 1054 41 19 och
641 1054 55 19 hans
709 1054 152 19 efterträdare.

176 1116 10 17 ”-

202 1114 42 20 RD
259 1115 92 25 antager
367 1113 72 20 såsom
453 1113 88 20 vilande
555 1113 34 20 för
602 1112 77 21 vidare
692 1112 177 27 grundlagsenlig
882 1113 133 27 behandling

216 1143 80 26 förslag
307 1143 34 20 till
353 1143 84 20 ändrad
452 1142 82 26 lydelse
546 1148 28 14 av
585 1143 21 25 $$
621 1142 34 24 96,
671 1142 27 20 97
714 1142 40 20 och
766 1142 27 20 98
807 1142 39 20 RF
857 1144 58 18 samt
927 1149 28 14 av
966 1144 10 24 $
988 1143 27 20 42

216 1179 65 14 mom.
298 1174 13 19 2
329 1173 41 20 och
385 1173 10 25 $
410 1172 27 21 68
453 1172 40 20 RO
512 1172 118 25 (avseende
648 1172 119 20 stärkande
782 1178 28 14 av
825 1172 190 26 justitieombuds-

216 1209 106 14 mannens
336 1202 40 20 och
391 1202 280 20 militieombudsmannens
685 1202 120 26 ställning).

202 1263 42 19 RD
255 1262 45 20 dels
311 1262 102 22 besluter,
424 1262 49 19 med
487 1261 139 26 tillämpning
640 1261 43 20 tills
693 1261 76 20 vidare
778 1261 26 20 fr.
815 1267 19 14 o.
844 1267 29 14 m.
884 1261 131 27 budgetåret

217 1292 126 25 1940/1941,
358 1293 35 19 att
408 1292 41 19 den
464 1291 6 20 i
484 1291 190 26 avlöningsstaten
688 1291 34 20 för
737 1291 277 26 justitieombudsmannen

216 1322 40 20 och
271 1322 55 20 hans
343 1321 127 26 expedition
486 1322 113 25 upptagna
613 1321 166 26 anslagsposten
794 1320 34 20 till
842 1321 76 26 rörligt
931 1321 83 26 tillägg,

216 1351 132 27 förslagsvis,
357 1351 12 20 å
379 1352 12 19 2
403 1351 41 20 850
452 1351 32 19 kr.
494 1350 55 21 skall
557 1350 63 26 höjas
628 1350 50 20 med
688 1350 57 20 1500
755 1350 33 20 kr.
797 1350 33 20 till
838 1350 14 20 4
860 1350 41 21 350
912 1350 32 20 kr.
957 1352 58 18 samt

216 1383 34 18 att
264 1381 6 20 i
284 1381 55 26 följd
354 1381 69 20 härav
439 1380 201 27 avlöningsstatens
654 1380 131 20 slutsumma
799 1380 55 20 skall
867 1386 54 14 vara
938 1380 27 20 62
973 1380 42 20 000

216 1412 39 23 kr.,
268 1411 45 20 dels
324 1411 40 20 ock
375 1410 88 20 anvisar
476 1410 33 20 till
519 1410 277 26 justitieombudsmannen
808 1410 40 20 och
859 1410 55 20 hans
927 1410 88 26 expedi-

216 1441 54 20 tion:
284 1441 130 25 avlöningar
427 1441 33 19 ett
473 1440 76 26 anslag
561 1446 28 14 av
603 1440 27 20 62
638 1440 42 20 000
693 1440 32 19 kr.
740 1440 33 26 (f).

165 1272 28 6 co

176 1503 10 17 &e

201 1501 41 19 Till
253 1500 277 27 justitieombudsmannen
543 1500 40 20 och
595 1500 54 20 hans
661 1499 133 27 expedition:
807 1500 156 20 omkostnader
977 1506 38 14 an-

216 1530 58 20 visas
286 1532 33 18 ett
331 1530 75 26 anslag
417 1536 29 14 av
457 1530 12 20 9
479 1529 41 20 400
531 1530 32 19 kr.
576 1529 33 26 (f).

243 1566 22 16 Se
274 1566 34 16 ock
319 1566 88 19 Jansson,
416 1566 28 19 G.;
455 1565 164 17 Justitiekanslern
629 1565 59 20 (1937:
697 1565 22 19 2);
729 1565 163 20 Löneregleringar
901 1565 59 20 (1939:
970 1568 44 13 13—

222 1590 33 20 14);
269 1590 147 16 Pensionsväsen
429 1590 60 19 (1937:
499 1589 33 20 16):
542 1590 116 19 Riksdagens
666 1589 51 20 verk;
726 1589 187 20 Riksgäldskontoret
922 1589 59 20 (1939:
989 1589 24 20 5).

175 1644 303 24 JUSTITIEREVISIONEN;
503 1650 22 13 se
550 1643 81 26 Högsta
656 1643 112 20 domstolen
794 1643 71 26 (1935:
878 1645 17 22 3;
923 1643 60 20 1936:
997 1646 16 21 2;

204 1674 59 20 1937:
277 1676 16 21 2;
310 1673 60 21 1938:
383 1676 16 21 2;
416 1673 59 20 1939:
488 1675 18 22 3;
522 1673 60 20 1940:
595 1673 26 26 2);
635 1673 69 20 Nedre
717 1673 214 20 Justitierevisionen.

175 1730 196 27 JUSTITIERÅD;
385 1740 21 12 se
419 1733 81 25 Högsta
513 1732 122 24 domstolen;
651 1732 117 27 Skiljemän
783 1732 80 26 (1935).

175 1793 241 24 JUSTITIESTATER:;
443 1799 23 13 se
494 1792 155 25 Domsagorna;
680 1792 157 24 Domstolarna;
865 1792 148 24 Hovrätterna;

200 1822 213 26 Häradshövdingar;
430 1822 181 20 Häradsrätterna
626 1823 59 19 samt
701 1822 69 20 under
785 1828 56 20 resp.
859 1822 120 20 hovrätter.

175 1883 115 24 JUVELN;
304 1889 21 13 se
343 1882 172 26 Vatltenfallsverk
528 1882 64 26 (1940
602 1882 26 20 U:
641 1882 26 26 3).

176 1942 307 20 JUVERINFLAMMATION
504 1942 55 20 H0S
580 1937 200 29 NÖTKREATUR;
803 1947 21 14 se
847 1941 169 26 Husdjurssjuk-

202 1973 79 19 domar.

176 2022 93 24 JÄMTE,
272 2018 52 32 F.,
338 2026 13 19 f.
363 2026 20 19 d.
397 2026 69 20 indelt
479 2026 72 20 soldat
563 2025 37 20 vid
617 2025 147 20 Norrbottens
776 2026 130 25 regemente,
920 2025 60 23 furir;
994 2031 22 14 se

201 2056 118 20 Pensioner
333 2056 80 25 (1940).

1299 227 106 30 Utskotts-
1478 231 54 16 Riks-

1094 257 56 18 Kungl]
1286 253 129 35 utlåtanden,
1471 253 69 35 dagens
1599 245 118 42 "Kamrarnas

1097 287 52 18 Maj:ts
1151 275 103 28 Motioner
1280 291 95 16 memor:
1388 291 44 16 eller
1481 291 46 16 äl:
1589 275 141 29 förhandlingar

1042 310 26 20 År
1096 320 51 14 Ipropir
1291 321 133 17 betänkanden
1474 314 60 33 velser
1615 309 88 20 (protinr)

1094 342 46 27 eller
1284 368 4 4 -

1096 376 102 27 SENSISK
1215 386 36 17 AR
1272 375 16 50 i
1314 380 16 44 Z
1354 387 90 17 Nummer]
1461 387 91 16 Nummer
1587 375 56 40 eos
1712 375 27 40 RR

1034 475 52 21 1939]
1110 488 27 2 —
1149 471 14 36 I]
1172 471 47 36 —I
1226 471 45 36 —]
1280 471 34 36 9j
1324 477 8 19 11
1380 477 7 19 1
1504 489 21 2 —
1592 477 18 20 7:
1622 479 10 17 6
1692 477 41 19 7:88

1034 535 309 21 FORNE
1258 530 48 42 ee
1391 549 27 2 ae
1653 537 79 48 RNA

1032 619 54 20 19390]
1110 631 27 3 —
1171 632 171 3 J—1—l—-—
1391 632 28 3 —
1475 621 64 20 37-39
1591 620 19 20 -
1623 582 37 78 10]
1680 620 52 20 10:
1716 616 18 34 2

1032 679 83 20 193911:
1128 681 23 17 13]
1172 692 27 1 —
1200 675 19 35 |
1226 692 27 2 —1
1280 680 13 20 81
1315 692 27 2 —]
1364 680 26 20 75
1404 683 44 17 s.11]
1488 680 40 20 412
1539 675 28 35 |
1577 679 69 20 40:24
1649 675 9 35 1
1677 679 69 20 40:12

1093 710 20 20 pt
1127 709 22 16 20

1034 799 117 20 1939|1:13]
1171 811 28 2 —|
1225 811 28 3 —LI
1280 799 62 20 8|—]
1364 799 26 20 75
1404 802 45 17 s.12).
1488 800 40 19 412
1578 790 83 37 |-:40:
1616 786 33 46 24
1648 786 18 46 |
1679 798 67 20 40:12

1094 830 21 19 pt
1128 828 19 16 21

1033 906 104 20 1940]
1111 902 35 34 —
1150 902 22 34 |
1172 902 44 34 —I1
1226 902 48 34 —]
1280 902 34 34 9]
1323 902 34 34 1]
1379 907 8 19 1
1498 919 27 2 —
1592 905 155 39 180

1032 965 54 21 1940
1109 977 28 3 —
1155 961 7 34 1]
1171 970 175 11 —Il—l——
1390 978 28 2 —
1498 978 27 2 —
1591 966 40 20 9:1...);
1659 965 74 20 11:
1716 961 18 34 8

1033 1055 53 20 1940]
1109 1066 28 3 —
1154 1051 7 34 I]
1171 1067 28 2 —]
1225 1067 114 2 —]—]—|]
1390 1066 28 3 —
1475 1056 64 20 48-50
1547 1051 21 33 |
1579 1055 51 19 10:1
1640 1051 29 33 |
1680 1055 52 19 12:2

1032 1114 54 21 1940]
1104 1113 39 21 152
1148 1109 14 35 |
1166 1114 37 20 174]
1225 1126 28 3 —I
1280 1114 12 20 5
1300 1111 46 50 HR
1365 1114 24 20 18
1498 1127 27 2 —
1577 1114 54 20 31:1
1641 1110 26 34 |
1678 1114 33 20 34:
1722 1116 25 17 20

1659 1165 2 10 I

1659 1176 2 18 I

1033 1262 82 21 1940]1:
1128 1264 22 17 14]
1171 1274 27 2 —
1199 1258 17 34 |
1231 1275 21 2 —1I
1279 1263 13 19 81
1315 1275 25 2 —]
1363 1262 27 20 40
1404 1264 31 18 s.6
1487 1263 41 20 363
1536 1258 30 34 |
1577 1262 69 20 33:48
1646 1258 18 34 |
1677 1262 34 20 37:
1722 1264 25 17 54

1092 1293 22 19 pt
1127 1292 23 16 20

1033 1501 82 20 194011:
1128 1503 22 17 14]
1171 1512 28 3 —|
1225 1513 28 2 —]
1280 1501 12 20 81
1315 1513 23 2 —]|
1363 1500 27 20 40
1404 1502 31 18 s.6
1487 1501 41 20 363
1536 1496 30 34 |
1577 1500 69 20 33:48
1646 1496 18 34 |
1678 1500 33 20 37:
1723 1501 24 18 54

1093 1532 20 19 pt
1127 1530 20 16 21

1344 1643 2 18 I

1344 1672 2 41 |
1659 1674 2 18 I

1345 1716 1 8 |
1659 1705 2 27 |

1345 1726 1 42 |
1659 1736 1 9 I

1303 1768 43 15 SR

1345 1887 2 29 |
1660 1908 1 8 |

1346 1917 1 23 |
1660 1919 2 20 |

1346 1942 1 16 I
1661 1948 1 11 I

1304 1966 2 28 |
1661 1987 1 5 |

1305 1995 1 23 I
1346 1961 1 48 |
1661 1993 1 14 I

1346 2053 2 28 |
1661 2050 1 31 |
