1856 2357
826 165 135 15 SAKREGISTER

111 439 228 28 Bostadsproduktion.

155 470 56 21 1928
235 471 91 26 angivna
349 471 98 26 grunder,
472 479 26 12 av
522 472 26 20 de
572 472 32 20 till
629 472 78 21 fonden
725 473 117 26 inflytande
859 476 88 18 amorte-
955 471 61 25 1928

153 501 99 25 ringarna
267 501 39 20 och
324 503 99 18 räntorna
440 501 31 20 för
482 502 22 19 år
517 501 56 21 1928
585 502 122 26 disponeras
719 505 29 18 ett
760 503 77 26 belopp
848 510 26 14 av
885 504 62 26 högst

154 530 64 20 2.000
229 530 42 20 000
288 531 30 20 kr.

113 607 3 14 1
139 602 36 19 RD
192 601 114 26 medgiver,
323 604 29 18 att
369 603 75 19 räntan
461 603 12 19 å
489 602 26 20 de
524 602 35 20 lån
571 609 24 14 ur
604 603 127 20 lånefonden
742 604 32 20 för
782 605 164 25 tjänstemanna-

154 631 114 21 samhället
284 631 34 20 vid
335 632 82 26 Mörby,
434 632 58 20 vilka
508 632 5 20 i
530 632 95 26 enlighet
641 633 48 20 med
707 633 69 21 beslut
792 641 25 13 av
835 634 56 21 1920
908 635 38 20 och

155 661 56 20 1922
231 662 32 19 års
283 661 109 26 riksdagar
408 662 93 20 lämnats
518 663 285 25 tjänstemannasamhällets
820 664 36 21 vid
872 665 75 26 Mörby

154 691 213 26 egnahemsförening
383 691 49 20 med
449 692 116 26 begränsad
583 693 106 26 personlig
705 694 133 26 ansvarighet
850 695 39 20 och
901 702 45 13 som

153 728 48 13 avse
225 721 99 26 antingen
349 721 128 26 byggnader,
502 722 58 20 vilka
583 722 33 20 till
636 722 144 27 huvudsaklig
798 724 34 20 del
849 725 98 26 uppförts

153 751 67 20 under
243 752 49 19 åren
319 751 152 25 1921—1924,
496 752 51 20 eller
570 752 39 20 ock
633 752 128 27 anläggning
784 760 26 14 av
829 755 63 25 vägar
908 755 38 20 och

152 783 71 24 öppna
246 781 78 26 platser
340 783 57 18 samt
412 783 79 19 vatten-
508 782 39 20 och
563 782 206 27 avloppsledningar,
787 784 57 20 vilka
860 785 33 20 till
910 785 36 20 hu-

153 811 112 25 vudsaklig
288 810 32 21 del
346 811 77 21 utförts
440 811 67 21 under
523 812 95 20 nämnda
633 812 37 25 tid,
688 814 41 23 må,
746 813 76 21 räknat
837 814 25 20 fr.
880 821 17 14 o.
918 821 28 14 m.

152 841 41 20 den
216 841 9 20 1
242 842 44 25 jan.
306 840 55 21 1929
387 841 115 26 nedsättas,
519 842 131 21 beträffande
667 843 152 26 byggnadslån,
836 851 45 13 som
899 851 48 14 avse

153 872 61 23 tomt,
232 871 71 20 vilken
320 871 115 21 innehaves
447 878 26 14 av
484 872 95 20 nämnda
589 868 104 49 TOTORI0gT
705 874 184 26 statstjänsteman
897 874 50 21 eller

153 901 196 25 statstjänstemans
358 901 56 20 änka
422 901 52 20 eller
482 901 59 25 barn,
552 902 68 20 från
597 897 20 37 5
616 897 45 37 till
667 901 41 29 4!/;
715 905 93 24 procent,
816 904 131 21 beträffande

155 930 151 27 byggnadslån,
323 937 45 14 som
386 938 59 13 avser
462 918 98 40 byggnad
576 932 12 20 å
604 939 71 13 annan
691 934 61 23 tomt,
768 933 48 20 från
833 934 12 19 6
857 934 32 20 till
904 933 41 29 5!/,

154 962 87 24 procent
259 961 40 19 och
319 961 131 20 beträffande
466 961 36 20 lån
518 962 33 19 för
567 962 128 26 anläggning
710 969 26 14 av
755 960 63 41 vägar
826 964 39 20 och
876 966 71 24 öppna

153 990 80 26 platser
256 992 56 19 samt
331 992 78 19 vatten-
429 991 39 20 och
485 991 200 27 avloppsledningar
700 993 47 19 från
765 993 11 20 5
794 993 33 20 till
843 993 42 27 41/,
903 1001 43 19 pro-

154 1022 53 18 cent.

109 1092 11 19 2
139 1092 36 19 RD
192 1091 114 27 medgiver,
325 1094 31 18 att
372 1092 33 20 för
418 1093 25 24 år
460 1092 56 21 1930
533 1094 42 22 må,
587 1093 33 20 till
638 1093 117 21 beredande
771 1101 26 13 av
814 1101 41 20 nya
871 1095 34 20 lån
923 1102 24 13 ur

153 1123 80 18 statens
252 1121 189 21 bostadslånefond
454 1123 5 19 i
473 1123 145 26 huvudsaklig
631 1124 212 21 överensstämmelse
858 1125 48 20 med
921 1125 26 20 de

154 1152 4 19 i
176 1151 233 26 statsrådsprotokollet
424 1153 49 19 över
489 1153 158 20 socialärenden
663 1153 41 20 den
723 1153 25 20 15
765 1160 57 14 mars
840 1154 55 20 1929
912 1162 34 13 an-

152 1181 64 26 givna
232 1181 97 26 grunder,
347 1188 25 13 av
389 1182 26 20 de
431 1182 33 20 till
480 1182 80 21 fonden
577 1183 118 26 inflytande
711 1184 181 26 amorteringarna
907 1185 38 20 och

154 1213 98 18 räntorna
270 1212 31 19 för
312 1212 23 19 år
346 1211 56 20 1929
414 1212 123 26 disponeras
547 1214 30 19 ett
587 1213 78 26 belopp
677 1220 25 13 av
714 1213 61 26 högst
787 1213 12 20 3
809 1214 43 20 000
862 1214 41 21 000
916 1215 29 20 kr.

140 1283 35 20 RD
193 1282 113 27 medgiver,
324 1285 31 18 att
371 1284 32 20 för
418 1284 23 20 år
459 1283 53 21 1931
531 1285 41 23 må,
590 1284 33 21 till
640 1284 117 21 beredande
774 1292 26 14 av
816 1292 41 20 nya
876 1286 35 20 lån
922 1293 25 13 ur
955 1287 63 30 1930

153 1314 80 19 statens
250 1313 188 21 bostadslånefond
454 1314 6 19 i
477 1314 143 26 huvudsaklig
636 1308 211 28 överensstämmelse
863 1316 49 20 med
921 1323 12 13 av
939 1318 18 18 |

153 1343 158 20 statsutskottet
335 1343 111 21 förordade
470 1344 98 25 grunder,
593 1351 26 13 av
642 1344 26 21 de
685 1344 33 21 till
734 1345 78 20 fonden
829 1345 117 27 inflytande

153 1373 182 25 amorteringarna
350 1373 39 20 och
406 1375 100 19 räntorna
523 1374 32 20 för
571 1375 22 19 år
610 1374 56 20 1930
683 1374 123 27 disponeras
823 1377 29 18 ett
870 1376 75 26 belöpp

153 1409 26 13 av
195 1403 62 26 högst
274 1402 64 21 1000
348 1403 42 20 000
407 1403 30 20 kr.

164 1437 23 17 Se
197 1437 35 17 ock
242 1438 60 22 Egna
311 1437 48 19 hem
368 1437 68 23 (1928),
443 1437 139 24 Jordfrågan
592 1438 68 23 (1930),
671 1439 139 23 Skogsväsen
820 1439 17 22 a)
844 1440 58 21 (1921:
912 1441 34 22 10)

108 1501 321 28 Bostadsrättsföreningar,

138 1534 37 19 RD
199 1535 86 24 antager
308 1534 79 26 förslag
410 1534 32 20 till
465 1534 35 26 lag
523 1541 34 14 om
575 1531 266 43 bostadsrättsföreningar,
862 1536 33 26 lag
911 1544 34 13 om

153 1563 80 20 ändrad
249 1563 81 27 lydelse
347 1571 25 13 av
390 1565 19 24 2,
427 1564 12 20 8
456 1547 43 47 och
512 1564 28 20 84
557 1565 28 25 8$
601 1565 61 26 lagen
678 1565 42 20 den
736 1566 27 19 22
780 1566 47 33 juni
845 1566 55 20 1911
914 1567 33 25 (nr

153 1593 26 20 55
197 1600 15 13 s.
230 1593 14 25 1)
261 1600 35 14 om
313 1594 139 20 ekonomiska
468 1579 126 46 föreningar,
615 1595 33 26 lag
664 1602 34 13 om
715 1595 105 27 ändring
803 1591 23 35 i
833 1596 61 26 lagen
906 1596 39 21 den

154 1623 26 20 14
200 1624 47 25 juni
269 1623 54 21 1907
345 1624 33 25 (nr
395 1624 26 20 36
439 1631 15 13 s.
472 1624 15 25 I)
502 1631 35 13 om
554 1625 156 26 nyttjanderätt
726 1625 33 21 till
775 1626 41 19 fast
836 1626 110 26 egendom,

152 1653 34 25 lag
202 1660 35 13 om
253 1653 82 20 ändrad
351 1653 81 26 lydelse
448 1660 26 14 av
490 1654 34 25 42,
542 1654 48 24 111,
609 1654 41 21 133
667 1655 39 20 och
721 1655 40 20 192
774 1656 27 25 $$
813 1656 133 26 utsöknings-

152 1683 60 25 lagen
233 1685 56 18 samt
304 1683 35 26 lag
354 1690 35 13 om
407 1684 80 20 ändrad
504 1684 80 26 lydelse
601 1691 25 13 av
644 1684 9 20 1
672 1685 13 23 &
702 1685 184 27 bokföringslagen
906 1686 40 20 den

153 1712 23 20 31
197 1713 43 26 maj
261 1713 55 20 1929
333 1718 33 20 (nr
384 1713 54 26 117).

86 1804 2 9 |
107 1782 228 22 Bostadsstandard.

138 1815 37 19 AK
193 1815 70 19 avslår
279 1815 81 20 motion
377 1822 46 18 ang.
442 1816 92 26 höjande
551 1823 25 13 av
594 1816 213 21 bostadsstandarden
825 1824 27 13 m.
871 1825 27 13 m.

107 1883 117 22 Bostäder
240 1886 89 21 ombord
345 1888 12 19 å
374 1887 78 26 fartyg;
470 1894 21 14 se
509 1887 188 27 Interpellationer
712 1888 73 26 (1923:
799 1889 37 25 11).

107 1955 124 25 Bostäder,
243 1958 116 20 tomtmark
371 1959 42 22 till;
426 1965 21 14 se
458 1959 140 26 Jordfrågan
609 1960 72 25 (1925:
694 1963 24 22 2),
735 1959 120 22 Tomtmark
865 1960 80 26 (1929).

106 2026 131 30 Boställen;
250 2036 21 13 se
285 2029 98 21 Arrende
393 2030 72 26 (1928:
481 2031 22 24 1),
513 2030 176 22 Folkskoleväsen
699 2031 72 26 (1929:
784 2032 24 24 2),
821 2031 125 22 Löneveder-

152 2058 35 27 lag
204 2059 89 21 medelst
310 2060 111 20 boställen.

83 2111 29 17 40,
128 2113 59 18 Sakregi
192 2114 29 13 ster
233 2114 11 15 I.

750 218 17 2 |

768 218 26 2 |

797 218 27 2 |

856 219 28 1 |

891 219 16 1 |

978 258 21 144 18STLpsNIA

1035 305 18 105 T9S[9ALIYS
1035 246 17 47 ISS

1055 390 16 40 Ior
1055 295 43 75 FE
1054 248 22 44 Bun

1085 297 2 2 |
1093 283 100 25 Motioner
1182 279 13 33 |

1086 367 1 39 |
1097 391 32 17 FK
1149 392 45 18 |AK|

1208 374 17 58 [tuBg

1238 283 111 18 utlåtanden

1214 313 47 18 eller
1273 314 98 17 memorial

1251 253 92 18 Utskotts-

1250 379 27 16 >!

1250 398 11 11 4

1250 410 17 11 &

1416 236 53 17 Riks-

1406 266 72 22 dagens

1420 296 46 18 skri-

1413 326 61 18 velser

1535 267 117 18 Kamrarnas

1520 292 144 31 förhandlingar
1691 301 1 38 |

1509 381 67 17 Första

1506 405 69 18 kamm.

1609 381 65 18 Andra
1691 387 1 21 |

1607 406 69 17 kamm.
1690 417 2 4 |

962 606 56 21 1929

1036 1288 37 20 161

1145 1097 38 20 441|
1213 1099 23 25 6]
1256 1089 86 35 1/118|

1403 1290 12 19 No

1418 1289 11 20 St

1405 1540 39 20 142

1503 1099 33 20 32:
1547 1099 45 24 93d
1603 1099 33 19 40:
1648 1098 39 21 89d

1591 1125 1 11 I

1510 1290 32 20 32:
1556 1295 22 15 14
1591 1304 1 13 |
1611 1289 33 20 33:
1656 1295 24 15 20

1510 1541 67 20 23:42

1590 1617 2 11 I

1590 1630 2 8 I

1591 1640 1 10 I

1591 1656 1 8 |

1591 1665 1 15 I

1591 1683 1 9 |

1591 1698 1 10 |

1591 1797 1 8 |

1591 1816 1 7 |

1591 1854 1 9 I

1591 1867 2 9 I

1610 1540 33 20 24:
1655 1545 24 15 86
1691 1540 2 29 |

1591 1809 1 3 |
1603 1816 33 34 44:
1648 1811 46 43 sid)
