1806 2328
747 63 223 20 SAKREGISTER

1618 63 37 19 581

76 241 120 21 Jordbruk

82 929 23 14 14

82 993 22 14 15

81 1111 23 15 16

81 1230 23 14 17

82 1348 23 14 18

121 272 61 24 yttre
199 271 188 26 rationalisering
403 272 60 20 intill
480 273 32 19 ett
528 272 83 25 belopp
627 278 28 14 av
672 272 26 20 10
707 272 41 20 000
759 272 41 20 000
816 272 42 24 kr.,
874 272 36 20 för
926 272 38 20 lån

121 301 35 20 till
175 302 50 19 inre
243 301 188 25 rationalisering
449 301 60 20 intill
527 303 32 19 ett
576 302 84 25 belopp
677 308 28 14 av
723 301 26 20 15
759 302 41 20 000
810 302 41 20 000
869 302 42 24 kr.,
928 302 36 20 för

121 331 297 25 jordbruksegnahemslån
433 337 30 14 m.
479 337 29 14 m.
523 331 61 20 intill
599 332 32 19 ett
645 331 83 25 belopp
743 337 28 15 av
784 332 28 20 20
822 331 41 21 000
873 332 42 20 000
929 332 35 20 kr.

122 361 44 19 och
180 360 37 20 för
232 360 110 20 driftslån
356 361 61 19 intill
431 362 32 19 ett
477 361 83 25 belopp
575 367 27 14 av
616 361 12 20 6
638 361 42 20 000
690 361 41 20 000
746 361 41 23 kr.,
802 362 51 19 med
868 362 46 20 rätt
928 361 36 20 för

122 390 27 20 K.
165 390 46 20 M:t
226 391 41 23 att,
282 396 39 14 om
336 390 179 20 förhållandena
531 391 75 20 skulle
620 396 27 20 ge
661 391 126 25 anledning
802 391 86 24 därtill,
902 391 62 20 med-

121 420 52 25 giva
191 420 125 25 jämkning
333 420 6 20 i
358 420 70 25 sagda
446 419 139 26 fördelning,
603 421 48 19 dels
669 420 36 20 för
722 420 39 21 lån
778 421 113 20 avseende
907 426 58 19 upp-

122 450 99 20 förande
237 455 28 14 av
281 449 109 26 lagerhus
406 456 30 14 m.
452 456 30 14 m.
499 450 36 19 för
550 450 239 25 jordbruksändamål
804 451 61 20 intill
881 452 32 19 ett
927 450 38 21 be-

123 480 56 24 lopp
192 486 28 13 av
234 479 13 20 4
256 479 42 20 000
308 479 42 21 000
365 480 42 23 kr.,
421 479 49 20 dels
485 479 36 20 för
535 480 38 19 lån
587 480 113 20 avseende
714 480 250 25 trädgårdsnäringens

123 509 188 25 rationalisering
327 509 61 20 intill
404 510 33 19 ett
452 509 84 25 belopp
552 516 28 14 av
595 510 13 20 2
618 509 41 21 000
669 510 42 20 000
727 510 46 23 kr.;
789 511 44 20 och
848 510 117 25 medgiver

124 539 47 23 RD,
184 540 35 18 att
231 539 45 19 den
289 539 72 24 årliga
374 539 85 19 räntan
471 539 13 19 å
496 539 45 19 den
553 539 96 20 stående
661 540 66 19 delen
740 546 28 13 av
780 539 39 20 lån
832 540 52 20 från
897 545 67 20 egna-

122 568 217 23 hemslånefonden,
356 574 51 14 som
422 568 109 25 beviljats
548 568 58 20 efter
622 568 115 26 ingången
754 575 28 14 av
797 569 26 20 år
840 569 55 21 1920
912 575 52 15 men

124 597 49 21 före
186 598 45 19 den
245 598 9 19 1
268 598 45 24 juli
327 597 55 20 1940
395 598 43 19 och
451 597 36 20 för
499 598 63 20 vilka
574 598 288 26 amorteringsskyldighet
874 599 90 24 inträtt,

124 627 38 20 må
176 627 36 20 för
226 627 25 20 år
266 627 56 20 1958
336 627 119 20 nedsättas
469 627 34 20 till
517 627 35 23 3,6
565 628 105 24 procent;
685 628 43 20 och
741 628 117 25 medgiver
871 629 47 24 RD,
931 630 33 20 att

123 657 7 20 i
143 657 100 20 avsende
255 656 13 20 å
280 657 156 25 köpeskilling
449 657 36 19 för
497 657 72 20 sådan
581 657 237 25 jordbrukslägenhet
829 658 55 20 eller
896 658 69 26 bygg-

122 686 46 20 nad
187 686 13 20 å
219 686 159 25 åbolägenhet,
397 692 50 14 som
466 686 25 20 år
510 686 55 20 1920
584 686 54 20 eller
657 692 81 15 senare
756 687 25 20 år
799 687 95 21 försålts
912 688 52 20 från

123 715 196 26 kronoegendom,
335 716 84 19 räntan
434 715 45 24 må,
494 716 7 19 i
517 716 43 19 den
576 716 54 20 mån
646 716 185 26 köpeskillingen
846 717 118 20 förräntas

123 746 72 24 enligt
210 745 123 20 enahanda
348 745 108 25 grunder,
471 751 50 14 som
535 745 56 25 gällt
606 745 54 21 eller
674 746 72 24 gäller
760 746 37 20 för
811 747 44 20 den
870 747 94 21 stående

123 775 67 20 delen
208 781 28 14 av
254 775 50 19 före
322 775 44 20 den
386 775 10 19 1
415 774 44 25 juli
479 774 55 21 1940
551 774 97 25 beviljat
665 776 166 24 egnahemslån
849 776 36 20 för
901 777 63 25 jord-

123 804 214 25 brukslägenheter,
349 804 75 20 under
435 804 25 20 år
472 804 55 20 1958
538 804 55 25 utgå
603 804 59 20 efter
672 805 35 23 3,6
717 806 106 24 procent;
834 806 43 20 och
888 806 76 21 avslår

124 834 39 20 RD
176 834 89 19 motion
277 834 7 20 i
297 834 43 19 vad
354 840 65 13 avser
431 834 136 25 yrkandena
580 840 37 13 om
630 834 99 25 ändring
741 841 27 14 av
779 835 185 21 bestämmelser-

123 868 29 16 na
169 864 8 19 i
195 864 156 24 kungörelsen
370 863 119 20 1955:354
506 868 51 20 ang.
576 863 88 25 statligt
681 864 51 20 stöd
749 865 35 20 till
801 865 164 25 trädgårdsnä-

123 894 93 25 ringens
226 893 195 25 rafionalisering.

122 923 45 20 Till
177 923 147 20 betesförsök
334 923 7 20 i
350 922 116 20 Norrland
477 922 92 20 anvisas
580 922 26 21 35
616 922 42 21 000
668 923 34 20 kr.

123 987 39 20 RD
180 987 124 25 medgiver,
321 988 34 19 att
372 987 38 20 det
427 987 36 20 för
479 986 137 26 budgetåret
634 986 91 20 1953/54
741 986 110 21 anvisade
867 986 98 20 investe-

123 1017 171 25 ringsanslaget
307 1017 35 20 till
356 1017 90 25 lagring
460 1023 28 14 av
500 1016 257 25 jordbruksprodukter
771 1016 38 20 må
822 1016 73 20 under
908 1015 57 20 bud-

122 1047 88 25 getåret
230 1046 90 21 1957/58
339 1047 120 19 användas
477 1046 36 20 för
531 1046 37 21 det
586 1047 52 19 med:
656 1046 104 25 anslaget
777 1045 101 21 avsedda
895 1045 70 20 ända-

123 1076 77 20 målet.

123 1106 39 20 RD
180 1106 124 24 medgiver,
321 1107 34 19 att
372 1106 38 20 det
427 1105 37 20 för
480 1105 136 25 budgetåret
634 1105 91 20 1953/54
741 1105 110 20 anvisade
867 1105 98 20 investe-

123 1135 171 25 ringsanslaget
315 1135 35 20 till
372 1135 90 20 inlösen
484 1141 28 14 av
533 1135 119 20 inhemskt
672 1134 140 25 oljeväxtfrö
833 1134 38 20 må
891 1134 74 20 under

122 1165 138 25 budgetåret
277 1165 91 20 1957/58
384 1165 120 20 användas
520 1164 36 20 för
571 1165 38 20 det
624 1165 52 19 med
691 1164 104 25 anslaget
811 1164 100 20 avsedda
926 1165 39 19 än-

123 1194 108 21 damålet.

123 1224 39 20 RD
180 1224 124 25 medgiver,
322 1224 34 20 att
373 1224 37 20 det
428 1224 36 19 för
480 1223 136 25 budgetåret
634 1223 91 20 1953/54
742 1223 110 20 anvisade
868 1223 97 20 investe-

122 1254 172 25 ringsanslaget
309 1253 35 20 till
359 1253 135 25 ytterligare
509 1253 89 25 lagring
613 1259 28 14 av
656 1252 257 26 jordbruksprodukter
928 1252 37 21 må

122 1284 75 19 under
208 1283 138 25 budgetåret
359 1283 90 20 1957/58
461 1283 119 20 användas
592 1282 36 20 för
638 1283 38 19 det
687 1283 51 19 med
750 1282 104 25 anslaget
865 1282 100 21 avsedda

122 1313 142 20 ändamålet.

124 1343 39 19 RD
178 1342 152 25 bemyndigar
344 1342 26 20 K.
384 1342 45 20 M:t
442 1343 34 19 att
489 1341 56 25 höja
558 1342 129 20 maximum
700 1342 36 19 för
750 1342 38 20 det
801 1342 93 25 statliga
907 1342 58 25 pris-

123 1372 105 25 tillägget
243 1372 36 19 för
293 1371 133 25 hampfiber
440 1378 28 13 av
483 1371 56 21 1956
553 1371 43 20 och
611 1377 81 14 senare
706 1371 38 20 års
758 1371 98 20 skördar
871 1371 53 20 från
939 1371 25 21 75

124 1402 35 20 till
173 1402 27 20 90
215 1402 39 20 öre
267 1401 36 20 för
317 1401 114 25 kilogram
444 1401 112 25 spinnbar
569 1407 62 17 vara,
645 1401 116 25 medgiver
775 1401 26 20 K.
814 1401 45 20 M:t
872 1402 33 20 att
917 1401 48 20 vid-

123 1432 53 24 taga
193 1431 152 25 erforderliga
361 1431 107 25 åtgärder
485 1430 36 21 för
537 1431 51 20 stöd
604 1431 24 20 åt
643 1431 109 24 odlingen
768 1437 28 14 av
810 1430 88 25 oljelin,
914 1431 51 25 spå-

123 1461 94 20 nadslin
233 1461 44 19 och
293 1461 86 24 hampa
395 1461 75 20 under
486 1460 177 25 regleringsåret
680 1460 90 21 1957/58
786 1461 8 20 i
809 1460 157 25 huvudsaklig

123 1490 233 21 överensstämmelse
371 1490 52 20 med
439 1490 27 20 de
481 1490 119 24 riktlinjer
615 1495 49 15 som
679 1490 107 25 angivits,
801 1490 116 25 medgiver
932 1491 34 20 att

124 1527 28 13 av
166 1521 38 20 det
218 1520 13 20 å
245 1520 127 20 riksstaten
386 1520 36 19 för
435 1519 137 26 budgetåret
586 1519 90 21 1956/57
691 1520 74 20 under
778 1520 85 20 nionde
876 1520 89 20 huvud-

123 1550 67 20 titeln
209 1550 111 20 anvisade
339 1549 261 25 reservationsanslaget
618 1549 34 20 till
671 1549 170 25 Prisreglerade
859 1549 107 26 åtgärder

124 1579 29 25 på
165 1579 152 25 jordbrukets
329 1579 94 20 område
435 1579 39 20 må
485 1578 37 21 för
533 1579 187 25 gratifikationer
732 1578 35 21 till
778 1579 138 25 personalen
928 1579 37 21 vid

124 1609 262 25 linberedningsverken
402 1609 6 19 i
424 1608 75 25 Växjö
515 1609 44 19 och
574 1608 119 21 Mellansel
709 1609 7 20 i
731 1608 157 26 huvudsaklig
903 1610 63 19 över-

124 1639 178 20 ensstämmelse
316 1639 52 19 med
382 1638 27 20 de
423 1638 109 25 grunder,
546 1644 51 14 som
611 1638 99 25 angivits
724 1645 28 13 av
765 1638 121 24 utskottet,
900 1640 65 24 tagas

124 1669 7 19 i
147 1668 104 25 anspråk
265 1669 33 19 ett
312 1668 84 25 belopp
411 1673 28 14 av
453 1667 68 26 högst
535 1667 42 21 283
587 1667 41 21 000
643 1667 42 24 kr.,
700 1668 124 25 medgiver,
838 1669 34 20 att
886 1674 28 14 av
928 1669 38 20 det

124 1698 12 20 å
156 1698 127 19 riksstaten
303 1697 36 20 för
357 1697 137 25 budgetåret
514 1697 89 20 1956/57
622 1697 75 20 under
715 1697 85 21 nionde
818 1697 148 20 huvudtiteln

124 1727 111 21 anvisade
253 1727 261 25 reservationsanslaget
537 1727 35 19 till
597 1726 187 26 Prisreglerande
807 1727 107 25 åtgärder
937 1727 30 25 på

125 1757 152 25 jordbrukets
289 1756 95 20 område
395 1757 32 19 ett
438 1756 84 25 belopp
534 1756 12 20 å
558 1756 40 20 500
609 1756 41 20 000
662 1756 34 20 kr.
708 1763 28 13 av
747 1757 27 20 K.
785 1757 45 20 M:t
841 1757 79 20 ställes
931 1757 34 20 till

124 1786 132 21 statistiska
275 1786 175 25 centralbyråns
469 1786 138 24 förfogande
625 1786 36 20 för
680 1787 33 19 att
731 1786 138 25 möjliggöra
886 1792 28 14 en
932 1787 35 20 ut-

124 1816 111 25 vidgning
251 1822 28 13 av
294 1816 44 19 den
354 1815 118 25 objektiva
488 1815 286 26 skördeuppskattningen
789 1816 7 20 i
810 1816 157 25 huvudsaklig

124 1845 233 21 överensstämmelse
375 1846 52 19 med
446 1845 27 20 de
491 1845 119 25 riktlinjer
628 1851 50 14 som
696 1845 107 25 angivits,
821 1846 93 20 anvisar
932 1846 34 21 till

124 1875 186 26 prisreglerande
328 1875 108 25 åtgärder
454 1875 29 25 på
501 1875 150 25 jordbrukets
670 1875 95 21 område
783 1875 12 20 å
815 1875 40 21 168
865 1876 41 21 000
925 1876 42 23 kr.,

125 1905 153 25 bemyndigar
293 1905 26 20 K.
334 1905 45 20 M:t
393 1905 34 20 att
440 1905 94 25 vidtaga
548 1905 44 20 den
606 1905 149 26 omläggning
769 1912 28 14 av
810 1905 157 26 importskyd-

126 1935 38 20 det
177 1935 37 20 för
227 1935 127 20 konstister
367 1940 30 15 m.
410 1940 37 18 m.,
461 1940 50 15 som
523 1934 107 26 angivits,
643 1935 91 20 lämnar
746 1936 58 19 utan
816 1935 94 21 erinran
922 1936 44 20 vad

125 1965 7 20 i
145 1964 132 21 utlåtandet
289 1964 91 20 anförts
392 1964 149 21 beträffande
553 1964 179 26 användningen
744 1971 28 14 av
784 1965 28 21 de
822 1965 82 24 medel,
917 1971 49 15 som

125 1994 75 20 under
217 1994 177 25 regleringsåret
411 1994 91 20 1957/58
518 1994 95 25 inflyter
629 1999 83 20 genom
727 1995 148 25 upptagande
891 2002 28 14 av
933 1995 34 20 in-

125 2024 180 25 förselavgifter,
317 2024 109 20 ävensom
438 2030 28 14 av
477 2024 73 20 andra
562 2024 6 20 i
580 2024 113 20 samband
704 2025 52 19 med
767 2024 200 26 jordbruksregle-

124 2054 83 25 ringen
227 2053 104 21 influtna
349 2053 56 20 eller
424 2053 75 21 under
519 2054 70 25 sagda
609 2053 153 26 regleringsår
780 2054 131 25 inflytande
930 2061 37 14 av-

125 2083 140 26 giftsmedel,
283 2083 92 20 lämnar
392 2083 57 20 utan
467 2083 94 20 erinran
578 2083 44 20 vad
639 2084 7 20 i
663 2083 132 22 utlåtandet
812 2084 131 26 föreslagits
960 2085 8 20 i

985 175 24 20 År

1033 179 52 21 Prop.

1119 155 88 17 Motioner

1272 155 71 17 Utskott

1392 167 56 17 Skriv.

1508 155 91 17 Protokoll

1115 209 30 17 FK

1179 209 32 17 AK

1233 208 86 18 SmllAvd|
1343 209 25 17 Nr

1409 196 22 12 nr

1488 210 30 16 FK
1586 210 32 16 AK

987 926 30 22 57)

987 986 30 22 57

987 1105 30 22 57]

987 1224 30 21 57

988 1343 29 21 57

1034 928 49 20 CS

1043 962 33 16 133

1034 988 51 20 1:30

1050 1022 21 15 15

1035 1107 50 21 1:30

1050 1141 21 15 18

1035 1226 50 20 1:30

1050 1260 21 15 17

1035 1345 48 20 1:14

1044 1379 33 15 108

1039 1404 40 20 147

1110 1345 42 20 155

1110 1375 43 20 156

1110 1404 42 21 342

1109 1434 44 21 494

1176 1345 41 20 183

1176 1375 41 20 192

1174 1405 42 20 417

1174 1435 44 20 628

1174 1464 44 21 636

1244 929 26 21 10
1293 941 26 3 —
1365 929 9 20 1

1345 963 33 16 134

1357 1023 20 15 15

1244 1104 46 36 10)
1292 1120 25 3 —
1330 1104 23 36 0
1363 1108 13 20 5

1244 1227 132 20 10]
1292 1223 23 35 —
1325 1223 18 35 7
1349 1223 31 35 5

1244 1341 48 36 10)
1293 1357 22 3 —
1348 1346 26 20 31

1400 989 39 20 171

1399 1108 40 20 171

1399 1227 40 20 17A

1399 1346 43 20 338

1458 929 34 21 1k:

1488 994 41 15 ::75
1558 990 72 20 |11:103

1488 1115 4 14 :
1508 1113 21 15 75
1558 1109 72 20 ]11:103

1487 1233 5 15 :
1508 1232 21 15 75
1559 1228 71 20 |11:103

1488 1352 4 14 :
1508 1346 85 21 60d|21:
1609 1346 41 20 98d

1508 934 21 15 33
1558 930 35 20 |11:
1609 935 22 15 80
