1819 2353
1345 0 169 79 sees
1612 0 168 79 ere

152 157 37 20 108
842 160 223 16 SAKREGISTER

1293 233 106 31 Utskotts-
1471 237 55 17 Riks-

1076 259 67 31 Kungl.
1197 286 3 3 ;
1291 262 117 31 utlåtanden,
1463 263 70 31 dagens
1627 256 82 34 RTR

1091 293 52 18 Maj:ts]
1156 286 91 16 Motioner
1274 297 95 17 nemorlal
1382 297 43 17 eller
1474 297 37 17 sä
1581 286 141 21 förhandlingar

1035 317 27 20 År
1090 326 50 15 [propir
1285 322 131 32 betänkanden
1455 323 71 31 velser
1607 315 88 22 (prornn)

1098 353 36 14 eller
1152 364 49 2 J——
1608 364 37 2 SRA

1081 376 63 31 skriv:r|
1265 381 16 5 tl
1566 382 66 17 Första
1639 378 24 31 |
1669 383 65 16 Andra

1157 394 34 16 FK
1208 394 36 16 |AR
1265 389 16 43 ä
1307 401 16 30 Z
1347 393 90 17 Nummer
1435 386 11 41 |
1453 394 91 16 Nummer|
1566 406 69 17 ramm.
1637 386 27 41 |
1666 406 70 17 kamm.

168 450 143 20 ARRENDE.

172 482 8 17 1
196 480 81 26 Avslag
287 480 12 20 å
310 480 82 20 motion
405 485 35 15 om
451 480 79 20 förbud
541 480 7 20 i
559 480 57 20 vissa
627 480 38 20 fall
676 482 46 18 mot
733 480 127 27 försäljning
870 487 28 14 av
910 482 168 20 utarren-]1932]
1101 494 28 2 —
1210 483 40 20 2661
1271 484 12 19 9
1286 479 14 34 |
1313 484 12 19 21
1355 483 23 20 21
1488 495 28 2 —
1554 484 33 20 120:
1599 486 24 17 22
1634 483 54 21 dl24:
1699 486 24 18 31
1735 484 14 20 dj

210 510 62 20 derat
284 509 145 27 jordområde.

171 572 10 16 2
196 569 80 27 Avslag
291 569 12 20 å
318 569 83 20 motion
417 574 48 22 ang.
481 569 155 21 maximitaxor
650 570 34 20 för
699 570 184 27 arrendeavgifter
897 571 37 19 vid
949 571 56 20 vissa
1024 572 53 20 |1932]
1101 584 27 2 —
1134 565 23 36 |
1162 584 28 2 —
1190 565 15 36 |
1212 572 38 21 1431
1271 573 12 20 91
1313 573 12 21 2
1325 565 19 36 |
1355 572 26 21 22
1505 585 11 2 —
1554 573 33 21 120:
1599 575 25 18 28
1635 574 54 20 dl24:
1701 576 24 18 40
1735 574 14 20 dj

209 599 158 20 arrendeavtal.

196 659 81 26 Avslag
290 659 12 20 å
317 659 82 20 motion
415 665 34 14 om
463 659 80 20 förbud
557 659 33 20 för
604 661 63 25 ägare
681 666 28 14 av
724 660 155 20 utarrenderad
890 660 44 20 fast
945 666 62 21 egen-
1025 662 52 20 1933]
1101 674 27 2 —
1157 663 38 20 1123)
1216 675 28 2 —
1256 636 40 57 9)
1313 663 68 20 2147
1489 675 28 2 —
1555 664 33 20 123:
1600 666 10 17 3
1621 664 14 19 d
1656 664 33 20 125:
1700 666 25 17 39

210 689 51 20 dom
274 691 35 18 att
323 695 28 14 av
365 689 128 20 arrendator
506 689 67 20 kräva
588 690 121 26 ersättning
722 690 34 20 för
769 690 132 26 egendomen
916 690 90 26 påförda
1294 692 2 27 I

209 719 90 20 skatter.

172 811 8 17 1
196 808 41 21 Till
248 809 139 20 bestridande
399 815 28 14 av
439 809 145 20 kostnaderna
596 809 34 20 för
641 809 219 27 arrenderådgivning
872 810 24 20 åt
906 810 101 20 arrenda-|
1024 812 54 20 19341
1096 813 17 19 1:
1125 815 10 17 9
1156 813 40 20 |280|
1210 813 74 20 35710
1286 804 23 36 |
1307 825 27 2 —

209 840 59 18 torer
283 839 69 19 under
367 839 63 26 bolag
445 839 50 20 eller
510 839 49 19 med
575 839 49 20 dem
639 839 110 20 likställda
764 839 120 27 jordägare,
899 840 34 20 för
947 840 58 20 vilka
1085 843 56 20 pt107

210 868 106 20 särskilda
330 868 78 21 sociala
422 868 198 27 lagbestämmelser
633 869 63 26 gälla,
710 869 87 20 anvisas
811 871 33 18 ett
857 871 61 19 extra
932 870 75 26 anslag

210 904 29 14 av
254 898 25 20 10
288 898 41 20 000
343 899 32 19 kr.
391 898 33 26 (f).

1372 813 7 19 1
1396 815 45 18 s.23
1507 814 12 19 9
1555 814 69 20 [22:10
1656 814 33 20 123:
1701 816 24 17 76
1736 814 13 19 d

171 960 10 17 [a

196 958 43 20 RD
252 958 84 20 bifaller
348 964 61 20 prop.
422 958 50 20 med
484 958 80 26 förslag
576 958 33 20 till
621 959 34 25 lag
667 964 49 21 ang.
730 959 83 20 ändrad
825 959 81 26 lydelse
918 965 28 14 av
958 959 27 20 24
997 960 81 25 $11934|
1102 963 27 20 22
1137 954 27 35 |
1163 974 28 3 —|
1217 963 117 20 —H1/—
1480 963 40 21 226
1556 964 69 20 128:39
1657 963 69 20 130:59

210 987 62 27 lagen
287 988 41 20 den
344 988 26 20 25
384 987 48 27 juni
448 988 53 20 1909
516 988 35 26 (nr
565 988 26 20 57
606 995 16 13 s.
638 988 22 26 2)
675 995 35 14 om
725 989 90 19 arrende
830 995 28 14 av
872 989 44 20 viss
930 989 49 26 jord
994 990 11 19 å
1295 997 1 3 I
1652 987 1 13 I

210 1018 74 20 landet
297 1018 7 19 i
318 1018 107 20 Norrland
439 1018 39 20 och
491 1018 57 20 vissa
562 1018 59 20 delar
634 1024 28 14 av
676 1018 113 21 Svealand.

1370 963 12 20 bo

171 1079 10 17 3
197 1077 40 19 FK
249 1077 72 20 avslår
333 1077 83 20 motion
429 1082 49 21 ang.
492 1077 162 20 omvårdnaden
668 1084 35 13 om
716 1077 57 21 vissa
786 1079 83 19 statens
881 1078 197 25 jordbruks-11934|
1101 1094 28 2 —
1156 1082 41 20 1282|
1217 1094 28 2 —|
1268 1082 25 20 12)
1314 1082 12 20 21
1370 1082 12 20 5
1490 1083 158 20 ica
1698 1094 28 2 LS

210 1106 112 20 arrenden.

171 1168 11 17 4
196 1166 43 20 RD
251 1166 96 20 anhåller
359 1172 34 14 om
405 1166 122 26 utredning,
540 1167 107 20 huruvida
659 1167 40 19 och
710 1167 6 20 i
728 1167 72 20 vilken
812 1167 132 26 omfattning
955 1167 6 20 i
973 1167 34 26 lag
1025 1171 53 21 |1934]
1101 1183 28 2 —
1133 1162 23 35 |
1170 1171 26 21 65|
1212 1172 39 20 128]
1272 1172 13 20 9
1287 1162 14 35 |
1314 1172 12 20 2/1
1356 1172 24 20 41
1480 1172 38 20 311
1556 1171 134 22 138:124d/41:
1702 1174 24 17 23

210 1196 70 19 måtte
295 1196 88 26 stadgas
398 1197 45 19 rätt
457 1196 34 20 för
505 1196 127 20 arrendator
646 1198 35 18 att
695 1202 28 14 av
737 1196 128 27 jordägaren
880 1197 80 20 erhålla
975 1203 32 13 er-
1158 1201 39 20 140

210 1225 98 27 sättning
327 1226 34 19 för
381 1226 69 19 under
469 1226 151 20 arrendetiden
640 1226 74 20 utförd
735 1226 170 27 ändamålsenlig
924 1226 82 26 gödsel-
1156 1231 40 20 278
1295 1245 1 6 I
1652 1247 2 5 I

210 1255 188 26 stadanläggning;
416 1256 39 20 och
471 1256 97 20 anhåller
583 1256 50 23 RD,
650 1257 35 19 att
701 1256 63 20 KM:t
780 1256 69 20 måtte
865 1256 91 20 slutföra
972 1258 35 18 ut-
1156 1261 38 20 281
1295 1256 2 17 |
1652 1272 1 16 I

211 1285 116 26 redningen
338 1291 35 14 om
384 1285 37 20 det
430 1285 80 26 förslag
520 1286 33 19 till
563 1286 116 26 ändringar
689 1286 6 19 i
705 1286 57 20 vissa
774 1286 58 20 delar
842 1292 28 14 av
880 1286 127 26 nyttjande-
1295 1288 43 30 JEM

210 1315 119 26 rättslagen
340 1315 39 20 och
390 1315 142 20 norrländska
542 1315 159 27 arrendelagen,
712 1321 46 15 som
768 1315 112 27 framlagts
890 1322 28 14 av
928 1316 77 20 sociala
1295 1324 2 23 I
1652 1310 1 33 |

210 1344 192 27 jordutredningen
418 1345 6 20 i
440 1345 48 20 dess
504 1345 138 20 betänkande
659 1345 40 20 den
715 1345 13 20 5
744 1345 44 20 dec.
807 1345 58 20 1931.
1295 1351 2 12 I

171 1409 10 17 5
197 1407 42 20 RD
252 1407 101 23 besluter,
366 1409 35 18 att
412 1413 26 14 en
450 1407 60 24 fond,
523 1408 109 20 benämnd
644 1408 295 26 arrendeegnahemsfonden,
952 1408 54 20 skall
1013 1403 10 35 |
1024 1410 54 20 1934]
1094 1410 40 21 268
1133 1403 23 35 |
1156 1410 40 21 268|
1224 1410 61 21 26110
1287 1403 18 35 |
1307 1423 27 2 —]|
1355 1411 27 20 93
1479 1411 41 20 349
1555 1411 80 20 M1:1d
1656 1410 70 20 44:12
1733 1406 5 35 d

211 1437 99 23 inrättas,
321 1437 6 20 i
337 1437 73 20 vilken
419 1437 53 20 fond
482 1437 60 20 skola
552 1437 49 26 ingå
611 1437 134 27 fastigheter,
755 1438 96 20 avsedda
861 1439 35 19 att
905 1438 101 26 upplåtas
1158 1440 90 20 113461

212 1466 31 20 till
257 1467 140 20 obemedlade
409 1467 51 20 eller
472 1467 84 20 mindre
569 1467 126 20 bemedlade
708 1467 6 20 i
727 1467 58 26 syfte
797 1469 35 19 att
844 1468 68 26 skapa
926 1467 80 27 stadig-
1156 1469 40 21 366,
1210 1470 40 20 466]

210 1496 96 20 varande
322 1496 173 21 arbetstillfällen
511 1497 34 20 för
561 1497 194 26 självförsörjning;
773 1497 39 20 och
828 1497 111 27 medgiver
955 1497 50 24 RD,
1149 1500 48 20 1369-/
1210 1500 40 20 646

210 1527 36 19 att
258 1526 6 20 i
277 1526 288 26 arrendeegnahemsfonden
578 1527 106 26 ingående
696 1527 128 26 fastigheter
836 1527 36 20 må
885 1527 102 26 upplåtas
1000 1527 5 20 i
1156 1529 38 21 3711
1210 1529 40 21 647]

210 1556 146 26 huvudsaklig
366 1556 214 20 överensstämmelse
590 1557 50 19 med
650 1557 26 19 de
687 1557 168 23 bestämmelser,
866 1557 59 19 vilka
935 1557 71 20 finnas

211 1585 89 26 intagna
315 1586 6 19 i
337 1586 37 20 det
389 1586 37 20 vid
441 1586 240 26 statsrådsprotokollet
695 1587 78 25 fogade
787 1586 104 27 förslaget
904 1586 33 21 till
952 1587 54 20 kun-

211 1615 80 26 görelse
311 1621 35 14 om
364 1616 202 26 arrendeegnahem,
585 1618 103 18 ävensom
707 1618 34 18 att
759 1616 91 20 fondens
867 1616 116 27 tillgångar
1000 1617 6 19 i

212 1645 71 26 övrigt
296 1645 35 20 må
344 1645 113 20 användas
470 1645 67 27 enligt
550 1652 28 14 av
591 1646 239 26 departementschefen
842 1646 8 20 i
862 1652 83 14 samma
959 1652 48 20 pro-

211 1675 69 20 tokoll
294 1675 93 26 angivna
402 1675 100 26 grunder;
518 1675 39 21 och
572 1676 111 26 medgiver
697 1676 49 24 RD,
761 1677 35 19 att
809 1676 49 20 från
872 1677 83 19 statens
970 1676 37 20 do-

211 1706 86 19 mäners
308 1705 52 20 fond
372 1705 35 20 må
418 1705 33 20 till
462 1705 288 27 arrendeegnahemsfonden
762 1706 110 20 överföras
882 1705 126 27 jordbruks-

211 1735 137 25 egendomar,
362 1734 101 27 lämpliga
477 1736 34 19 att
523 1736 113 19 användas
648 1735 34 21 för
695 1736 37 20 det
744 1736 50 20 med
807 1736 135 20 sistnämnda
955 1736 53 20 fond

211 1764 96 20 avsedda
326 1764 131 24 ändamålet;
477 1765 40 20 och
535 1765 88 20 anvisar
641 1765 42 20 RD
702 1765 72 21 såsom
791 1765 166 27 kapitalökning
974 1765 34 21 för

211 1794 288 26 arrendeegnahemsfonden
524 1795 69 20 under
616 1795 91 26 utgifter
730 1795 34 20 för
786 1795 166 27 kapitalökning
976 1797 33 18 ett

211 1824 75 26 anslag
304 1830 29 14 av
349 1824 56 20 1200
413 1824 42 20 000
473 1825 33 20 kr.
523 1824 34 27 (r);
574 1825 40 20 och
629 1825 95 20 besluter
740 1825 49 23 RD,
805 1826 36 19 att
855 1831 26 14 en
896 1825 61 24 fond,
973 1826 36 20 be-

212 1854 82 19 nämnd
307 1854 228 23 arrendelånefonden,
549 1855 55 19 skall
616 1854 100 24 inrättas,
730 1855 47 20 från
791 1855 72 20 vilken
877 1855 35 20 lån
926 1855 35 20 må
975 1856 34 19 ut-

212 1883 83 20 lämnas
312 1883 33 20 till
362 1884 131 20 innehavare
510 1890 29 14 av
556 1885 197 26 arrendeegnahem
770 1884 34 21 för
820 1884 144 21 anskaffande
981 1890 28 15 av
1653 1885 1 15 I

212 1913 78 26 nödiga
307 1913 251 26 jordbruksinventarier
568 1920 29 14 m.
606 1920 37 18 m.;
658 1914 40 20 och
709 1914 111 27 medgiver
830 1914 50 24 RD,
892 1916 34 19 att
937 1915 35 20 lån
984 1921 26 14 ur

212 1943 222 20 arrendelånefonden
449 1944 36 19 må
500 1944 110 20 utlämnas
621 1944 6 20 i
639 1944 146 27 huvudsaklig
796 1945 213 20 överensstämmelse

212 1973 49 19 med
276 1973 26 20 de
316 1973 169 24 bestämmelser,
500 1979 47 14 som
560 1974 72 20 finnas
645 1974 90 26 intagna
748 1974 7 20 i
769 1974 148 26 nyssnämnda
930 1974 80 27 förslag

213 2002 32 20 till
261 2003 134 26 kungörelse;
412 2003 39 20 och
467 2003 88 20 anvisar
570 2004 42 19 RD
628 2004 71 20 såsom
714 2003 85 27 kapital
813 2004 34 20 för
861 2004 150 20 arrendelåne-

212 2032 81 20 fonden
310 2032 69 20 under
395 2033 92 26 utgifter
502 2033 34 20 för
552 2033 167 27 kapitalökning
735 2035 33 19 ett
785 2033 74 27 anslag
876 2040 28 14 av
921 2033 39 21 300
961 2028 50 37 000

212 2062 32 20 kr.
260 2061 35 27 (r);
311 2062 39 20 och
364 2062 107 21 förklarar
486 2062 50 25 RD,
551 2064 35 19 att
600 2063 42 22 RD
657 2063 47 21 icke
718 2063 71 21 finner
802 2063 117 27 anledning
932 2064 33 20 till
979 2070 32 14 er-
