1822 2355
174 68 40 21 124

192 248 136 27 Barntillägg.

193 286 17 21 9,
225 284 58 20 1946:
296 287 17 21 2,
328 287 17 20 8,
360 285 27 24 9),
401 284 65 20 Extra
479 284 81 27 utgifter
571 284 70 25 (1949:
654 285 26 25 6),
695 285 172 26 Fastighetsfond,
881 286 81 20 Statens
974 286 108 21 allmänna

191 314 69 26 (1946:
275 316 29 21 13,
320 314 60 21 1948:
395 317 28 20 12,
439 314 59 21 1950:
512 314 38 25 14),
565 315 134 20 Kommittéer
711 315 70 25 (1941:
795 317 29 21 12,
835 315 58 20 1950:
907 315 40 26 19),
956 310 127 36 Löneplans-

190 344 121 26 förordning
325 344 80 27 (1947),
419 344 127 26 Lönetillägg
560 344 63 26 (1944
633 344 27 23 H,
677 344 68 26 1945),
759 345 166 20 Pensionsväsen
940 345 65 26 (spec.
1023 346 58 20 1949:

195 374 38 26 14),
243 374 236 26 Planeringskostnader
489 374 70 25 (1949:
572 374 26 25 7),
611 374 130 26 Riksdagens
751 374 47 20 verk
808 375 70 25 (1942:
891 377 17 21 4,
921 375 59 24 1944,
993 376 59 20 1945:
1065 378 16 22 2,

193 403 26 26 4),
233 404 128 26 Sjukkassor
373 404 79 26 (1949).

192 453 285 28 BARNTRÄDGÅRDAR;
493 464 21 13 se
531 457 121 26 Fattigvård
667 458 64 25 (1943
740 458 28 20 H:
781 460 16 21 2,
816 458 59 20 1945:
888 458 39 26 10).

192 505 155 25 BARTHOLF,
363 505 35 25 E.;
414 511 21 14 se
451 505 168 26 Avskrivningar
634 505 63 26 (1943
707 506 27 19 H:
747 505 26 26 3).

192 548 318 29 BASTUANLÄGGNINGAR;
525 559 22 13 se
561 553 79 20 Armén
655 553 70 26 (1944:
737 553 26 26 5).
776 542 5 7 .

190 596 370 29 BATALJONSVETERINÄRER;
575 607 22 14 se
614 600 112 27 Värnplikt
740 601 70 26 (1944:
824 601 38 26 18).

191 649 103 24 BAUER,
308 648 48 21 Lisa
369 648 76 25 Maria,
458 648 15 20 f.
484 648 20 20 d.
514 655 18 13 e.
542 655 19 13 o.
576 648 169 24 folkskollärare;
759 655 22 14 se
793 649 115 20 Pensioner
921 649 79 26 (1950).

191 691 189 24 BEBYGGELSE;
393 697 22 13 se
428 690 245 27 Byggnadsverksamhet.

191 732 186 25 BEBYGGELSE,
392 728 151 28 OLÄMPLIG;
559 739 22 13 se
594 732 143 27 Prissättning
751 732 79 27 (1947).

191 774 197 20 BEBYGGELSEN
400 774 9 20 I
422 769 163 25 BOHUSLÄNS
598 769 185 30 FISKELÄGEN;
795 781 22 13 se
830 774 119 21 Bohusläns
961 775 119 26 fiskelägen.

191 813 294 27 BEFOLKNINGSFRÅGA,
501 816 155 24 GOTLANDS;
672 822 22 14 se
711 816 179 26 Interpellationer
904 816 70 25 (1948:
987 816 39 26 60).

190 854 312 24 BEFOLKNINGSFRÅGOR.

219 893 17 20 1.
253 893 43 20 RD
311 893 72 20 avslår
397 893 108 20 motioner
519 898 48 21 ang.
583 893 74 26 anslag
673 893 31 20 till
719 893 92 20 svenska
826 893 255 27 befolkningsförbundet

190 922 161 27 familjevärnet
364 923 33 20 för
411 922 283 27 upplysningsverksamhet
707 922 6 20 i
727 923 219 26 befolkningsfrågan.

217 953 19 20 2.
254 953 42 19 RD
316 952 96 21 anhåller
431 959 35 13 om
485 954 92 24 översyn
597 953 40 19 och
656 953 159 20 samordnande
833 959 29 14 av
880 953 133 20 verkställda
1032 953 50 20 eller

190 982 112 26 pågående
317 982 146 26 utredningar,
479 988 47 14 som
541 982 75 20 beröra
631 982 161 27 landsbygdens
806 982 134 26 avfolkning,
955 982 7 20 i
977 983 57 26 syfte
1048 984 35 19 att

190 1012 124 26 därigenom
331 1013 86 19 snarast
432 1012 86 26 möjligt
534 1012 80 20 erhålla
631 1018 25 14 en
673 1012 57 26 plan,
748 1012 116 20 utvisande
880 1012 6 20 i
902 1012 73 20 vilken
991 1013 92 26 ordning

191 1042 138 26 erforderliga
346 1042 102 26 åtgärder
463 1043 48 19 mot
527 1042 71 20 denna
615 1042 215 25 befolkningsrörelse
847 1042 51 19 böra
916 1042 101 26 vidtagas
1033 1043 49 19 med

190 1071 84 26 hänsyn
288 1071 32 20 till
333 1071 249 26 angelägenhetsgraden
595 1077 28 14 av
636 1071 57 20 olika
706 1071 82 20 sådana
801 1071 107 26 åtgärder.

218 1101 54 26 Ang.
289 1101 164 26 framläggande
468 1106 28 14 av
512 1107 60 19 prop.
589 1107 35 13 om
640 1100 75 26 anslag
730 1100 33 20 till
779 1101 283 26 upplysningsverksamhet
1077 1101 6 20 i

190 1130 220 26 befolkningsfrågan;
423 1136 22 14 se
458 1130 70 20 Enkla
540 1130 69 26 frågor
621 1130 70 26 (1947:
704 1131 26 24 3).

218 1160 26 20 Se
251 1160 41 20 ock
290 1155 191 36 Interpellationer
485 1160 70 26 (1941:
563 1162 31 21 34,
601 1160 59 20 1948:
668 1160 40 25 60),
716 1159 162 27 Landsbygdens
885 1160 196 27 befolkningsfråga.

191 1202 362 26 BEFOLKNINGSFÖRBUNDET
576 1203 239 29 FAMILJEVÄRNET,
839 1208 135 24 SVENSKA;
997 1214 22 14 se
1043 1208 40 20 Be-

189 1237 180 27 folkningsfrågor.

189 1279 378 26 BEFOLKNINGSFÖRDELNING.

217 1320 42 20 AK
272 1320 72 20 avslår
357 1320 84 20 motion
454 1326 35 14 om
503 1320 116 26 utredning
631 1320 60 20 såväl
704 1326 28 14 av
745 1320 27 20 de
784 1320 156 24 förhållanden,
954 1320 59 20 vilka
1026 1327 56 14 sam-

189 1350 125 25 manhänga
325 1350 50 19 med
386 1349 285 27 befolkningsfördelningen
683 1350 44 19 dels
739 1350 78 20 mellan
827 1350 123 26 landsbygd
961 1350 40 20 och
1012 1350 70 20 stads-

189 1379 59 27 bygd
262 1379 40 20 och
317 1379 45 20 dels
374 1379 80 20 mellan
468 1380 73 19 städer
554 1380 40 19 och
608 1379 118 21 samhällen
740 1386 28 13 av
782 1379 56 21 olika
852 1380 87 23 storlek,
954 1386 46 14 som
1014 1386 28 14 av
1056 1380 26 20 de

190 1409 140 26 svårigheter,
341 1409 59 20 vilka
409 1409 123 20 föranledas
542 1415 28 14 av
580 1409 40 20 den
630 1409 104 20 fortsatta
744 1409 115 20 tillväxten
869 1415 28 15 av
907 1409 85 21 landets
1001 1411 80 19 största

188 1438 80 21 städer.

190 1486 202 20 BEFOLKNINGS-
408 1486 53 20 OCH
477 1481 355 25 NÄRINGSFÖRHÅLLANDEN.

217 1522 44 20 RD
278 1522 97 20 anhåller
392 1528 35 14 om
445 1522 116 26 utredning
578 1528 28 14 av
623 1522 57 20 vissa
697 1522 98 26 problem
812 1527 49 21 ang.
879 1522 146 26 befolknings-
1042 1523 39 20 och

189 1551 238 27 näringsförhållanden
438 1552 8 20 i
459 1551 92 27 Sverige.

218 1593 43 20 RD
272 1593 103 23 anhåller,
386 1594 35 19 att
431 1593 107 20 motioner
549 1600 35 13 om
595 1593 116 26 utredning
721 1595 41 19 rör.
774 1593 57 21 vissa
842 1593 239 27 befolkningspolitiska

189 1652 243 27 arbetskraftsproblem
442 1659 28 13 m.
480 1659 29 14 m.
519 1653 69 20 måtte
597 1653 136 20 överlämnas
742 1653 32 20 till
784 1653 142 26 utredningen
935 1655 41 18 rör.
985 1654 96 26 närings-

189 1682 64 20 livets
268 1682 138 27 lokalisering
419 1683 34 19 för
467 1684 35 18 att
516 1689 28 14 av
559 1683 143 26 utredningen
717 1684 62 25 tagas
794 1683 6 19 i
815 1683 152 26 övervägande
981 1683 37 20 vid
1033 1683 48 20 full-

188 1712 96 26 görande
296 1718 29 14 av
338 1712 47 20 dess
399 1712 104 27 uppdrag.

219 1742 26 20 Se
260 1742 41 20 ock
317 1742 69 20 under
400 1748 56 20 resp.
471 1742 36 20 län
524 1742 40 20 och
579 1742 130 20 landsdelar.

189 1784 403 20 BEFOLKNINGSUTREDNINGAR.

217 1819 124 20 Kamrarna
354 1819 60 20 avslå
426 1819 108 21 motioner
546 1826 36 14 om
595 1819 116 27 utredning
724 1821 40 19 rör.
778 1820 158 26 verkningarna
950 1826 28 14 av
991 1820 40 20 den
1045 1820 37 26 på-

188 1849 84 26 gående
284 1849 214 26 folkförflyttningen
510 1849 48 20 från
571 1849 150 27 landsbygden
734 1849 32 21 till
779 1850 73 20 städer
864 1850 40 20 och
917 1851 99 19 tätorter.

188 1891 180 20 BEFORDRAN.

217 1926 40 20 FK
270 1926 72 20 avslår
355 1926 83 20 motion
451 1933 36 13 om
499 1927 197 20 åstadkommande
709 1933 27 14 av
749 1927 57 20 ökad
819 1927 114 26 möjlighet
945 1927 33 20 för
992 1927 90 26 tjänste-

189 1962 51 14 man
253 1957 36 19 att
301 1956 67 20 vinna
381 1956 116 20 befordran
510 1956 59 20 inom
583 1958 69 18 annat
664 1957 53 19 verk
730 1958 27 19 än
771 1957 37 20 det
821 1957 43 19 han
878 1957 79 20 tillhör.

217 1985 26 21 Se
257 1986 40 19 ock
314 1985 148 26 Tjänsteålder.

189 2027 222 20 BEFORDRINGAR
426 2028 70 19 INOM
511 2028 215 24 KRIGSMAKTEN;
742 2034 22 14 se
779 2028 163 20 Försvarsväsen
958 2028 70 24 (1946:
1041 2029 39 24 29).

190 2066 273 23 BEFORDRINGSGÅNG
474 2069 34 20 för
519 2069 105 20 biträdes-
634 2069 40 20 och
686 2069 226 27 amanuenspersonal;
924 2075 22 14 se
956 2069 126 27 Avlönings-

216 2098 37 21 och
265 2098 232 27 omkostnadsanslagen
511 2099 79 26 (1947).

190 1623 40 20 och
252 1623 191 26 näringspolitiska
465 1623 96 26 problem
583 1625 59 18 samt
663 1629 35 14 om
721 1623 115 26 utredning
857 1624 41 19 rör.
921 1623 180 27 landsbygdens]

1102 182 25 20 sö
1150 186 53 20 frn
1220 162 346 52 [ERE

1231 216 33 16 FK
1270 212 19 30 |
1294 216 35 16 AK
1350 216 85 16 |SmllAvd!
1459 217 27 15 Nr
1605 217 33 15 FK
1704 217 35 15 AK

1102 894 27 20 44|
1171 906 27 2 —
1203 890 22 35 I
1232 894 38 20 180
1273 890 14 35 |
1294 895 40 19 2831]
1370 895 60 19 61—1]
1458 895 37 19 123]
1533 907 27 1 —]|
1587 890 30 35 17:
1630 890 37 35 18dl
1688 894 23 20 17:
1730 894 39 20 22d

1112 960 8 13 »
1171 965 27 3 —
1209 950 7 34 1]
1232 954 37 20 106
1271 950 18 34 |
1296 954 87 20 173112)
1420 954 8 19 11
1472 954 88 20 1011-4371
1587 954 31 20 19:
1632 956 36 18 108)
1688 954 31 20 19:
1733 956 37 17 165)

1231 984 39 19 162
1269 980 14 34 |
1294 984 40 20 244
1472 984 24 19 12
1585 984 69 20 25:79
1657 979 23 35 |
1687 984 31 19 16:
1730 983 39 20 -20d

1358 1013 24 20 131
1418 1014 12 19 3
1483 1014 12 19 8

1102 1321 27 20 46]
1171 1333 27 2 —
1203 1317 18 35 I
1243 1333 27 3 —I1
1295 1321 88 20 383113]
1418 1321 12 20 3]
1472 1321 21 20 11]
1532 1332 28 3 —|
1612 1333 27 2 —
1686 1321 33 20 125:
1730 1323 24 17 92

1102 1523 27 20 45l
1171 1534 28 3 —
1201 1518 19 36 I
1244 1523 25 20 781
1296 1522 135 21 1351121..2|
1471 1523 89 20 171536]
1584 1523 33 20 31:
1629 1518 52 36 74d|
1686 1522 33 20 27:
1730 1525 23 16 61

1358 1552 137 20 131209

1101 1594 28 20 47|
1170 1605 28 4 —
1231 1594 38 20 11691
1296 1593 87 21 198112|
1418 1594 13 20 2!
1482 1594 172 20 81457122:50
1657 1589 23 36 |
1686 1594 33 20 25:
1731 1594 38 19 76d

1231 1624 38 20 170
1272 1619 19 35 |
1296 1623 86 21 199113]
1418 1624 12 19 31
1470 1624 25 19 13

1102 1820 27 20 48|
1170 1832 28 2 —
1205 1816 18 35 |
1231 1820 38 21 137
1273 1816 14 35 |
1294 1820 88 20 346112]
1420 1820 7 20 1
1483 1820 13 20 21
1533 1832 28 2 —J]
1599 1820 55 20 9:37

1358 1849 24 20 SNR
1483 1850 13 19 21
1533 1862 28 2 —
1613 1861 27 3 —
1700 1850 19 19 9:
1731 1851 24 17 76

1102 1927 27 20 43]
1172 1939 27 2 —
1232 1927 37 20 11921]
1308 1927 75 20 —I121
1420 1927 8 19 1
1483 1927 12 19 91
1534 1927 120 20 —118:86
