1843 2355
809 151 135 35 SAKREGISTER
1633 156 42 22 399

1232 249 95 18 Utskotts-

1075 274 94 32 Motioner
1221 279 111 18 utlåtanden

1197 309 47 18 eller
1257 309 98 18 memorial

1389 261 72 23 dagens
1518 262 118 18 Kamrarnas

1393 288 56 31 skri-
1502 292 146 23 förhandlingar

960 254 22 146 1883epsxIA

1017 302 18 104 J9S[9ALIYS
1017 242 18 48 Ia][9

1036 372 17 54 ”doad
1037 300 21 65 s:len
1037 224 21 71 Tun

1491 376 68 18 Första
1565 372 20 32 |
1592 377 66 18 Andra

1078 387 87 17 FEAR
1487 401 71 18 kamm,
1556 397 28 31 |
1589 401 70 18 kamm.

1189 369 18 58 "Tues

1231 375 18 49 "PAV

1291 383 6 28 az

1285 406 11 9 H

1344 376 18 45 BpIS

1398 387 17 28 IN

72 392 1 31 |

72 434 1 30 |
92 436 177 29 Dyrtidstillägg.

81 473 23 15 10
122 468 41 20 För
185 468 135 21 bestridande
338 475 26 15 av
383 468 156 28 dyrtidstillägg
558 470 22 20 åt
598 469 26 21 de
643 470 33 20 för
694 470 83 26 religiös
801 470 39 20 och
864 470 64 21 social
944 472 55 21 1930

137 498 136 21 verksamhet
291 498 66 21 bland
376 499 101 20 svenskar
495 499 7 20 i
522 500 55 20 vissa
601 499 116 21 utländska
739 500 137 21 hamnstäder
894 506 34 14 an-

136 528 78 21 ställda
233 530 81 25 präster
333 529 83 20 anvisas
432 529 33 21 för
481 529 124 27 budgetåret
627 528 122 26 1930/1931
768 531 31 20 ett
814 533 60 18 extra
889 530 39 21 för-

136 558 131 26 slagsanslag
282 565 26 14 av
326 558 25 21 15
361 558 42 21 000
421 559 30 20 kr.
1176 570 1 7 |

1016 472 8 20 -—

1045 472 12 20 oo

1191 477 24 10 er”

1238 472 10 21 -

1272 473 41 21 182
1386 472 42 21 348
1492 474 34 20 43:
1538 478 23 16 17
1564 469 23 35 |
1593 474 33 20 44:
1638 479 24 16 33

1008 513 12 16 3

1031 480 13 44 ne

1046 506 10 18 Se

80 628 21 15 11
122 623 37 20 RD
178 623 124 26 godkänner
321 624 26 20 de
363 625 6 19 i
386 624 231 27 statsrådsprotokollet
635 627 49 19 över
702 625 228 21 ecklesiastikärenden]|
968 635 8 11 »
1017 626 41 21 1192
1196 628 12 20 6]
1238 628 75 20 I|183
1386 628 41 21 349

137 653 41 20 den
195 653 27 21 28
239 654 51 20 febr.
309 653 56 22 1930
382 654 111 21 förordade
509 655 111 20 allmänna
634 655 121 26 grunderna
766 656 32 20 för
809 655 121 27 beviljande

138 690 26 14 av
180 683 157 27 dyrtidstillägg
352 684 69 21 under
436 684 181 22 ecklesiastikåret
634 685 124 24 1930/1931
776 685 33 21 till
825 685 26 21 de
865 687 64 25 präst-

138 715 57 23 män,
212 720 46 14 som
274 714 69 20 finnas
359 714 143 21 omförmälda
517 715 7 20 i
540 714 61 27 lagen
617 715 42 21 den
670 715 27 20 30
709 722 47 20 aug.
770 715 55 21 1918
836 715 33 26 (nr
881 715 49 27 724)

137 749 46 20 ang.
200 743 218 27 krigstidsunderstöd
435 745 22 20 åt
475 746 81 25 präster
574 745 7 20 i
599 745 136 27 nyreglerade
759 747 94 25 pastorat
875 747 56 19 samt
1122 744 2 8 |

136 773 23 20 åt
177 773 56 21 vissa
252 775 60 19 extra
330 774 106 21 ordinarie
458 776 81 25 präster
557 775 39 20 och
616 775 128 21 innehavare
763 782 26 14 av
808 775 122 27 prästerliga

137 803 144 21 emeritilöner
296 806 101 19 ävensom
414 805 7 19 i
437 804 61 27 lagen
515 804 41 21 den
574 804 26 21 19
617 812 46 14 nov.
683 805 55 21 1920
754 805 58 26 (844)
823 805 108 27 angående
1431 809 2 13 I
1675 824 1 12 I

136 832 159 28 dyrtidstillägg
317 835 22 19 åt
362 834 204 27 kontraktsprostar;
591 835 40 20 och
654 835 139 27 bemyndigas
813 835 61 21 KM:t
892 837 38 22 att,
1177 857 1 5 |
1431 827 2 39 |
1675 837 1 11 I

136 862 72 21 därest
223 863 36 20 det
275 864 30 20 tal
320 864 34 20 för
370 864 306 27 levnadskostnadsökningen,
692 865 8 20 i
715 865 134 21 förhållande
860 865 70 21 vartill
1123 869 55 27 lina
1432 867 1 21 |
1675 870 2 10 I

136 893 239 27 statstjänstemännens
391 894 157 27 dyrtidstillägg
558 895 69 26 utgår,
641 895 40 20 blir
692 895 88 20 föremål
791 896 33 20 för
834 895 96 26 ändring,
1070 901 1 13 fena
1575 918 1 15 |
1676 919 1 6 |

136 922 107 26 förordna,
255 925 32 19 att
297 923 36 21 det
349 924 33 20 till
399 924 26 21 de
441 925 6 19 i
464 925 69 26 tjänat
548 925 93 20 varande
657 926 153 25 prästmännen
826 925 105 26 utgående
1123 924 2 20 I
1675 932 2 4 I

136 952 180 28 dyrtidstillägget
332 953 55 21 skall
403 954 95 26 undergå
514 954 68 26 skälig
598 955 119 26 jämkning.

1492 629 34 20 43:
1538 633 24 17 17
1564 625 22 34 |
1593 629 34 19 44:
1638 633 24 16 33

80 1016 24 16 12
122 1012 41 20 För
179 1012 120 21 beredande
314 1020 26 14 av
356 1013 158 27 dyrtidstillägg
530 1015 22 19 åt
567 1014 209 27 befattningshavare
787 1014 36 21 vid
833 1014 98 21 tekniska]
969 1024 8 11 »>
1019 1015 40 22 1|1:8
1197 1016 12 20 6|
1239 1016 76 21 11184
1387 1017 42 21 350
1494 1017 68 20 43:17
1564 1012 23 36 |
1594 1017 69 20 44:83

138 1042 75 20 skolan
229 1043 7 19 i
253 1043 125 21 Stockholm
394 1044 39 20 och
449 1044 117 20 vävskolan
582 1044 7 20 i
604 1044 65 21 Borås
685 1046 56 19 samt
756 1045 22 20 åt
797 1044 80 21 sådana
895 1044 35 21 vid
1010 1056 17 17 p.
1031 1050 36 23 245

138 1072 136 26 bergsskolan
291 1073 7 20 i
315 1073 69 20 Falun
400 1080 30 14 nu
447 1073 106 21 anställda
571 1074 43 20 ord.
632 1074 214 27 befattningshavare,
862 1081 46 14 som
924 1075 7 19 i

138 1102 116 27 anledning
273 1109 26 14 av
317 1103 87 21 skolans
424 1103 145 27 nedläggande
588 1104 88 21 komma
695 1106 31 19 att
745 1104 139 21 tillerkännas
903 1111 28 14 er-

137 1132 101 26 sättning,
255 1133 71 20 vartill
343 1133 73 27 bidrag
432 1140 26 14 av
473 1133 124 21 statsmedel
613 1134 67 26 utgår,
697 1135 84 20 anvisas
795 1134 33 21 för
838 1116 89 53 nämnda
940 1120 1 45 |

138 1161 104 27 budgetår
257 1164 31 19 ett
304 1164 60 19 extra
379 1163 164 27 förslagsanslag
559 1171 26 13 av
602 1163 27 21 32
639 1163 43 21 000
695 1164 41 23 kr.;
748 1164 39 21 och
798 1164 144 25 föreskrives,
936 1157 10 37 |

137 1193 32 19 att
185 1192 95 21 nämnda
299 1192 158 28 dyrtidstillägg
472 1193 55 21 skall
543 1194 51 26 utgå
609 1194 54 20 efter
678 1194 26 20 de
720 1194 97 26 grunder,
834 1201 46 14 som
896 1192 46 28 må
922 1188 19 36 |

137 1221 89 21 komma
241 1224 32 19 att
287 1223 57 26 gälla
358 1223 33 20 för
407 1223 158 27 dyrtidstillägg
580 1224 68 21 under
664 1224 124 26 budgetåret
806 1223 136 29 1930/1931
925 1217 20 39 |

138 1252 22 20 åt
175 1251 210 28 befattningshavare
401 1254 7 19 i
424 1255 80 19 statens
521 1254 46 20 icke
583 1254 136 27 nyreglerade
735 1254 57 24 verk,
809 1254 54 21 dock
883 1254 59 29 med
924 1247 20 40 |
1125 1259 2 28 |

138 1281 136 27 iakttagande
290 1285 32 18 att
337 1283 158 27 dyrtidstillägg
511 1284 55 20 skall
582 1284 110 25 beräknas,
710 1284 131 21 beträffande
857 1284 85 27 befatt-
932 1277 10 38 |
1125 1288 2 4 I

138 1312 140 25 ningshavare
297 1313 37 20 vid
353 1313 99 21 tekniska
471 1313 75 21 skolan
565 1314 7 20 i
591 1314 124 20 Stockholm
734 1314 39 20 och
793 1314 116 21 vävskolan
925 1312 17 22 i|

138 1341 71 25 Borås,
221 1343 19 26 ej
253 1342 55 21 blott
318 1343 13 20 å
341 1342 26 21 de
378 1343 226 26 avlöningsförmåner,
620 1350 46 14 som
683 1346 35 18 äro
732 1344 33 20 för
775 1344 157 21 vederbörande

139 1371 208 27 befattningshavare
363 1373 13 20 å
392 1375 42 18 stat
449 1373 114 27 uppförda,
582 1376 52 18 utan
655 1376 53 18 även
724 1374 13 20 å
753 1374 41 20 den
810 1374 123 27 förhöjning

74 1417 1 10 |
137 1407 27 14 av
183 1401 134 27 avlöningen,
342 1409 46 14 som
408 1403 6 20 i
435 1403 55 21 form
510 1410 26 14 av
554 1404 129 26 provisorisk
707 1404 152 26 lönereglering-
882 1403 51 21 eller

74 1430 1 30 |
137 1430 96 27 tillfällig
253 1432 177 27 löneförbättring
449 1434 35 19 må
503 1433 123 21 tillkomma
648 1433 48 21 dem
719 1440 75 20 genom
814 1433 74 27 bidrag
907 1440 25 14 av

137 1462 48 23 stat,
206 1461 116 27 landsting,
341 1462 106 21 kommun
466 1463 52 20 eller
537 1464 47 19 från
601 1463 84 21 enskild
700 1463 109 24 donation,
826 1465 56 19 samt
899 1464 33 20 be-

137 1491 105 20 träffande
259 1492 217 26 befattningshavare,
493 1499 46 14 som
556 1493 54 21 varit
626 1493 106 21 anställda
747 1493 37 21 vid
796 1493 136 26 bergsskolan

138 1520 6 20 i
161 1520 75 26 Falun,
253 1522 13 19 å
281 1521 26 21 de
324 1529 26 14 av
366 1522 236 27 departementschefen
622 1523 68 21 under
705 1523 70 26 punkt
791 1523 42 20 243
849 1523 7 20 i
872 1525 60 18 stats-

138 1550 177 27 rådsprotokollet
325 1553 50 20 över
385 1552 228 21 ecklesiastikärenden
625 1553 41 20 den
678 1553 13 20 3
699 1554 37 25 jan
749 1552 56 21 1930
817 1553 116 27 tillstyrkta

138 1581 218 27 ersättningsbelopp;
373 1584 101 19 ävensom
490 1582 69 21 under
573 1583 83 25 villkor,
668 1583 41 21 vad
720 1584 65 25 angår
795 1583 137 26 befattnings-
1383 1588 2 11 |

138 1610 77 21 havare
232 1611 36 20 vid
284 1611 99 21 tekniska
399 1612 74 21 skolan
490 1613 7 20 i
514 1613 125 20 Stockholm
655 1613 39 20 och
707 1613 115 21 vävskolan
838 1613 7 20 i
861 1613 71 24 Borås,

138 1641 31 19 att
185 1640 64 21 halva
264 1641 119 21 kostnaden
399 1642 33 20 för
447 1642 158 27 dyrtidstillägg
621 1642 103 22 bestrides
735 1650 26 14 av
776 1642 157 22 vederbörande

139 1670 105 21 kommun
260 1671 51 21 eller
326 1672 117 26 landsting,
458 1675 63 22 samt,
533 1673 41 20 vad
585 1673 65 26 angår
661 1673 214 26 befattningshavare,
887 1679 45 14 som

138 1700 55 21 varit
209 1701 106 20 anställda
330 1702 38 20 vid
383 1702 137 26 bergsskolan
537 1703 7 20 i
560 1703 75 25 Falun,
652 1705 32 18 att
695 1702 27 28 ?/;
734 1710 26 13 av
772 1703 118 21 kostnaden
901 1703 33 20 för
1678 1705 1 25 |

139 1730 157 27 dyrtidstillägg
313 1731 104 22 bestridas
437 1739 26 14 av
478 1732 156 27 järnkontoret;
655 1733 39 20 och
715 1733 139 27 bemyndigas
873 1733 61 20 KM:t
1678 1734 1 58 |

139 1762 32 18 att
186 1760 99 21 meddela
301 1761 26 21 de
343 1763 97 19 närmare
456 1762 138 25 föreskrifter,
612 1769 45 14 som
674 1763 36 20 må
726 1763 96 21 befinnas
833 1762 100 21 erforder-

138 1789 43 27 liga
197 1790 32 20 för
248 1791 138 27 tillämpning
405 1799 26 13 av
450 1792 26 20 de
497 1794 51 19 utav
567 1793 37 20 RD
623 1792 121 21 fastställda
762 1792 121 27 grunderna
901 1793 34 20 för

139 1819 195 28 dyrtidstilläggens
351 1822 112 25 utgående.
1073 1821 2 25 I

82 1883 23 16 13
124 1879 37 20 RD
186 1879 97 26 besluter,
307 1882 31 19 att
361 1881 132 20 beträffande
513 1881 157 27 dyrtidstillägg
686 1883 21 19 åt
723 1882 66 20 lärare
805 1882 36 20 vid
858 1882 75 26 privat-|
972 1889 7 10 »
1021 1881 41 20 |1:8
1200 1881 12 21 61
1242 1881 75 21 11185
1390 1881 40 21 351
1496 1881 33 21 43:
1542 1887 23 16 17
1568 1877 23 35 |
1597 1882 33 20 44:
1642 1887 24 15 88
1679 1865 1 43 |

138 1908 103 26 läroverk,
258 1910 37 20 vid
311 1910 141 21 kommunala
467 1911 122 21 flickskolor
605 1912 39 20 och
655 1911 37 21 vid
703 1912 160 26 folkhögskolor
873 1914 60 18 även-
1014 1915 56 24 p.294
1679 1909 1 39 |

138 1945 46 14 som
209 1940 22 19 åt
254 1939 67 21 lärare
344 1940 37 21 vid
405 1940 53 21 folk-
474 1941 40 20 och
530 1941 119 21 småskolor
665 1943 56 19 samt
736 1941 199 21 statsunderstödda
1679 1952 1 29 |

139 1968 218 27 sjukvårdsanstalter
372 1971 39 19 och
428 1971 56 20 vissa
500 1971 111 25 barnhem,
627 1971 64 26 högre
702 1971 123 25 folkskolor,
837 1971 96 21 kommu-

139 1998 51 20 nala
205 1999 153 21 mellanskolor
374 2000 39 20 och
430 2001 57 20 vissa
502 2001 232 21 småskoleseminarier
750 2001 60 21 skola
826 2001 64 20 lända
901 2001 32 20 till|
969 2028 2 2 -
1435 1998 2 91 |
1679 1990 1 60 |

1679 2055 1 35 |

139 2028 139 21 efterrättelse
294 2029 26 20 de
336 2029 110 21 allmänna
457 2030 98 26 grunder,
567 2037 47 14 som
624 2031 8 20 i
643 2031 159 26 ifrågavarande
813 2031 121 21 hänseende

138 2058 57 26 gälla
213 2058 33 21 för
264 2059 126 26 budgetåret
410 2059 135 29 1929/1930;
566 2061 40 20 och
622 2060 139 28 bemyndigas
776 2061 60 20 KM:t
856 2063 32 19 att
903 2062 30 19 ut-
