<?xml version="1.0" encoding="UTF-8"?>
<alto xmlns="http://www.loc.gov/standards/alto/ns-v3#" xmlns:xlink="http://www.w3.org/1999/xlink" xmlns:xsi="http://www.w3.org/2001/XMLSchema-instance" xsi:schemaLocation="http://www.loc.gov/standards/alto/ns-v3# http://www.loc.gov/alto/v3/alto-3-0.xsd">
	<Description>
		<MeasurementUnit>pixel</MeasurementUnit>
		<sourceImageInformation>
			<fileName></fileName>
		</sourceImageInformation>
		<OCRProcessing ID="OCR_0">
			<ocrProcessingStep>
				<processingSoftware>
					<softwareName>tesseract 4.1.1</softwareName>
				</processingSoftware>
			</ocrProcessingStep>
		</OCRProcessing>
	</Description>
	<Layout>
		<Page WIDTH="1812" HEIGHT="2339" PHYSICAL_IMG_NR="0" ID="page_0">
			<PrintSpace HPOS="0" VPOS="0" WIDTH="1812" HEIGHT="2339">
				<ComposedBlock ID="cblock_0" HPOS="1" VPOS="1082" WIDTH="12" HEIGHT="1242">
					<TextBlock ID="block_0" HPOS="1" VPOS="1082" WIDTH="12" HEIGHT="1242">
						<TextLine ID="line_0" HPOS="1" VPOS="1082" WIDTH="12" HEIGHT="1242">
							<String ID="string_0" HPOS="1" VPOS="1082" WIDTH="12" HEIGHT="1242" WC="0.95" CONTENT=" "/>
						</TextLine>
					</TextBlock>
				</ComposedBlock>
				<ComposedBlock ID="cblock_1" HPOS="135" VPOS="63" WIDTH="907" HEIGHT="22">
					<TextBlock ID="block_1" HPOS="135" VPOS="63" WIDTH="907" HEIGHT="22">
						<TextLine ID="line_1" HPOS="135" VPOS="63" WIDTH="907" HEIGHT="22">
							<String ID="string_1" HPOS="135" VPOS="63" WIDTH="37" HEIGHT="19" WC="0.96" CONTENT="666"/><SP WIDTH="649" VPOS="63" HPOS="172"/>
							<String ID="string_2" HPOS="821" VPOS="65" WIDTH="221" HEIGHT="20" WC="0.89" CONTENT="SAKREGISTER"/>
						</TextLine>
					</TextBlock>
				</ComposedBlock>
				<ComposedBlock ID="cblock_2" HPOS="135" VPOS="132" WIDTH="1600" HEIGHT="4">
					<TextBlock ID="block_2" HPOS="135" VPOS="132" WIDTH="1600" HEIGHT="4">
						<TextLine ID="line_2" HPOS="135" VPOS="132" WIDTH="1600" HEIGHT="4">
							<String ID="string_3" HPOS="135" VPOS="132" WIDTH="1600" HEIGHT="4" WC="0.95" CONTENT=" "/>
						</TextLine>
					</TextBlock>
				</ComposedBlock>
				<ComposedBlock ID="cblock_3" HPOS="153" VPOS="283" WIDTH="886" HEIGHT="205">
					<TextBlock ID="block_3" HPOS="153" VPOS="283" WIDTH="684" HEIGHT="26">
						<TextLine ID="line_3" HPOS="153" VPOS="283" WIDTH="684" HEIGHT="26">
							<String ID="string_4" HPOS="153" VPOS="284" WIDTH="218" HEIGHT="24" WC="0.91" CONTENT="KROPPSSKADA,"/><SP WIDTH="19" VPOS="284" HPOS="371"/>
							<String ID="string_5" HPOS="390" VPOS="284" WIDTH="101" HEIGHT="25" WC="0.91" CONTENT="ådragen"/><SP WIDTH="10" VPOS="284" HPOS="491"/>
							<String ID="string_6" HPOS="501" VPOS="285" WIDTH="73" HEIGHT="19" WC="0.93" CONTENT="under"/><SP WIDTH="10" VPOS="285" HPOS="574"/>
							<String ID="string_7" HPOS="584" VPOS="283" WIDTH="253" HEIGHT="26" WC="0.89" CONTENT="militärtjänstgöring."/>
						</TextLine>
					</TextBlock>
					<TextBlock ID="block_4" HPOS="171" VPOS="311" WIDTH="868" HEIGHT="112">
						<TextLine ID="line_4" HPOS="171" VPOS="311" WIDTH="867" HEIGHT="28">
							<String ID="string_8" HPOS="171" VPOS="319" WIDTH="7" HEIGHT="14" WC="0.92" CONTENT="1"/><SP WIDTH="20" VPOS="319" HPOS="178"/>
							<String ID="string_9" HPOS="198" VPOS="314" WIDTH="39" HEIGHT="20" WC="0.90" CONTENT="RD"/><SP WIDTH="18" VPOS="314" HPOS="237"/>
							<String ID="string_10" HPOS="255" VPOS="314" WIDTH="123" HEIGHT="25" WC="0.88" CONTENT="medgiver,"/><SP WIDTH="17" VPOS="314" HPOS="378"/>
							<String ID="string_11" HPOS="395" VPOS="315" WIDTH="33" HEIGHT="20" WC="0.96" CONTENT="att"/><SP WIDTH="16" VPOS="315" HPOS="428"/>
							<String ID="string_12" HPOS="444" VPOS="314" WIDTH="35" HEIGHT="20" WC="0.93" CONTENT="till"/><SP WIDTH="17" VPOS="314" HPOS="479"/>
							<String ID="string_13" HPOS="496" VPOS="314" WIDTH="25" HEIGHT="20" WC="0.91" CONTENT="K."/><SP WIDTH="16" VPOS="314" HPOS="521"/>
							<String ID="string_14" HPOS="537" VPOS="314" WIDTH="24" HEIGHT="20" WC="0.90" CONTENT="Å."/><SP WIDTH="17" VPOS="314" HPOS="561"/>
							<String ID="string_15" HPOS="578" VPOS="314" WIDTH="24" HEIGHT="20" WC="0.92" CONTENT="E."/><SP WIDTH="16" VPOS="314" HPOS="602"/>
							<String ID="string_16" HPOS="618" VPOS="314" WIDTH="128" HEIGHT="20" WC="0.96" CONTENT="Jacobsson"/><SP WIDTH="16" VPOS="314" HPOS="746"/>
							<String ID="string_17" HPOS="762" VPOS="313" WIDTH="38" HEIGHT="20" WC="0.96" CONTENT="må"/><SP WIDTH="16" VPOS="313" HPOS="800"/>
							<String ID="string_18" HPOS="816" VPOS="313" WIDTH="52" HEIGHT="20" WC="0.96" CONTENT="från"/><SP WIDTH="16" VPOS="313" HPOS="868"/>
							<String ID="string_19" HPOS="884" VPOS="312" WIDTH="105" HEIGHT="25" WC="0.96" CONTENT="anslaget"/><SP WIDTH="14" VPOS="312" HPOS="989"/>
							<String ID="string_20" HPOS="1003" VPOS="311" WIDTH="35" HEIGHT="21" WC="0.96" CONTENT="till"/>
						</TextLine>
						<TextLine ID="line_5" HPOS="198" VPOS="342" WIDTH="840" HEIGHT="27">
							<String ID="string_21" HPOS="198" VPOS="344" WIDTH="90" HEIGHT="20" WC="0.96" CONTENT="diverse"/><SP WIDTH="11" VPOS="344" HPOS="288"/>
							<String ID="string_22" HPOS="299" VPOS="344" WIDTH="124" HEIGHT="25" WC="0.96" CONTENT="pensioner"/><SP WIDTH="12" VPOS="344" HPOS="423"/>
							<String ID="string_23" HPOS="435" VPOS="344" WIDTH="43" HEIGHT="20" WC="0.96" CONTENT="och"/><SP WIDTH="12" VPOS="344" HPOS="478"/>
							<String ID="string_24" HPOS="490" VPOS="344" WIDTH="127" HEIGHT="20" WC="0.93" CONTENT="understöd"/><SP WIDTH="12" VPOS="344" HPOS="617"/>
							<String ID="string_25" HPOS="629" VPOS="350" WIDTH="30" HEIGHT="14" WC="0.91" CONTENT="m."/><SP WIDTH="13" VPOS="350" HPOS="659"/>
							<String ID="string_26" HPOS="672" VPOS="349" WIDTH="29" HEIGHT="15" WC="0.93" CONTENT="m."/><SP WIDTH="11" VPOS="349" HPOS="701"/>
							<String ID="string_27" HPOS="712" VPOS="343" WIDTH="116" HEIGHT="20" WC="0.96" CONTENT="utbetalas"/><SP WIDTH="12" VPOS="343" HPOS="828"/>
							<String ID="string_28" HPOS="840" VPOS="342" WIDTH="136" HEIGHT="25" WC="0.96" CONTENT="ersättning,"/><SP WIDTH="12" VPOS="342" HPOS="976"/>
							<String ID="string_29" HPOS="988" VPOS="347" WIDTH="50" HEIGHT="15" WC="0.96" CONTENT="som"/>
						</TextLine>
						<TextLine ID="line_6" HPOS="198" VPOS="371" WIDTH="841" HEIGHT="28">
							<String ID="string_30" HPOS="198" VPOS="379" WIDTH="38" HEIGHT="14" WC="0.95" CONTENT="om"/><SP WIDTH="13" VPOS="379" HPOS="236"/>
							<String ID="string_31" HPOS="249" VPOS="373" WIDTH="54" HEIGHT="20" WC="0.96" CONTENT="1927"/><SP WIDTH="13" VPOS="373" HPOS="303"/>
							<String ID="string_32" HPOS="316" VPOS="373" WIDTH="38" HEIGHT="21" WC="0.93" CONTENT="års"/><SP WIDTH="11" VPOS="373" HPOS="354"/>
							<String ID="string_33" HPOS="365" VPOS="373" WIDTH="370" HEIGHT="26" WC="0.91" CONTENT="militärersättningsförordning"/><SP WIDTH="11" VPOS="373" HPOS="735"/>
							<String ID="string_34" HPOS="746" VPOS="373" WIDTH="59" HEIGHT="20" WC="0.96" CONTENT="varit"/><SP WIDTH="11" VPOS="373" HPOS="805"/>
							<String ID="string_35" HPOS="816" VPOS="372" WIDTH="123" HEIGHT="25" WC="0.93" CONTENT="tillämplig"/><SP WIDTH="11" VPOS="372" HPOS="939"/>
							<String ID="string_36" HPOS="950" VPOS="372" WIDTH="13" HEIGHT="20" WC="0.93" CONTENT="å"/><SP WIDTH="10" VPOS="372" HPOS="963"/>
							<String ID="string_37" HPOS="973" VPOS="371" WIDTH="66" HEIGHT="26" WC="0.92" CONTENT="sjuk-"/>
						</TextLine>
						<TextLine ID="line_7" HPOS="198" VPOS="403" WIDTH="141" HEIGHT="20">
							<String ID="string_38" HPOS="198" VPOS="403" WIDTH="141" HEIGHT="20" WC="0.92" CONTENT="domsfallet."/>
						</TextLine>
					</TextBlock>
					<TextBlock ID="block_5" HPOS="170" VPOS="431" WIDTH="869" HEIGHT="57">
						<TextLine ID="line_8" HPOS="170" VPOS="431" WIDTH="869" HEIGHT="27">
							<String ID="string_39" HPOS="170" VPOS="439" WIDTH="9" HEIGHT="14" WC="0.96" CONTENT="2"/><SP WIDTH="18" VPOS="439" HPOS="179"/>
							<String ID="string_40" HPOS="197" VPOS="433" WIDTH="45" HEIGHT="20" WC="0.96" CONTENT="Till"/><SP WIDTH="14" VPOS="433" HPOS="242"/>
							<String ID="string_41" HPOS="256" VPOS="433" WIDTH="82" HEIGHT="25" WC="0.96" CONTENT="bidrag"/><SP WIDTH="14" VPOS="433" HPOS="338"/>
							<String ID="string_42" HPOS="352" VPOS="434" WIDTH="34" HEIGHT="19" WC="0.96" CONTENT="till"/><SP WIDTH="15" VPOS="434" HPOS="386"/>
							<String ID="string_43" HPOS="401" VPOS="433" WIDTH="130" HEIGHT="25" WC="0.96" CONTENT="ersättning"/><SP WIDTH="13" VPOS="433" HPOS="531"/>
							<String ID="string_44" HPOS="544" VPOS="434" WIDTH="8" HEIGHT="19" WC="0.91" CONTENT="i"/><SP WIDTH="14" VPOS="434" HPOS="552"/>
							<String ID="string_45" HPOS="566" VPOS="433" WIDTH="45" HEIGHT="20" WC="0.89" CONTENT="anl."/><SP WIDTH="15" VPOS="433" HPOS="611"/>
							<String ID="string_46" HPOS="626" VPOS="439" WIDTH="27" HEIGHT="14" WC="0.97" CONTENT="av"/><SP WIDTH="14" VPOS="439" HPOS="653"/>
							<String ID="string_47" HPOS="667" VPOS="433" WIDTH="169" HEIGHT="25" WC="0.92" CONTENT="kroppsskada,"/><SP WIDTH="14" VPOS="433" HPOS="836"/>
							<String ID="string_48" HPOS="850" VPOS="432" WIDTH="101" HEIGHT="25" WC="0.92" CONTENT="ådragen"/><SP WIDTH="13" VPOS="432" HPOS="951"/>
							<String ID="string_49" HPOS="964" VPOS="431" WIDTH="75" HEIGHT="21" WC="0.96" CONTENT="under"/>
						</TextLine>
						<TextLine ID="line_9" HPOS="197" VPOS="463" WIDTH="539" HEIGHT="25">
							<String ID="string_50" HPOS="197" VPOS="463" WIDTH="253" HEIGHT="25" WC="0.91" CONTENT="militärtjänstgöring,"/><SP WIDTH="10" VPOS="463" HPOS="450"/>
							<String ID="string_51" HPOS="460" VPOS="463" WIDTH="93" HEIGHT="20" WC="0.96" CONTENT="anvisas"/><SP WIDTH="11" VPOS="463" HPOS="553"/>
							<String ID="string_52" HPOS="564" VPOS="463" WIDTH="25" HEIGHT="20" WC="0.96" CONTENT="12"/><SP WIDTH="11" VPOS="463" HPOS="589"/>
							<String ID="string_53" HPOS="600" VPOS="463" WIDTH="41" HEIGHT="20" WC="0.96" CONTENT="500"/><SP WIDTH="10" VPOS="463" HPOS="641"/>
							<String ID="string_54" HPOS="651" VPOS="463" WIDTH="41" HEIGHT="20" WC="0.95" CONTENT="000"/><SP WIDTH="10" VPOS="463" HPOS="692"/>
							<String ID="string_55" HPOS="702" VPOS="463" WIDTH="34" HEIGHT="20" WC="0.95" CONTENT="kr."/>
						</TextLine>
					</TextBlock>
				</ComposedBlock>
				<ComposedBlock ID="cblock_4" HPOS="170" VPOS="518" WIDTH="870" HEIGHT="325">
					<TextBlock ID="block_6" HPOS="171" VPOS="518" WIDTH="867" HEIGHT="57">
						<TextLine ID="line_10" HPOS="171" VPOS="518" WIDTH="867" HEIGHT="27">
							<String ID="string_56" HPOS="171" VPOS="525" WIDTH="7" HEIGHT="15" WC="0.91" CONTENT="1"/><SP WIDTH="20" VPOS="525" HPOS="178"/>
							<String ID="string_57" HPOS="198" VPOS="520" WIDTH="39" HEIGHT="20" WC="0.91" CONTENT="RD"/><SP WIDTH="12" VPOS="520" HPOS="237"/>
							<String ID="string_58" HPOS="249" VPOS="520" WIDTH="95" HEIGHT="20" WC="0.96" CONTENT="anvisar"/><SP WIDTH="10" VPOS="520" HPOS="344"/>
							<String ID="string_59" HPOS="354" VPOS="520" WIDTH="35" HEIGHT="20" WC="0.96" CONTENT="till"/><SP WIDTH="11" VPOS="520" HPOS="389"/>
							<String ID="string_60" HPOS="400" VPOS="520" WIDTH="82" HEIGHT="25" WC="0.96" CONTENT="bidrag"/><SP WIDTH="11" VPOS="520" HPOS="482"/>
							<String ID="string_61" HPOS="493" VPOS="520" WIDTH="34" HEIGHT="20" WC="0.96" CONTENT="till"/><SP WIDTH="11" VPOS="520" HPOS="527"/>
							<String ID="string_62" HPOS="538" VPOS="520" WIDTH="130" HEIGHT="24" WC="0.96" CONTENT="ersättning"/><SP WIDTH="11" VPOS="520" HPOS="668"/>
							<String ID="string_63" HPOS="679" VPOS="520" WIDTH="6" HEIGHT="20" WC="0.93" CONTENT="i"/><SP WIDTH="11" VPOS="520" HPOS="685"/>
							<String ID="string_64" HPOS="696" VPOS="519" WIDTH="46" HEIGHT="21" WC="0.92" CONTENT="anl."/><SP WIDTH="11" VPOS="519" HPOS="742"/>
							<String ID="string_65" HPOS="753" VPOS="525" WIDTH="28" HEIGHT="14" WC="0.96" CONTENT="av"/><SP WIDTH="11" VPOS="525" HPOS="781"/>
							<String ID="string_66" HPOS="792" VPOS="518" WIDTH="169" HEIGHT="26" WC="0.93" CONTENT="kroppsskada,"/><SP WIDTH="12" VPOS="518" HPOS="961"/>
							<String ID="string_67" HPOS="973" VPOS="518" WIDTH="65" HEIGHT="20" WC="0.91" CONTENT="ådra-"/>
						</TextLine>
						<TextLine ID="line_11" HPOS="197" VPOS="549" WIDTH="572" HEIGHT="26">
							<String ID="string_68" HPOS="197" VPOS="555" WIDTH="43" HEIGHT="20" WC="0.96" CONTENT="gen"/><SP WIDTH="9" VPOS="555" HPOS="240"/>
							<String ID="string_69" HPOS="249" VPOS="550" WIDTH="75" HEIGHT="20" WC="0.93" CONTENT="under"/><SP WIDTH="9" VPOS="550" HPOS="324"/>
							<String ID="string_70" HPOS="333" VPOS="549" WIDTH="253" HEIGHT="26" WC="0.91" CONTENT="militärtjänstgöring,"/><SP WIDTH="11" VPOS="549" HPOS="586"/>
							<String ID="string_71" HPOS="597" VPOS="549" WIDTH="26" HEIGHT="20" WC="0.96" CONTENT="13"/><SP WIDTH="9" VPOS="549" HPOS="623"/>
							<String ID="string_72" HPOS="632" VPOS="549" WIDTH="42" HEIGHT="20" WC="0.96" CONTENT="500"/><SP WIDTH="9" VPOS="549" HPOS="674"/>
							<String ID="string_73" HPOS="683" VPOS="549" WIDTH="42" HEIGHT="20" WC="0.96" CONTENT="000"/><SP WIDTH="9" VPOS="549" HPOS="725"/>
							<String ID="string_74" HPOS="734" VPOS="549" WIDTH="35" HEIGHT="20" WC="0.96" CONTENT="kr."/>
						</TextLine>
					</TextBlock>
					<TextBlock ID="block_7" HPOS="170" VPOS="578" WIDTH="870" HEIGHT="265">
						<TextLine ID="line_12" HPOS="170" VPOS="578" WIDTH="870" HEIGHT="26">
							<String ID="string_75" HPOS="170" VPOS="585" WIDTH="10" HEIGHT="14" WC="0.93" CONTENT="2"/><SP WIDTH="19" VPOS="585" HPOS="180"/>
							<String ID="string_76" HPOS="199" VPOS="579" WIDTH="39" HEIGHT="20" WC="0.91" CONTENT="RD"/><SP WIDTH="13" VPOS="579" HPOS="238"/>
							<String ID="string_77" HPOS="251" VPOS="579" WIDTH="124" HEIGHT="25" WC="0.92" CONTENT="medgiver,"/><SP WIDTH="13" VPOS="579" HPOS="375"/>
							<String ID="string_78" HPOS="388" VPOS="580" WIDTH="33" HEIGHT="19" WC="0.96" CONTENT="att"/><SP WIDTH="12" VPOS="580" HPOS="421"/>
							<String ID="string_79" HPOS="433" VPOS="579" WIDTH="34" HEIGHT="20" WC="0.96" CONTENT="till"/><SP WIDTH="13" VPOS="579" HPOS="467"/>
							<String ID="string_80" HPOS="480" VPOS="579" WIDTH="46" HEIGHT="20" WC="0.96" CONTENT="Rut"/><SP WIDTH="12" VPOS="579" HPOS="526"/>
							<String ID="string_81" HPOS="538" VPOS="579" WIDTH="54" HEIGHT="20" WC="0.96" CONTENT="Edit"/><SP WIDTH="12" VPOS="579" HPOS="592"/>
							<String ID="string_82" HPOS="604" VPOS="579" WIDTH="132" HEIGHT="25" WC="0.96" CONTENT="Bergström"/><SP WIDTH="12" VPOS="579" HPOS="736"/>
							<String ID="string_83" HPOS="748" VPOS="578" WIDTH="44" HEIGHT="24" WC="0.96" CONTENT="må,"/><SP WIDTH="14" VPOS="578" HPOS="792"/>
							<String ID="string_84" HPOS="806" VPOS="578" WIDTH="24" HEIGHT="21" WC="0.97" CONTENT="så"/><SP WIDTH="12" VPOS="578" HPOS="830"/>
							<String ID="string_85" HPOS="842" VPOS="578" WIDTH="67" HEIGHT="25" WC="0.96" CONTENT="länge"/><SP WIDTH="11" VPOS="578" HPOS="909"/>
							<String ID="string_86" HPOS="920" VPOS="578" WIDTH="47" HEIGHT="19" WC="0.96" CONTENT="hon"/><SP WIDTH="12" VPOS="578" HPOS="967"/>
							<String ID="string_87" HPOS="979" VPOS="578" WIDTH="61" HEIGHT="19" WC="0.96" CONTENT="lever"/>
						</TextLine>
						<TextLine ID="line_13" HPOS="197" VPOS="608" WIDTH="842" HEIGHT="26">
							<String ID="string_88" HPOS="197" VPOS="609" WIDTH="66" HEIGHT="25" WC="0.96" CONTENT="ogift,"/><SP WIDTH="17" VPOS="609" HPOS="263"/>
							<String ID="string_89" HPOS="280" VPOS="609" WIDTH="53" HEIGHT="20" WC="0.96" CONTENT="från"/><SP WIDTH="16" VPOS="609" HPOS="333"/>
							<String ID="string_90" HPOS="349" VPOS="609" WIDTH="105" HEIGHT="25" WC="0.96" CONTENT="anslaget"/><SP WIDTH="16" VPOS="609" HPOS="454"/>
							<String ID="string_91" HPOS="470" VPOS="609" WIDTH="35" HEIGHT="20" WC="0.96" CONTENT="till"/><SP WIDTH="15" VPOS="609" HPOS="505"/>
							<String ID="string_92" HPOS="520" VPOS="609" WIDTH="82" HEIGHT="25" WC="0.96" CONTENT="bidrag"/><SP WIDTH="16" VPOS="609" HPOS="602"/>
							<String ID="string_93" HPOS="618" VPOS="609" WIDTH="34" HEIGHT="20" WC="0.96" CONTENT="till"/><SP WIDTH="17" VPOS="609" HPOS="652"/>
							<String ID="string_94" HPOS="669" VPOS="608" WIDTH="130" HEIGHT="26" WC="0.96" CONTENT="ersättning"/><SP WIDTH="15" VPOS="608" HPOS="799"/>
							<String ID="string_95" HPOS="814" VPOS="609" WIDTH="7" HEIGHT="20" WC="0.93" CONTENT="i"/><SP WIDTH="16" VPOS="609" HPOS="821"/>
							<String ID="string_96" HPOS="837" VPOS="608" WIDTH="46" HEIGHT="20" WC="0.91" CONTENT="anl."/><SP WIDTH="16" VPOS="608" HPOS="883"/>
							<String ID="string_97" HPOS="899" VPOS="614" WIDTH="28" HEIGHT="14" WC="0.93" CONTENT="av"/><SP WIDTH="15" VPOS="614" HPOS="927"/>
							<String ID="string_98" HPOS="942" VPOS="608" WIDTH="97" HEIGHT="24" WC="0.91" CONTENT="kropps-"/>
						</TextLine>
						<TextLine ID="line_14" HPOS="198" VPOS="637" WIDTH="841" HEIGHT="27">
							<String ID="string_99" HPOS="198" VPOS="639" WIDTH="80" HEIGHT="24" WC="0.93" CONTENT="skada,"/><SP WIDTH="15" VPOS="639" HPOS="278"/>
							<String ID="string_100" HPOS="293" VPOS="639" WIDTH="101" HEIGHT="25" WC="0.91" CONTENT="ådragen"/><SP WIDTH="15" VPOS="639" HPOS="394"/>
							<String ID="string_101" HPOS="409" VPOS="639" WIDTH="74" HEIGHT="20" WC="0.93" CONTENT="under"/><SP WIDTH="15" VPOS="639" HPOS="483"/>
							<String ID="string_102" HPOS="498" VPOS="639" WIDTH="253" HEIGHT="25" WC="0.91" CONTENT="militärtjänstgöring,"/><SP WIDTH="15" VPOS="639" HPOS="751"/>
							<String ID="string_103" HPOS="766" VPOS="638" WIDTH="115" HEIGHT="20" WC="0.96" CONTENT="utbetalas"/><SP WIDTH="15" VPOS="638" HPOS="881"/>
							<String ID="string_104" HPOS="896" VPOS="638" WIDTH="47" HEIGHT="20" WC="0.92" CONTENT="viss"/><SP WIDTH="14" VPOS="638" HPOS="943"/>
							<String ID="string_105" HPOS="957" VPOS="637" WIDTH="82" HEIGHT="21" WC="0.91" CONTENT="ersätt-"/>
						</TextLine>
						<TextLine ID="line_15" HPOS="198" VPOS="668" WIDTH="840" HEIGHT="26">
							<String ID="string_106" HPOS="198" VPOS="669" WIDTH="63" HEIGHT="25" WC="0.96" CONTENT="ning,"/><SP WIDTH="11" VPOS="669" HPOS="261"/>
							<String ID="string_107" HPOS="272" VPOS="670" WIDTH="34" HEIGHT="19" WC="0.96" CONTENT="att"/><SP WIDTH="10" VPOS="670" HPOS="306"/>
							<String ID="string_108" HPOS="316" VPOS="669" WIDTH="35" HEIGHT="20" WC="0.93" CONTENT="till"/><SP WIDTH="11" VPOS="669" HPOS="351"/>
							<String ID="string_109" HPOS="362" VPOS="669" WIDTH="21" HEIGHT="20" WC="0.86" CONTENT="S."/><SP WIDTH="11" VPOS="669" HPOS="383"/>
							<String ID="string_110" HPOS="394" VPOS="669" WIDTH="24" HEIGHT="20" WC="0.91" CONTENT="B."/><SP WIDTH="10" VPOS="669" HPOS="418"/>
							<String ID="string_111" HPOS="428" VPOS="669" WIDTH="102" HEIGHT="20" WC="0.96" CONTENT="Jönsson"/><SP WIDTH="11" VPOS="669" HPOS="530"/>
							<String ID="string_112" HPOS="541" VPOS="668" WIDTH="38" HEIGHT="20" WC="0.96" CONTENT="må"/><SP WIDTH="10" VPOS="668" HPOS="579"/>
							<String ID="string_113" HPOS="589" VPOS="668" WIDTH="55" HEIGHT="26" WC="0.96" CONTENT="utgå"/><SP WIDTH="10" VPOS="668" HPOS="644"/>
							<String ID="string_114" HPOS="654" VPOS="668" WIDTH="58" HEIGHT="25" WC="0.96" CONTENT="årlig"/><SP WIDTH="10" VPOS="668" HPOS="712"/>
							<String ID="string_115" HPOS="722" VPOS="668" WIDTH="100" HEIGHT="21" WC="0.96" CONTENT="livränta"/><SP WIDTH="10" VPOS="668" HPOS="822"/>
							<String ID="string_116" HPOS="832" VPOS="668" WIDTH="59" HEIGHT="20" WC="0.96" CONTENT="efter"/><SP WIDTH="9" VPOS="668" HPOS="891"/>
							<String ID="string_117" HPOS="900" VPOS="673" WIDTH="28" HEIGHT="15" WC="0.96" CONTENT="en"/><SP WIDTH="11" VPOS="673" HPOS="928"/>
							<String ID="string_118" HPOS="939" VPOS="668" WIDTH="99" HEIGHT="24" WC="0.96" CONTENT="antagen"/>
						</TextLine>
						<TextLine ID="line_16" HPOS="198" VPOS="697" WIDTH="841" HEIGHT="26">
							<String ID="string_119" HPOS="198" VPOS="699" WIDTH="144" HEIGHT="20" WC="0.96" CONTENT="årsinkomst"/><SP WIDTH="11" VPOS="699" HPOS="342"/>
							<String ID="string_120" HPOS="353" VPOS="705" WIDTH="28" HEIGHT="14" WC="0.96" CONTENT="av"/><SP WIDTH="11" VPOS="705" HPOS="381"/>
							<String ID="string_121" HPOS="392" VPOS="698" WIDTH="13" HEIGHT="21" WC="0.96" CONTENT="6"/><SP WIDTH="9" VPOS="698" HPOS="405"/>
							<String ID="string_122" HPOS="414" VPOS="698" WIDTH="42" HEIGHT="21" WC="0.96" CONTENT="000"/><SP WIDTH="12" VPOS="698" HPOS="456"/>
							<String ID="string_123" HPOS="468" VPOS="698" WIDTH="34" HEIGHT="20" WC="0.96" CONTENT="kr."/><SP WIDTH="12" VPOS="698" HPOS="502"/>
							<String ID="string_124" HPOS="514" VPOS="698" WIDTH="43" HEIGHT="20" WC="0.96" CONTENT="och"/><SP WIDTH="12" VPOS="698" HPOS="557"/>
							<String ID="string_125" HPOS="569" VPOS="698" WIDTH="44" HEIGHT="20" WC="0.93" CONTENT="den"/><SP WIDTH="11" VPOS="698" HPOS="613"/>
							<String ID="string_126" HPOS="624" VPOS="698" WIDTH="200" HEIGHT="25" WC="0.91" CONTENT="invaliditetsgrad"/><SP WIDTH="13" VPOS="698" HPOS="824"/>
							<String ID="string_127" HPOS="837" VPOS="704" WIDTH="50" HEIGHT="13" WC="0.93" CONTENT="som"/><SP WIDTH="11" VPOS="704" HPOS="887"/>
							<String ID="string_128" HPOS="898" VPOS="697" WIDTH="141" HEIGHT="20" WC="0.91" CONTENT="riksförsäk-"/>
						</TextLine>
						<TextLine ID="line_17" HPOS="198" VPOS="727" WIDTH="841" HEIGHT="26">
							<String ID="string_129" HPOS="198" VPOS="728" WIDTH="182" HEIGHT="25" WC="0.91" CONTENT="ringsanstalten"/><SP WIDTH="12" VPOS="728" HPOS="380"/>
							<String ID="string_130" HPOS="392" VPOS="729" WIDTH="104" HEIGHT="19" WC="0.96" CONTENT="kommer"/><SP WIDTH="11" VPOS="729" HPOS="496"/>
							<String ID="string_131" HPOS="507" VPOS="729" WIDTH="35" HEIGHT="19" WC="0.96" CONTENT="att"/><SP WIDTH="11" VPOS="729" HPOS="542"/>
							<String ID="string_132" HPOS="553" VPOS="727" WIDTH="123" HEIGHT="25" WC="0.96" CONTENT="fastställa,"/><SP WIDTH="11" VPOS="727" HPOS="676"/>
							<String ID="string_133" HPOS="687" VPOS="729" WIDTH="34" HEIGHT="19" WC="0.96" CONTENT="att"/><SP WIDTH="10" VPOS="729" HPOS="721"/>
							<String ID="string_134" HPOS="731" VPOS="727" WIDTH="35" HEIGHT="20" WC="0.92" CONTENT="till"/><SP WIDTH="10" VPOS="727" HPOS="766"/>
							<String ID="string_135" HPOS="776" VPOS="727" WIDTH="25" HEIGHT="21" WC="0.89" CONTENT="T."/><SP WIDTH="13" VPOS="727" HPOS="801"/>
							<String ID="string_136" HPOS="814" VPOS="727" WIDTH="21" HEIGHT="21" WC="0.89" CONTENT="S."/><SP WIDTH="10" VPOS="727" HPOS="835"/>
							<String ID="string_137" HPOS="845" VPOS="727" WIDTH="146" HEIGHT="20" WC="0.96" CONTENT="Henriksson"/><SP WIDTH="10" VPOS="727" HPOS="991"/>
							<String ID="string_138" HPOS="1001" VPOS="727" WIDTH="38" HEIGHT="20" WC="0.96" CONTENT="må"/>
						</TextLine>
						<TextLine ID="line_18" HPOS="197" VPOS="756" WIDTH="842" HEIGHT="27">
							<String ID="string_139" HPOS="197" VPOS="758" WIDTH="72" HEIGHT="25" WC="0.96" CONTENT="enligt"/><SP WIDTH="16" VPOS="758" HPOS="269"/>
							<String ID="string_140" HPOS="285" VPOS="759" WIDTH="133" HEIGHT="24" WC="0.96" CONTENT="grunderna"/><SP WIDTH="18" VPOS="759" HPOS="418"/>
							<String ID="string_141" HPOS="436" VPOS="758" WIDTH="36" HEIGHT="20" WC="0.96" CONTENT="för"/><SP WIDTH="18" VPOS="758" HPOS="472"/>
							<String ID="string_142" HPOS="490" VPOS="758" WIDTH="55" HEIGHT="20" WC="0.96" CONTENT="1927"/><SP WIDTH="18" VPOS="758" HPOS="545"/>
							<String ID="string_143" HPOS="563" VPOS="758" WIDTH="37" HEIGHT="20" WC="0.93" CONTENT="års"/><SP WIDTH="18" VPOS="758" HPOS="600"/>
							<String ID="string_144" HPOS="618" VPOS="756" WIDTH="370" HEIGHT="26" WC="0.92" CONTENT="militärersättningsförordning"/><SP WIDTH="16" VPOS="756" HPOS="988"/>
							<String ID="string_145" HPOS="1004" VPOS="757" WIDTH="35" HEIGHT="20" WC="0.92" CONTENT="ut-"/>
						</TextLine>
						<TextLine ID="line_19" HPOS="198" VPOS="786" WIDTH="840" HEIGHT="27">
							<String ID="string_146" HPOS="198" VPOS="788" WIDTH="64" HEIGHT="25" WC="0.92" CONTENT="givas"/><SP WIDTH="13" VPOS="788" HPOS="262"/>
							<String ID="string_147" HPOS="275" VPOS="788" WIDTH="47" HEIGHT="20" WC="0.96" CONTENT="viss"/><SP WIDTH="13" VPOS="788" HPOS="322"/>
							<String ID="string_148" HPOS="335" VPOS="788" WIDTH="130" HEIGHT="25" WC="0.96" CONTENT="ersättning"/><SP WIDTH="14" VPOS="788" HPOS="465"/>
							<String ID="string_149" HPOS="479" VPOS="789" WIDTH="61" HEIGHT="19" WC="0.95" CONTENT="samt"/><SP WIDTH="12" VPOS="789" HPOS="540"/>
							<String ID="string_150" HPOS="552" VPOS="788" WIDTH="34" HEIGHT="20" WC="0.95" CONTENT="att"/><SP WIDTH="13" VPOS="788" HPOS="586"/>
							<String ID="string_151" HPOS="599" VPOS="788" WIDTH="34" HEIGHT="19" WC="0.93" CONTENT="till"/><SP WIDTH="14" VPOS="788" HPOS="633"/>
							<String ID="string_152" HPOS="647" VPOS="787" WIDTH="25" HEIGHT="20" WC="0.91" CONTENT="E."/><SP WIDTH="13" VPOS="787" HPOS="672"/>
							<String ID="string_153" HPOS="685" VPOS="788" WIDTH="30" HEIGHT="20" WC="0.92" CONTENT="M."/><SP WIDTH="13" VPOS="788" HPOS="715"/>
							<String ID="string_154" HPOS="728" VPOS="787" WIDTH="112" HEIGHT="20" WC="0.96" CONTENT="Karlsson"/><SP WIDTH="13" VPOS="787" HPOS="840"/>
							<String ID="string_155" HPOS="853" VPOS="787" WIDTH="59" HEIGHT="20" WC="0.96" CONTENT="intill"/><SP WIDTH="14" VPOS="787" HPOS="912"/>
							<String ID="string_156" HPOS="926" VPOS="787" WIDTH="52" HEIGHT="20" WC="0.96" CONTENT="dess"/><SP WIDTH="13" VPOS="787" HPOS="978"/>
							<String ID="string_157" HPOS="991" VPOS="786" WIDTH="47" HEIGHT="20" WC="0.96" CONTENT="han"/>
						</TextLine>
						<TextLine ID="line_20" HPOS="197" VPOS="817" WIDTH="523" HEIGHT="26">
							<String ID="string_158" HPOS="197" VPOS="818" WIDTH="53" HEIGHT="25" WC="0.96" CONTENT="fyllt"/><SP WIDTH="10" VPOS="818" HPOS="250"/>
							<String ID="string_159" HPOS="260" VPOS="818" WIDTH="26" HEIGHT="20" WC="0.96" CONTENT="67"/><SP WIDTH="10" VPOS="818" HPOS="286"/>
							<String ID="string_160" HPOS="296" VPOS="817" WIDTH="26" HEIGHT="21" WC="0.96" CONTENT="år"/><SP WIDTH="9" VPOS="817" HPOS="322"/>
							<String ID="string_161" HPOS="331" VPOS="817" WIDTH="55" HEIGHT="26" WC="0.96" CONTENT="utgå"/><SP WIDTH="10" VPOS="817" HPOS="386"/>
							<String ID="string_162" HPOS="396" VPOS="817" WIDTH="58" HEIGHT="26" WC="0.95" CONTENT="årlig"/><SP WIDTH="9" VPOS="817" HPOS="454"/>
							<String ID="string_163" HPOS="463" VPOS="818" WIDTH="100" HEIGHT="19" WC="0.96" CONTENT="livränta"/><SP WIDTH="10" VPOS="818" HPOS="563"/>
							<String ID="string_164" HPOS="573" VPOS="818" WIDTH="51" HEIGHT="19" WC="0.96" CONTENT="med"/><SP WIDTH="10" VPOS="818" HPOS="624"/>
							<String ID="string_165" HPOS="634" VPOS="817" WIDTH="41" HEIGHT="20" WC="0.95" CONTENT="320"/><SP WIDTH="10" VPOS="817" HPOS="675"/>
							<String ID="string_166" HPOS="685" VPOS="817" WIDTH="35" HEIGHT="20" WC="0.96" CONTENT="kr."/>
						</TextLine>
					</TextBlock>
				</ComposedBlock>
				<ComposedBlock ID="cblock_5" HPOS="169" VPOS="870" WIDTH="871" HEIGHT="948">
					<TextBlock ID="block_8" HPOS="171" VPOS="870" WIDTH="868" HEIGHT="146">
						<TextLine ID="line_21" HPOS="171" VPOS="870" WIDTH="867" HEIGHT="27">
							<String ID="string_167" HPOS="171" VPOS="878" WIDTH="7" HEIGHT="14" WC="0.93" CONTENT="1"/><SP WIDTH="20" VPOS="878" HPOS="178"/>
							<String ID="string_168" HPOS="198" VPOS="872" WIDTH="40" HEIGHT="20" WC="0.92" CONTENT="RD"/><SP WIDTH="13" VPOS="872" HPOS="238"/>
							<String ID="string_169" HPOS="251" VPOS="872" WIDTH="123" HEIGHT="25" WC="0.83" CONTENT="medgiver,"/><SP WIDTH="14" VPOS="872" HPOS="374"/>
							<String ID="string_170" HPOS="388" VPOS="872" WIDTH="33" HEIGHT="20" WC="0.96" CONTENT="att"/><SP WIDTH="13" VPOS="872" HPOS="421"/>
							<String ID="string_171" HPOS="434" VPOS="871" WIDTH="35" HEIGHT="20" WC="0.93" CONTENT="till"/><SP WIDTH="13" VPOS="871" HPOS="469"/>
							<String ID="string_172" HPOS="482" VPOS="872" WIDTH="21" HEIGHT="20" WC="0.92" CONTENT="S."/><SP WIDTH="12" VPOS="872" HPOS="503"/>
							<String ID="string_173" HPOS="515" VPOS="871" WIDTH="25" HEIGHT="20" WC="0.92" CONTENT="T."/><SP WIDTH="14" VPOS="871" HPOS="540"/>
							<String ID="string_174" HPOS="554" VPOS="871" WIDTH="142" HEIGHT="25" WC="0.96" CONTENT="Magnusson"/><SP WIDTH="12" VPOS="871" HPOS="696"/>
							<String ID="string_175" HPOS="708" VPOS="870" WIDTH="38" HEIGHT="21" WC="0.96" CONTENT="må"/><SP WIDTH="12" VPOS="870" HPOS="746"/>
							<String ID="string_176" HPOS="758" VPOS="870" WIDTH="30" HEIGHT="26" WC="0.96" CONTENT="på"/><SP WIDTH="12" VPOS="870" HPOS="788"/>
							<String ID="string_177" HPOS="800" VPOS="870" WIDTH="75" HEIGHT="25" WC="0.96" CONTENT="grund"/><SP WIDTH="13" VPOS="870" HPOS="875"/>
							<String ID="string_178" HPOS="888" VPOS="876" WIDTH="27" HEIGHT="14" WC="0.96" CONTENT="av"/><SP WIDTH="12" VPOS="876" HPOS="915"/>
							<String ID="string_179" HPOS="927" VPOS="870" WIDTH="111" HEIGHT="25" WC="0.96" CONTENT="sjukdom"/>
						</TextLine>
						<TextLine ID="line_22" HPOS="198" VPOS="899" WIDTH="840" HEIGHT="28">
							<String ID="string_180" HPOS="198" VPOS="901" WIDTH="53" HEIGHT="20" WC="0.95" CONTENT="från"/><SP WIDTH="14" VPOS="901" HPOS="251"/>
							<String ID="string_181" HPOS="265" VPOS="902" WIDTH="105" HEIGHT="25" WC="0.95" CONTENT="anslaget"/><SP WIDTH="12" VPOS="902" HPOS="370"/>
							<String ID="string_182" HPOS="382" VPOS="902" WIDTH="34" HEIGHT="19" WC="0.96" CONTENT="till"/><SP WIDTH="15" VPOS="902" HPOS="416"/>
							<String ID="string_183" HPOS="431" VPOS="902" WIDTH="89" HEIGHT="19" WC="0.96" CONTENT="diverse"/><SP WIDTH="13" VPOS="902" HPOS="520"/>
							<String ID="string_184" HPOS="533" VPOS="901" WIDTH="123" HEIGHT="25" WC="0.96" CONTENT="pensioner"/><SP WIDTH="12" VPOS="901" HPOS="656"/>
							<String ID="string_185" HPOS="668" VPOS="901" WIDTH="44" HEIGHT="20" WC="0.96" CONTENT="och"/><SP WIDTH="12" VPOS="901" HPOS="712"/>
							<String ID="string_186" HPOS="724" VPOS="900" WIDTH="127" HEIGHT="20" WC="0.93" CONTENT="understöd"/><SP WIDTH="14" VPOS="900" HPOS="851"/>
							<String ID="string_187" HPOS="865" VPOS="906" WIDTH="29" HEIGHT="14" WC="0.92" CONTENT="m."/><SP WIDTH="13" VPOS="906" HPOS="894"/>
							<String ID="string_188" HPOS="907" VPOS="906" WIDTH="30" HEIGHT="14" WC="0.91" CONTENT="m."/><SP WIDTH="12" VPOS="906" HPOS="937"/>
							<String ID="string_189" HPOS="949" VPOS="899" WIDTH="89" HEIGHT="21" WC="0.92" CONTENT="utbeta-"/>
						</TextLine>
						<TextLine ID="line_23" HPOS="197" VPOS="930" WIDTH="842" HEIGHT="26">
							<String ID="string_190" HPOS="197" VPOS="932" WIDTH="34" HEIGHT="20" WC="0.96" CONTENT="las"/><SP WIDTH="12" VPOS="932" HPOS="231"/>
							<String ID="string_191" HPOS="243" VPOS="931" WIDTH="137" HEIGHT="25" WC="0.95" CONTENT="ersättning,"/><SP WIDTH="12" VPOS="931" HPOS="380"/>
							<String ID="string_192" HPOS="392" VPOS="937" WIDTH="50" HEIGHT="14" WC="0.96" CONTENT="som"/><SP WIDTH="11" VPOS="937" HPOS="442"/>
							<String ID="string_193" HPOS="453" VPOS="937" WIDTH="38" HEIGHT="14" WC="0.96" CONTENT="om"/><SP WIDTH="13" VPOS="937" HPOS="491"/>
							<String ID="string_194" HPOS="504" VPOS="931" WIDTH="54" HEIGHT="20" WC="0.96" CONTENT="1927"/><SP WIDTH="13" VPOS="931" HPOS="558"/>
							<String ID="string_195" HPOS="571" VPOS="931" WIDTH="37" HEIGHT="20" WC="0.93" CONTENT="års"/><SP WIDTH="12" VPOS="931" HPOS="608"/>
							<String ID="string_196" HPOS="620" VPOS="930" WIDTH="371" HEIGHT="25" WC="0.91" CONTENT="militärersättningsförordning"/><SP WIDTH="10" VPOS="930" HPOS="991"/>
							<String ID="string_197" HPOS="1001" VPOS="935" WIDTH="38" HEIGHT="14" WC="0.90" CONTENT="va-"/>
						</TextLine>
						<TextLine ID="line_24" HPOS="197" VPOS="959" WIDTH="842" HEIGHT="27">
							<String ID="string_198" HPOS="197" VPOS="962" WIDTH="30" HEIGHT="19" WC="0.96" CONTENT="rit"/><SP WIDTH="17" VPOS="962" HPOS="227"/>
							<String ID="string_199" HPOS="244" VPOS="961" WIDTH="125" HEIGHT="25" WC="0.93" CONTENT="tillämplig"/><SP WIDTH="17" VPOS="961" HPOS="369"/>
							<String ID="string_200" HPOS="386" VPOS="961" WIDTH="13" HEIGHT="20" WC="0.92" CONTENT="å"/><SP WIDTH="18" VPOS="961" HPOS="399"/>
							<String ID="string_201" HPOS="417" VPOS="961" WIDTH="198" HEIGHT="25" WC="0.90" CONTENT="sjukdomsfallet,"/><SP WIDTH="18" VPOS="961" HPOS="615"/>
							<String ID="string_202" HPOS="633" VPOS="961" WIDTH="59" HEIGHT="19" WC="0.96" CONTENT="dock"/><SP WIDTH="17" VPOS="961" HPOS="692"/>
							<String ID="string_203" HPOS="709" VPOS="961" WIDTH="34" HEIGHT="20" WC="0.96" CONTENT="att"/><SP WIDTH="16" VPOS="961" HPOS="743"/>
							<String ID="string_204" HPOS="759" VPOS="960" WIDTH="134" HEIGHT="25" WC="0.96" CONTENT="ytterligare"/><SP WIDTH="16" VPOS="960" HPOS="893"/>
							<String ID="string_205" HPOS="909" VPOS="959" WIDTH="130" HEIGHT="25" WC="0.96" CONTENT="ersättning"/>
						</TextLine>
						<TextLine ID="line_25" HPOS="198" VPOS="989" WIDTH="742" HEIGHT="27">
							<String ID="string_206" HPOS="198" VPOS="991" WIDTH="51" HEIGHT="20" WC="0.96" CONTENT="icke"/><SP WIDTH="13" VPOS="991" HPOS="249"/>
							<String ID="string_207" HPOS="262" VPOS="991" WIDTH="38" HEIGHT="20" WC="0.96" CONTENT="må"/><SP WIDTH="11" VPOS="991" HPOS="300"/>
							<String ID="string_208" HPOS="311" VPOS="991" WIDTH="56" HEIGHT="25" WC="0.96" CONTENT="utgå"/><SP WIDTH="12" VPOS="991" HPOS="367"/>
							<String ID="string_209" HPOS="379" VPOS="991" WIDTH="34" HEIGHT="20" WC="0.96" CONTENT="till"/><SP WIDTH="13" VPOS="991" HPOS="413"/>
							<String ID="string_210" HPOS="426" VPOS="991" WIDTH="142" HEIGHT="25" WC="0.95" CONTENT="Magnusson"/><SP WIDTH="13" VPOS="991" HPOS="568"/>
							<String ID="string_211" HPOS="581" VPOS="990" WIDTH="36" HEIGHT="20" WC="0.95" CONTENT="för"/><SP WIDTH="11" VPOS="990" HPOS="617"/>
							<String ID="string_212" HPOS="628" VPOS="990" WIDTH="33" HEIGHT="20" WC="0.96" CONTENT="tid"/><SP WIDTH="14" VPOS="990" HPOS="661"/>
							<String ID="string_213" HPOS="675" VPOS="990" WIDTH="48" HEIGHT="20" WC="0.96" CONTENT="före"/><SP WIDTH="12" VPOS="990" HPOS="723"/>
							<String ID="string_214" HPOS="735" VPOS="991" WIDTH="44" HEIGHT="19" WC="0.96" CONTENT="den"/><SP WIDTH="14" VPOS="991" HPOS="779"/>
							<String ID="string_215" HPOS="793" VPOS="990" WIDTH="9" HEIGHT="20" WC="0.96" CONTENT="1"/><SP WIDTH="13" VPOS="990" HPOS="802"/>
							<String ID="string_216" HPOS="815" VPOS="990" WIDTH="49" HEIGHT="25" WC="0.96" CONTENT="jan."/><SP WIDTH="13" VPOS="990" HPOS="864"/>
							<String ID="string_217" HPOS="877" VPOS="989" WIDTH="63" HEIGHT="21" WC="0.95" CONTENT="1953."/>
						</TextLine>
					</TextBlock>
					<TextBlock ID="block_9" HPOS="170" VPOS="1019" WIDTH="870" HEIGHT="146">
						<TextLine ID="line_26" HPOS="170" VPOS="1019" WIDTH="868" HEIGHT="26">
							<String ID="string_218" HPOS="170" VPOS="1026" WIDTH="9" HEIGHT="14" WC="0.93" CONTENT="2"/><SP WIDTH="19" VPOS="1026" HPOS="179"/>
							<String ID="string_219" HPOS="198" VPOS="1021" WIDTH="39" HEIGHT="19" WC="0.91" CONTENT="RD"/><SP WIDTH="15" VPOS="1021" HPOS="237"/>
							<String ID="string_220" HPOS="252" VPOS="1021" WIDTH="124" HEIGHT="24" WC="0.91" CONTENT="medgiver,"/><SP WIDTH="14" VPOS="1021" HPOS="376"/>
							<String ID="string_221" HPOS="390" VPOS="1021" WIDTH="34" HEIGHT="19" WC="0.96" CONTENT="att"/><SP WIDTH="13" VPOS="1021" HPOS="424"/>
							<String ID="string_222" HPOS="437" VPOS="1021" WIDTH="35" HEIGHT="19" WC="0.93" CONTENT="till"/><SP WIDTH="14" VPOS="1021" HPOS="472"/>
							<String ID="string_223" HPOS="486" VPOS="1021" WIDTH="27" HEIGHT="19" WC="0.86" CONTENT="K."/><SP WIDTH="14" VPOS="1021" HPOS="513"/>
							<String ID="string_224" HPOS="527" VPOS="1021" WIDTH="24" HEIGHT="19" WC="0.89" CONTENT="E."/><SP WIDTH="15" VPOS="1021" HPOS="551"/>
							<String ID="string_225" HPOS="566" VPOS="1021" WIDTH="124" HEIGHT="24" WC="0.96" CONTENT="Engström"/><SP WIDTH="14" VPOS="1021" HPOS="690"/>
							<String ID="string_226" HPOS="704" VPOS="1020" WIDTH="38" HEIGHT="19" WC="0.95" CONTENT="må"/><SP WIDTH="13" VPOS="1020" HPOS="742"/>
							<String ID="string_227" HPOS="755" VPOS="1020" WIDTH="29" HEIGHT="24" WC="0.96" CONTENT="på"/><SP WIDTH="13" VPOS="1020" HPOS="784"/>
							<String ID="string_228" HPOS="797" VPOS="1020" WIDTH="75" HEIGHT="24" WC="0.96" CONTENT="grund"/><SP WIDTH="15" VPOS="1020" HPOS="872"/>
							<String ID="string_229" HPOS="887" VPOS="1026" WIDTH="27" HEIGHT="13" WC="0.96" CONTENT="av"/><SP WIDTH="14" VPOS="1026" HPOS="914"/>
							<String ID="string_230" HPOS="928" VPOS="1019" WIDTH="110" HEIGHT="24" WC="0.96" CONTENT="sjukdom"/>
						</TextLine>
						<TextLine ID="line_27" HPOS="198" VPOS="1048" WIDTH="841" HEIGHT="27">
							<String ID="string_231" HPOS="198" VPOS="1050" WIDTH="53" HEIGHT="20" WC="0.96" CONTENT="från"/><SP WIDTH="14" VPOS="1050" HPOS="251"/>
							<String ID="string_232" HPOS="265" VPOS="1050" WIDTH="105" HEIGHT="25" WC="0.95" CONTENT="anslaget"/><SP WIDTH="12" VPOS="1050" HPOS="370"/>
							<String ID="string_233" HPOS="382" VPOS="1050" WIDTH="35" HEIGHT="20" WC="0.96" CONTENT="till"/><SP WIDTH="13" VPOS="1050" HPOS="417"/>
							<String ID="string_234" HPOS="430" VPOS="1050" WIDTH="90" HEIGHT="20" WC="0.96" CONTENT="diverse"/><SP WIDTH="12" VPOS="1050" HPOS="520"/>
							<String ID="string_235" HPOS="532" VPOS="1050" WIDTH="124" HEIGHT="24" WC="0.96" CONTENT="pensioner"/><SP WIDTH="12" VPOS="1050" HPOS="656"/>
							<String ID="string_236" HPOS="668" VPOS="1049" WIDTH="43" HEIGHT="20" WC="0.96" CONTENT="och"/><SP WIDTH="13" VPOS="1049" HPOS="711"/>
							<String ID="string_237" HPOS="724" VPOS="1049" WIDTH="127" HEIGHT="20" WC="0.93" CONTENT="understöd"/><SP WIDTH="13" VPOS="1049" HPOS="851"/>
							<String ID="string_238" HPOS="864" VPOS="1055" WIDTH="30" HEIGHT="13" WC="0.91" CONTENT="m."/><SP WIDTH="13" VPOS="1055" HPOS="894"/>
							<String ID="string_239" HPOS="907" VPOS="1054" WIDTH="29" HEIGHT="15" WC="0.68" CONTENT="m."/><SP WIDTH="14" VPOS="1054" HPOS="936"/>
							<String ID="string_240" HPOS="950" VPOS="1048" WIDTH="89" HEIGHT="20" WC="0.92" CONTENT="utbeta-"/>
						</TextLine>
						<TextLine ID="line_28" HPOS="196" VPOS="1078" WIDTH="844" HEIGHT="27">
							<String ID="string_241" HPOS="196" VPOS="1080" WIDTH="35" HEIGHT="20" WC="0.96" CONTENT="las"/><SP WIDTH="20" VPOS="1080" HPOS="231"/>
							<String ID="string_242" HPOS="251" VPOS="1080" WIDTH="137" HEIGHT="25" WC="0.95" CONTENT="ersättning,"/><SP WIDTH="20" VPOS="1080" HPOS="388"/>
							<String ID="string_243" HPOS="408" VPOS="1085" WIDTH="50" HEIGHT="15" WC="0.96" CONTENT="som"/><SP WIDTH="20" VPOS="1085" HPOS="458"/>
							<String ID="string_244" HPOS="478" VPOS="1085" WIDTH="37" HEIGHT="14" WC="0.96" CONTENT="om"/><SP WIDTH="22" VPOS="1085" HPOS="515"/>
							<String ID="string_245" HPOS="537" VPOS="1079" WIDTH="55" HEIGHT="20" WC="0.96" CONTENT="1909"/><SP WIDTH="20" VPOS="1079" HPOS="592"/>
							<String ID="string_246" HPOS="612" VPOS="1079" WIDTH="37" HEIGHT="20" WC="0.93" CONTENT="års"/><SP WIDTH="21" VPOS="1079" HPOS="649"/>
							<String ID="string_247" HPOS="670" VPOS="1078" WIDTH="370" HEIGHT="25" WC="0.90" CONTENT="militärersättningsförordning"/>
						</TextLine>
						<TextLine ID="line_29" HPOS="197" VPOS="1107" WIDTH="842" HEIGHT="27">
							<String ID="string_248" HPOS="197" VPOS="1110" WIDTH="60" HEIGHT="20" WC="0.96" CONTENT="varit"/><SP WIDTH="18" VPOS="1110" HPOS="257"/>
							<String ID="string_249" HPOS="275" VPOS="1109" WIDTH="123" HEIGHT="25" WC="0.91" CONTENT="tillämplig"/><SP WIDTH="18" VPOS="1109" HPOS="398"/>
							<String ID="string_250" HPOS="416" VPOS="1109" WIDTH="13" HEIGHT="20" WC="0.91" CONTENT="å"/><SP WIDTH="17" VPOS="1109" HPOS="429"/>
							<String ID="string_251" HPOS="446" VPOS="1109" WIDTH="198" HEIGHT="24" WC="0.91" CONTENT="sjukdomsfallet,"/><SP WIDTH="18" VPOS="1109" HPOS="644"/>
							<String ID="string_252" HPOS="662" VPOS="1109" WIDTH="59" HEIGHT="19" WC="0.96" CONTENT="dock"/><SP WIDTH="17" VPOS="1109" HPOS="721"/>
							<String ID="string_253" HPOS="738" VPOS="1110" WIDTH="34" HEIGHT="19" WC="0.96" CONTENT="att"/><SP WIDTH="16" VPOS="1110" HPOS="772"/>
							<String ID="string_254" HPOS="788" VPOS="1108" WIDTH="130" HEIGHT="25" WC="0.96" CONTENT="ersättning"/><SP WIDTH="16" VPOS="1108" HPOS="918"/>
							<String ID="string_255" HPOS="934" VPOS="1107" WIDTH="51" HEIGHT="21" WC="0.96" CONTENT="icke"/><SP WIDTH="16" VPOS="1107" HPOS="985"/>
							<String ID="string_256" HPOS="1001" VPOS="1108" WIDTH="38" HEIGHT="19" WC="0.96" CONTENT="må"/>
						</TextLine>
						<TextLine ID="line_30" HPOS="197" VPOS="1138" WIDTH="589" HEIGHT="27">
							<String ID="string_257" HPOS="197" VPOS="1139" WIDTH="55" HEIGHT="26" WC="0.96" CONTENT="utgå"/><SP WIDTH="9" VPOS="1139" HPOS="252"/>
							<String ID="string_258" HPOS="261" VPOS="1140" WIDTH="35" HEIGHT="19" WC="0.94" CONTENT="till"/><SP WIDTH="11" VPOS="1140" HPOS="296"/>
							<String ID="string_259" HPOS="307" VPOS="1140" WIDTH="124" HEIGHT="24" WC="0.96" CONTENT="Engström"/><SP WIDTH="10" VPOS="1140" HPOS="431"/>
							<String ID="string_260" HPOS="441" VPOS="1139" WIDTH="36" HEIGHT="19" WC="0.96" CONTENT="för"/><SP WIDTH="9" VPOS="1139" HPOS="477"/>
							<String ID="string_261" HPOS="486" VPOS="1139" WIDTH="33" HEIGHT="20" WC="0.96" CONTENT="tid"/><SP WIDTH="11" VPOS="1139" HPOS="519"/>
							<String ID="string_262" HPOS="530" VPOS="1138" WIDTH="49" HEIGHT="20" WC="0.96" CONTENT="före"/><SP WIDTH="10" VPOS="1138" HPOS="579"/>
							<String ID="string_263" HPOS="589" VPOS="1139" WIDTH="43" HEIGHT="19" WC="0.96" CONTENT="den"/><SP WIDTH="12" VPOS="1139" HPOS="632"/>
							<String ID="string_264" HPOS="644" VPOS="1139" WIDTH="8" HEIGHT="19" WC="0.96" CONTENT="1"/><SP WIDTH="12" VPOS="1139" HPOS="652"/>
							<String ID="string_265" HPOS="664" VPOS="1138" WIDTH="48" HEIGHT="25" WC="0.96" CONTENT="jan."/><SP WIDTH="11" VPOS="1138" HPOS="712"/>
							<String ID="string_266" HPOS="723" VPOS="1138" WIDTH="63" HEIGHT="20" WC="0.96" CONTENT="1953."/>
						</TextLine>
					</TextBlock>
					<TextBlock ID="block_10" HPOS="169" VPOS="1167" WIDTH="871" HEIGHT="234">
						<TextLine ID="line_31" HPOS="169" VPOS="1167" WIDTH="870" HEIGHT="26">
							<String ID="string_267" HPOS="169" VPOS="1175" WIDTH="10" HEIGHT="14" WC="0.93" CONTENT="3"/><SP WIDTH="19" VPOS="1175" HPOS="179"/>
							<String ID="string_268" HPOS="198" VPOS="1169" WIDTH="39" HEIGHT="20" WC="0.89" CONTENT="RD"/><SP WIDTH="16" VPOS="1169" HPOS="237"/>
							<String ID="string_269" HPOS="253" VPOS="1170" WIDTH="96" HEIGHT="23" WC="0.96" CONTENT="antager"/><SP WIDTH="15" VPOS="1170" HPOS="349"/>
							<String ID="string_270" HPOS="364" VPOS="1169" WIDTH="137" HEIGHT="24" WC="0.96" CONTENT="förordning"/><SP WIDTH="14" VPOS="1169" HPOS="501"/>
							<String ID="string_271" HPOS="515" VPOS="1174" WIDTH="38" HEIGHT="14" WC="0.96" CONTENT="om"/><SP WIDTH="15" VPOS="1174" HPOS="553"/>
							<String ID="string_272" HPOS="568" VPOS="1168" WIDTH="88" HEIGHT="20" WC="0.96" CONTENT="ändrad"/><SP WIDTH="16" VPOS="1168" HPOS="656"/>
							<String ID="string_273" HPOS="672" VPOS="1168" WIDTH="86" HEIGHT="24" WC="0.96" CONTENT="lydelse"/><SP WIDTH="14" VPOS="1168" HPOS="758"/>
							<String ID="string_274" HPOS="772" VPOS="1173" WIDTH="28" HEIGHT="14" WC="0.96" CONTENT="av"/><SP WIDTH="14" VPOS="1173" HPOS="800"/>
							<String ID="string_275" HPOS="814" VPOS="1168" WIDTH="12" HEIGHT="20" WC="0.96" CONTENT="9"/><SP WIDTH="17" VPOS="1168" HPOS="826"/>
							<String ID="string_276" HPOS="843" VPOS="1168" WIDTH="9" HEIGHT="22" WC="0.68" CONTENT="8"/><SP WIDTH="16" VPOS="1168" HPOS="852"/>
							<String ID="string_277" HPOS="868" VPOS="1167" WIDTH="171" HEIGHT="20" WC="0.91" CONTENT="militärersätt-"/>
						</TextLine>
						<TextLine ID="line_32" HPOS="197" VPOS="1197" WIDTH="842" HEIGHT="27">
							<String ID="string_278" HPOS="197" VPOS="1198" WIDTH="238" HEIGHT="26" WC="0.91" CONTENT="ningsförordningen"/><SP WIDTH="12" VPOS="1198" HPOS="435"/>
							<String ID="string_279" HPOS="447" VPOS="1198" WIDTH="44" HEIGHT="20" WC="0.96" CONTENT="den"/><SP WIDTH="11" VPOS="1198" HPOS="491"/>
							<String ID="string_280" HPOS="502" VPOS="1198" WIDTH="13" HEIGHT="20" WC="0.95" CONTENT="2"/><SP WIDTH="11" VPOS="1198" HPOS="515"/>
							<String ID="string_281" HPOS="526" VPOS="1198" WIDTH="52" HEIGHT="24" WC="0.96" CONTENT="juni"/><SP WIDTH="14" VPOS="1198" HPOS="578"/>
							<String ID="string_282" HPOS="592" VPOS="1197" WIDTH="54" HEIGHT="20" WC="0.96" CONTENT="1950"/><SP WIDTH="15" VPOS="1197" HPOS="646"/>
							<String ID="string_283" HPOS="661" VPOS="1197" WIDTH="39" HEIGHT="23" WC="0.96" CONTENT="(nr"/><SP WIDTH="11" VPOS="1197" HPOS="700"/>
							<String ID="string_284" HPOS="711" VPOS="1197" WIDTH="64" HEIGHT="24" WC="0.95" CONTENT="261),"/><SP WIDTH="12" VPOS="1197" HPOS="775"/>
							<String ID="string_285" HPOS="787" VPOS="1197" WIDTH="137" HEIGHT="25" WC="0.95" CONTENT="förordning"/><SP WIDTH="10" VPOS="1197" HPOS="924"/>
							<String ID="string_286" HPOS="934" VPOS="1203" WIDTH="38" HEIGHT="14" WC="0.92" CONTENT="om"/><SP WIDTH="11" VPOS="1203" HPOS="972"/>
							<String ID="string_287" HPOS="983" VPOS="1197" WIDTH="56" HEIGHT="20" WC="0.92" CONTENT="änd-"/>
						</TextLine>
						<TextLine ID="line_33" HPOS="198" VPOS="1226" WIDTH="842" HEIGHT="27">
							<String ID="string_288" HPOS="198" VPOS="1228" WIDTH="51" HEIGHT="25" WC="0.96" CONTENT="ring"/><SP WIDTH="15" VPOS="1228" HPOS="249"/>
							<String ID="string_289" HPOS="264" VPOS="1228" WIDTH="6" HEIGHT="19" WC="0.96" CONTENT="i"/><SP WIDTH="16" VPOS="1228" HPOS="270"/>
							<String ID="string_290" HPOS="286" VPOS="1228" WIDTH="167" HEIGHT="24" WC="0.96" CONTENT="förordningen"/><SP WIDTH="15" VPOS="1228" HPOS="453"/>
							<String ID="string_291" HPOS="468" VPOS="1227" WIDTH="44" HEIGHT="20" WC="0.96" CONTENT="den"/><SP WIDTH="15" VPOS="1227" HPOS="512"/>
							<String ID="string_292" HPOS="527" VPOS="1227" WIDTH="12" HEIGHT="20" WC="0.96" CONTENT="2"/><SP WIDTH="15" VPOS="1227" HPOS="539"/>
							<String ID="string_293" HPOS="554" VPOS="1226" WIDTH="52" HEIGHT="25" WC="0.96" CONTENT="juni"/><SP WIDTH="16" VPOS="1226" HPOS="606"/>
							<String ID="string_294" HPOS="622" VPOS="1226" WIDTH="54" HEIGHT="21" WC="0.96" CONTENT="1950"/><SP WIDTH="19" VPOS="1226" HPOS="676"/>
							<String ID="string_295" HPOS="695" VPOS="1227" WIDTH="39" HEIGHT="23" WC="0.96" CONTENT="(nr"/><SP WIDTH="16" VPOS="1227" HPOS="734"/>
							<String ID="string_296" HPOS="750" VPOS="1226" WIDTH="53" HEIGHT="23" WC="0.96" CONTENT="262)"/><SP WIDTH="18" VPOS="1226" HPOS="803"/>
							<String ID="string_297" HPOS="821" VPOS="1231" WIDTH="51" HEIGHT="20" WC="0.93" CONTENT="ang."/><SP WIDTH="15" VPOS="1231" HPOS="872"/>
							<String ID="string_298" HPOS="887" VPOS="1226" WIDTH="153" HEIGHT="25" WC="0.91" CONTENT="omreglering"/>
						</TextLine>
						<TextLine ID="line_34" HPOS="198" VPOS="1256" WIDTH="841" HEIGHT="26">
							<String ID="string_299" HPOS="198" VPOS="1264" WIDTH="28" HEIGHT="14" WC="0.96" CONTENT="av"/><SP WIDTH="14" VPOS="1264" HPOS="226"/>
							<String ID="string_300" HPOS="240" VPOS="1258" WIDTH="62" HEIGHT="20" WC="0.96" CONTENT="vissa"/><SP WIDTH="14" VPOS="1258" HPOS="302"/>
							<String ID="string_301" HPOS="316" VPOS="1258" WIDTH="157" HEIGHT="24" WC="0.96" CONTENT="ersättningar"/><SP WIDTH="14" VPOS="1258" HPOS="473"/>
							<String ID="string_302" HPOS="487" VPOS="1258" WIDTH="7" HEIGHT="19" WC="0.93" CONTENT="i"/><SP WIDTH="15" VPOS="1258" HPOS="494"/>
							<String ID="string_303" HPOS="509" VPOS="1257" WIDTH="45" HEIGHT="20" WC="0.90" CONTENT="anl."/><SP WIDTH="15" VPOS="1257" HPOS="554"/>
							<String ID="string_304" HPOS="569" VPOS="1263" WIDTH="28" HEIGHT="14" WC="0.96" CONTENT="av"/><SP WIDTH="14" VPOS="1263" HPOS="597"/>
							<String ID="string_305" HPOS="611" VPOS="1257" WIDTH="169" HEIGHT="24" WC="0.92" CONTENT="kroppsskada,"/><SP WIDTH="15" VPOS="1257" HPOS="780"/>
							<String ID="string_306" HPOS="795" VPOS="1256" WIDTH="101" HEIGHT="25" WC="0.92" CONTENT="ådragen"/><SP WIDTH="13" VPOS="1256" HPOS="896"/>
							<String ID="string_307" HPOS="909" VPOS="1256" WIDTH="75" HEIGHT="20" WC="0.93" CONTENT="under"/><SP WIDTH="14" VPOS="1256" HPOS="984"/>
							<String ID="string_308" HPOS="998" VPOS="1257" WIDTH="41" HEIGHT="19" WC="0.91" CONTENT="mi-"/>
						</TextLine>
						<TextLine ID="line_35" HPOS="198" VPOS="1285" WIDTH="841" HEIGHT="27">
							<String ID="string_309" HPOS="198" VPOS="1287" WIDTH="219" HEIGHT="25" WC="0.91" CONTENT="litärtjänstgöring,"/><SP WIDTH="15" VPOS="1287" HPOS="417"/>
							<String ID="string_310" HPOS="432" VPOS="1288" WIDTH="60" HEIGHT="19" WC="0.96" CONTENT="samt"/><SP WIDTH="14" VPOS="1288" HPOS="492"/>
							<String ID="string_311" HPOS="506" VPOS="1286" WIDTH="137" HEIGHT="25" WC="0.96" CONTENT="förordning"/><SP WIDTH="13" VPOS="1286" HPOS="643"/>
							<String ID="string_312" HPOS="656" VPOS="1292" WIDTH="38" HEIGHT="14" WC="0.96" CONTENT="om"/><SP WIDTH="14" VPOS="1292" HPOS="694"/>
							<String ID="string_313" HPOS="708" VPOS="1286" WIDTH="88" HEIGHT="20" WC="0.96" CONTENT="ändrad"/><SP WIDTH="14" VPOS="1286" HPOS="796"/>
							<String ID="string_314" HPOS="810" VPOS="1286" WIDTH="86" HEIGHT="25" WC="0.96" CONTENT="lydelse"/><SP WIDTH="13" VPOS="1286" HPOS="896"/>
							<String ID="string_315" HPOS="909" VPOS="1292" WIDTH="28" HEIGHT="14" WC="0.93" CONTENT="av"/><SP WIDTH="13" VPOS="1292" HPOS="937"/>
							<String ID="string_316" HPOS="950" VPOS="1285" WIDTH="89" HEIGHT="21" WC="0.91" CONTENT="förord-"/>
						</TextLine>
						<TextLine ID="line_36" HPOS="198" VPOS="1315" WIDTH="841" HEIGHT="27">
							<String ID="string_317" HPOS="198" VPOS="1317" WIDTH="86" HEIGHT="25" WC="0.96" CONTENT="ningen"/><SP WIDTH="16" VPOS="1317" HPOS="284"/>
							<String ID="string_318" HPOS="300" VPOS="1317" WIDTH="44" HEIGHT="20" WC="0.96" CONTENT="den"/><SP WIDTH="16" VPOS="1317" HPOS="344"/>
							<String ID="string_319" HPOS="360" VPOS="1317" WIDTH="12" HEIGHT="19" WC="0.96" CONTENT="2"/><SP WIDTH="16" VPOS="1317" HPOS="372"/>
							<String ID="string_320" HPOS="388" VPOS="1316" WIDTH="52" HEIGHT="25" WC="0.96" CONTENT="juni"/><SP WIDTH="18" VPOS="1316" HPOS="440"/>
							<String ID="string_321" HPOS="458" VPOS="1316" WIDTH="55" HEIGHT="20" WC="0.96" CONTENT="1950"/><SP WIDTH="20" VPOS="1316" HPOS="513"/>
							<String ID="string_322" HPOS="533" VPOS="1316" WIDTH="39" HEIGHT="23" WC="0.96" CONTENT="(nr"/><SP WIDTH="15" VPOS="1316" HPOS="572"/>
							<String ID="string_323" HPOS="587" VPOS="1316" WIDTH="53" HEIGHT="24" WC="0.96" CONTENT="263)"/><SP WIDTH="20" VPOS="1316" HPOS="640"/>
							<String ID="string_324" HPOS="660" VPOS="1322" WIDTH="38" HEIGHT="14" WC="0.96" CONTENT="om"/><SP WIDTH="15" VPOS="1322" HPOS="698"/>
							<String ID="string_325" HPOS="713" VPOS="1316" WIDTH="155" HEIGHT="24" WC="0.96" CONTENT="upphävande"/><SP WIDTH="15" VPOS="1316" HPOS="868"/>
							<String ID="string_326" HPOS="883" VPOS="1322" WIDTH="28" HEIGHT="13" WC="0.95" CONTENT="av"/><SP WIDTH="15" VPOS="1322" HPOS="911"/>
							<String ID="string_327" HPOS="926" VPOS="1316" WIDTH="61" HEIGHT="19" WC="0.93" CONTENT="vissa"/><SP WIDTH="15" VPOS="1316" HPOS="987"/>
							<String ID="string_328" HPOS="1002" VPOS="1315" WIDTH="37" HEIGHT="20" WC="0.90" CONTENT="be-"/>
						</TextLine>
						<TextLine ID="line_37" HPOS="198" VPOS="1345" WIDTH="841" HEIGHT="26">
							<String ID="string_329" HPOS="198" VPOS="1347" WIDTH="146" HEIGHT="20" WC="0.91" CONTENT="stämmelser"/><SP WIDTH="12" VPOS="1347" HPOS="344"/>
							<String ID="string_330" HPOS="356" VPOS="1351" WIDTH="51" HEIGHT="20" WC="0.96" CONTENT="ang."/><SP WIDTH="11" VPOS="1351" HPOS="407"/>
							<String ID="string_331" HPOS="418" VPOS="1346" WIDTH="130" HEIGHT="25" WC="0.95" CONTENT="ersättning"/><SP WIDTH="11" VPOS="1346" HPOS="548"/>
							<String ID="string_332" HPOS="559" VPOS="1346" WIDTH="7" HEIGHT="20" WC="0.92" CONTENT="i"/><SP WIDTH="11" VPOS="1346" HPOS="566"/>
							<String ID="string_333" HPOS="577" VPOS="1346" WIDTH="45" HEIGHT="20" WC="0.90" CONTENT="anl."/><SP WIDTH="12" VPOS="1346" HPOS="622"/>
							<String ID="string_334" HPOS="634" VPOS="1352" WIDTH="28" HEIGHT="14" WC="0.96" CONTENT="av"/><SP WIDTH="11" VPOS="1352" HPOS="662"/>
							<String ID="string_335" HPOS="673" VPOS="1345" WIDTH="169" HEIGHT="25" WC="0.93" CONTENT="kroppsskada,"/><SP WIDTH="11" VPOS="1345" HPOS="842"/>
							<String ID="string_336" HPOS="853" VPOS="1345" WIDTH="101" HEIGHT="26" WC="0.92" CONTENT="ådragen"/><SP WIDTH="11" VPOS="1345" HPOS="954"/>
							<String ID="string_337" HPOS="965" VPOS="1345" WIDTH="74" HEIGHT="20" WC="0.96" CONTENT="under"/>
						</TextLine>
						<TextLine ID="line_38" HPOS="197" VPOS="1376" WIDTH="333" HEIGHT="25">
							<String ID="string_338" HPOS="197" VPOS="1376" WIDTH="253" HEIGHT="25" WC="0.91" CONTENT="militärtjänstgöring,"/><SP WIDTH="10" VPOS="1376" HPOS="450"/>
							<String ID="string_339" HPOS="460" VPOS="1381" WIDTH="30" HEIGHT="15" WC="0.87" CONTENT="m."/><SP WIDTH="10" VPOS="1381" HPOS="490"/>
							<String ID="string_340" HPOS="500" VPOS="1381" WIDTH="30" HEIGHT="15" WC="0.91" CONTENT="m."/>
						</TextLine>
					</TextBlock>
					<TextBlock ID="block_11" HPOS="171" VPOS="1405" WIDTH="868" HEIGHT="354">
						<TextLine ID="line_39" HPOS="171" VPOS="1405" WIDTH="867" HEIGHT="26">
							<String ID="string_341" HPOS="171" VPOS="1412" WIDTH="10" HEIGHT="14" WC="0.92" CONTENT="4"/><SP WIDTH="18" VPOS="1412" HPOS="181"/>
							<String ID="string_342" HPOS="199" VPOS="1407" WIDTH="39" HEIGHT="20" WC="0.91" CONTENT="RD"/><SP WIDTH="14" VPOS="1407" HPOS="238"/>
							<String ID="string_343" HPOS="252" VPOS="1406" WIDTH="123" HEIGHT="25" WC="0.90" CONTENT="medgiver,"/><SP WIDTH="12" VPOS="1406" HPOS="375"/>
							<String ID="string_344" HPOS="387" VPOS="1406" WIDTH="34" HEIGHT="20" WC="0.96" CONTENT="att"/><SP WIDTH="12" VPOS="1406" HPOS="421"/>
							<String ID="string_345" HPOS="433" VPOS="1405" WIDTH="34" HEIGHT="20" WC="0.93" CONTENT="till"/><SP WIDTH="13" VPOS="1405" HPOS="467"/>
							<String ID="string_346" HPOS="480" VPOS="1406" WIDTH="22" HEIGHT="20" WC="0.88" CONTENT="C."/><SP WIDTH="12" VPOS="1406" HPOS="502"/>
							<String ID="string_347" HPOS="514" VPOS="1405" WIDTH="26" HEIGHT="20" WC="0.88" CONTENT="A."/><SP WIDTH="13" VPOS="1405" HPOS="540"/>
							<String ID="string_348" HPOS="553" VPOS="1405" WIDTH="25" HEIGHT="20" WC="0.91" CONTENT="V."/><SP WIDTH="12" VPOS="1405" HPOS="578"/>
							<String ID="string_349" HPOS="590" VPOS="1405" WIDTH="125" HEIGHT="25" WC="0.96" CONTENT="Hagström"/><SP WIDTH="13" VPOS="1405" HPOS="715"/>
							<String ID="string_350" HPOS="728" VPOS="1405" WIDTH="44" HEIGHT="24" WC="0.96" CONTENT="må,"/><SP WIDTH="12" VPOS="1405" HPOS="772"/>
							<String ID="string_351" HPOS="784" VPOS="1405" WIDTH="84" HEIGHT="20" WC="0.96" CONTENT="räknat"/><SP WIDTH="12" VPOS="1405" HPOS="868"/>
							<String ID="string_352" HPOS="880" VPOS="1405" WIDTH="28" HEIGHT="20" WC="0.93" CONTENT="fr."/><SP WIDTH="12" VPOS="1405" HPOS="908"/>
							<String ID="string_353" HPOS="920" VPOS="1411" WIDTH="20" HEIGHT="14" WC="0.89" CONTENT="o."/><SP WIDTH="12" VPOS="1411" HPOS="940"/>
							<String ID="string_354" HPOS="952" VPOS="1411" WIDTH="30" HEIGHT="14" WC="0.79" CONTENT="m."/><SP WIDTH="12" VPOS="1411" HPOS="982"/>
							<String ID="string_355" HPOS="994" VPOS="1405" WIDTH="44" HEIGHT="20" WC="0.96" CONTENT="den"/>
						</TextLine>
						<TextLine ID="line_40" HPOS="200" VPOS="1434" WIDTH="839" HEIGHT="27">
							<String ID="string_356" HPOS="200" VPOS="1437" WIDTH="9" HEIGHT="19" WC="0.95" CONTENT="1"/><SP WIDTH="15" VPOS="1437" HPOS="209"/>
							<String ID="string_357" HPOS="224" VPOS="1436" WIDTH="44" HEIGHT="25" WC="0.95" CONTENT="juli"/><SP WIDTH="15" VPOS="1436" HPOS="268"/>
							<String ID="string_358" HPOS="283" VPOS="1435" WIDTH="63" HEIGHT="24" WC="0.96" CONTENT="1946,"/><SP WIDTH="12" VPOS="1435" HPOS="346"/>
							<String ID="string_359" HPOS="358" VPOS="1435" WIDTH="53" HEIGHT="20" WC="0.95" CONTENT="från"/><SP WIDTH="13" VPOS="1435" HPOS="411"/>
							<String ID="string_360" HPOS="424" VPOS="1435" WIDTH="105" HEIGHT="25" WC="0.95" CONTENT="anslaget"/><SP WIDTH="12" VPOS="1435" HPOS="529"/>
							<String ID="string_361" HPOS="541" VPOS="1434" WIDTH="81" HEIGHT="26" WC="0.96" CONTENT="bidrag"/><SP WIDTH="13" VPOS="1434" HPOS="622"/>
							<String ID="string_362" HPOS="635" VPOS="1435" WIDTH="34" HEIGHT="20" WC="0.96" CONTENT="till"/><SP WIDTH="13" VPOS="1435" HPOS="669"/>
							<String ID="string_363" HPOS="682" VPOS="1435" WIDTH="130" HEIGHT="25" WC="0.96" CONTENT="ersättning"/><SP WIDTH="12" VPOS="1435" HPOS="812"/>
							<String ID="string_364" HPOS="824" VPOS="1435" WIDTH="7" HEIGHT="20" WC="0.93" CONTENT="i"/><SP WIDTH="13" VPOS="1435" HPOS="831"/>
							<String ID="string_365" HPOS="844" VPOS="1435" WIDTH="45" HEIGHT="20" WC="0.91" CONTENT="anl."/><SP WIDTH="13" VPOS="1435" HPOS="889"/>
							<String ID="string_366" HPOS="902" VPOS="1441" WIDTH="28" HEIGHT="14" WC="0.92" CONTENT="av"/><SP WIDTH="12" VPOS="1441" HPOS="930"/>
							<String ID="string_367" HPOS="942" VPOS="1435" WIDTH="97" HEIGHT="24" WC="0.91" CONTENT="kropps-"/>
						</TextLine>
						<TextLine ID="line_41" HPOS="198" VPOS="1464" WIDTH="841" HEIGHT="26">
							<String ID="string_368" HPOS="198" VPOS="1466" WIDTH="80" HEIGHT="23" WC="0.93" CONTENT="skada,"/><SP WIDTH="16" VPOS="1466" HPOS="278"/>
							<String ID="string_369" HPOS="294" VPOS="1465" WIDTH="101" HEIGHT="25" WC="0.92" CONTENT="ådragen"/><SP WIDTH="15" VPOS="1465" HPOS="395"/>
							<String ID="string_370" HPOS="410" VPOS="1465" WIDTH="74" HEIGHT="20" WC="0.93" CONTENT="under"/><SP WIDTH="16" VPOS="1465" HPOS="484"/>
							<String ID="string_371" HPOS="500" VPOS="1465" WIDTH="253" HEIGHT="24" WC="0.91" CONTENT="militärtjänstgöring,"/><SP WIDTH="15" VPOS="1465" HPOS="753"/>
							<String ID="string_372" HPOS="768" VPOS="1464" WIDTH="115" HEIGHT="21" WC="0.96" CONTENT="utbetalas"/><SP WIDTH="16" VPOS="1464" HPOS="883"/>
							<String ID="string_373" HPOS="899" VPOS="1465" WIDTH="44" HEIGHT="20" WC="0.93" CONTENT="den"/><SP WIDTH="15" VPOS="1465" HPOS="943"/>
							<String ID="string_374" HPOS="958" VPOS="1465" WIDTH="81" HEIGHT="20" WC="0.92" CONTENT="ersätt-"/>
						</TextLine>
						<TextLine ID="line_42" HPOS="198" VPOS="1494" WIDTH="841" HEIGHT="28">
							<String ID="string_375" HPOS="198" VPOS="1496" WIDTH="56" HEIGHT="24" WC="0.96" CONTENT="ning"/><SP WIDTH="13" VPOS="1496" HPOS="254"/>
							<String ID="string_376" HPOS="267" VPOS="1501" WIDTH="51" HEIGHT="14" WC="0.96" CONTENT="som"/><SP WIDTH="12" VPOS="1501" HPOS="318"/>
							<String ID="string_377" HPOS="330" VPOS="1495" WIDTH="75" HEIGHT="27" WC="0.96" CONTENT="skulle"/><SP WIDTH="12" VPOS="1495" HPOS="405"/>
							<String ID="string_378" HPOS="417" VPOS="1495" WIDTH="31" HEIGHT="20" WC="0.96" CONTENT="ha"/><SP WIDTH="12" VPOS="1495" HPOS="448"/>
							<String ID="string_379" HPOS="460" VPOS="1495" WIDTH="136" HEIGHT="20" WC="0.95" CONTENT="tillkommit"/><SP WIDTH="12" VPOS="1495" HPOS="596"/>
							<String ID="string_380" HPOS="608" VPOS="1495" WIDTH="87" HEIGHT="20" WC="0.96" CONTENT="honom"/><SP WIDTH="12" VPOS="1495" HPOS="695"/>
							<String ID="string_381" HPOS="707" VPOS="1495" WIDTH="78" HEIGHT="20" WC="0.96" CONTENT="därest"/><SP WIDTH="14" VPOS="1495" HPOS="785"/>
							<String ID="string_382" HPOS="799" VPOS="1495" WIDTH="54" HEIGHT="20" WC="0.96" CONTENT="1927"/><SP WIDTH="13" VPOS="1495" HPOS="853"/>
							<String ID="string_383" HPOS="866" VPOS="1494" WIDTH="38" HEIGHT="20" WC="0.92" CONTENT="års"/><SP WIDTH="13" VPOS="1494" HPOS="904"/>
							<String ID="string_384" HPOS="917" VPOS="1494" WIDTH="122" HEIGHT="21" WC="0.92" CONTENT="militärer-"/>
						</TextLine>
						<TextLine ID="line_43" HPOS="198" VPOS="1523" WIDTH="841" HEIGHT="28">
							<String ID="string_385" HPOS="198" VPOS="1523" WIDTH="255" HEIGHT="28" WC="0.92" CONTENT="sättningsförordning"/><SP WIDTH="14" VPOS="1523" HPOS="453"/>
							<String ID="string_386" HPOS="467" VPOS="1525" WIDTH="7" HEIGHT="20" WC="0.96" CONTENT="i"/><SP WIDTH="14" VPOS="1525" HPOS="474"/>
							<String ID="string_387" HPOS="488" VPOS="1524" WIDTH="153" HEIGHT="21" WC="0.95" CONTENT="förevarande"/><SP WIDTH="15" VPOS="1524" HPOS="641"/>
							<String ID="string_388" HPOS="656" VPOS="1524" WIDTH="41" HEIGHT="21" WC="0.95" CONTENT="fall"/><SP WIDTH="13" VPOS="1524" HPOS="697"/>
							<String ID="string_389" HPOS="710" VPOS="1525" WIDTH="61" HEIGHT="20" WC="0.96" CONTENT="varit"/><SP WIDTH="13" VPOS="1525" HPOS="771"/>
							<String ID="string_390" HPOS="784" VPOS="1524" WIDTH="134" HEIGHT="25" WC="0.96" CONTENT="tillämplig;"/><SP WIDTH="15" VPOS="1524" HPOS="918"/>
							<String ID="string_391" HPOS="933" VPOS="1524" WIDTH="59" HEIGHT="20" WC="0.96" CONTENT="dock"/><SP WIDTH="13" VPOS="1524" HPOS="992"/>
							<String ID="string_392" HPOS="1005" VPOS="1524" WIDTH="34" HEIGHT="21" WC="0.96" CONTENT="att"/>
						</TextLine>
						<TextLine ID="line_44" HPOS="198" VPOS="1554" WIDTH="840" HEIGHT="26">
							<String ID="string_393" HPOS="198" VPOS="1556" WIDTH="82" HEIGHT="20" WC="0.96" CONTENT="därvid"/><SP WIDTH="11" VPOS="1556" HPOS="280"/>
							<String ID="string_394" HPOS="291" VPOS="1555" WIDTH="59" HEIGHT="20" WC="0.93" CONTENT="skall"/><SP WIDTH="12" VPOS="1555" HPOS="350"/>
							<String ID="string_395" HPOS="362" VPOS="1555" WIDTH="112" HEIGHT="25" WC="0.92" CONTENT="avdragas"/><SP WIDTH="11" VPOS="1555" HPOS="474"/>
							<String ID="string_396" HPOS="485" VPOS="1555" WIDTH="38" HEIGHT="20" WC="0.96" CONTENT="det"/><SP WIDTH="10" VPOS="1555" HPOS="523"/>
							<String ID="string_397" HPOS="533" VPOS="1554" WIDTH="83" HEIGHT="25" WC="0.96" CONTENT="belopp"/><SP WIDTH="11" VPOS="1554" HPOS="616"/>
							<String ID="string_398" HPOS="627" VPOS="1560" WIDTH="27" HEIGHT="14" WC="0.96" CONTENT="av"/><SP WIDTH="11" VPOS="1560" HPOS="654"/>
							<String ID="string_399" HPOS="665" VPOS="1554" WIDTH="12" HEIGHT="20" WC="0.95" CONTENT="5"/><SP WIDTH="10" VPOS="1554" HPOS="677"/>
							<String ID="string_400" HPOS="687" VPOS="1554" WIDTH="41" HEIGHT="21" WC="0.93" CONTENT="000"/><SP WIDTH="11" VPOS="1554" HPOS="728"/>
							<String ID="string_401" HPOS="739" VPOS="1554" WIDTH="42" HEIGHT="23" WC="0.91" CONTENT="kr.,"/><SP WIDTH="11" VPOS="1554" HPOS="781"/>
							<String ID="string_402" HPOS="792" VPOS="1560" WIDTH="50" HEIGHT="14" WC="0.96" CONTENT="som"/><SP WIDTH="10" VPOS="1560" HPOS="842"/>
							<String ID="string_403" HPOS="852" VPOS="1559" WIDTH="83" HEIGHT="20" WC="0.91" CONTENT="genom"/><SP WIDTH="9" VPOS="1559" HPOS="935"/>
							<String ID="string_404" HPOS="944" VPOS="1554" WIDTH="27" HEIGHT="20" WC="0.91" CONTENT="K."/><SP WIDTH="10" VPOS="1554" HPOS="971"/>
							<String ID="string_405" HPOS="981" VPOS="1554" WIDTH="57" HEIGHT="20" WC="0.91" CONTENT="M:ts"/>
						</TextLine>
						<TextLine ID="line_45" HPOS="197" VPOS="1583" WIDTH="842" HEIGHT="27">
							<String ID="string_406" HPOS="197" VPOS="1585" WIDTH="77" HEIGHT="21" WC="0.96" CONTENT="beslut"/><SP WIDTH="11" VPOS="1585" HPOS="274"/>
							<String ID="string_407" HPOS="285" VPOS="1585" WIDTH="45" HEIGHT="20" WC="0.96" CONTENT="den"/><SP WIDTH="13" VPOS="1585" HPOS="330"/>
							<String ID="string_408" HPOS="343" VPOS="1585" WIDTH="26" HEIGHT="20" WC="0.96" CONTENT="13"/><SP WIDTH="11" VPOS="1585" HPOS="369"/>
							<String ID="string_409" HPOS="380" VPOS="1584" WIDTH="52" HEIGHT="26" WC="0.96" CONTENT="juni"/><SP WIDTH="13" VPOS="1584" HPOS="432"/>
							<String ID="string_410" HPOS="445" VPOS="1584" WIDTH="55" HEIGHT="21" WC="0.96" CONTENT="1952"/><SP WIDTH="12" VPOS="1584" HPOS="500"/>
							<String ID="string_411" HPOS="512" VPOS="1584" WIDTH="125" HEIGHT="20" WC="0.96" CONTENT="utbetalats"/><SP WIDTH="12" VPOS="1584" HPOS="637"/>
							<String ID="string_412" HPOS="649" VPOS="1584" WIDTH="34" HEIGHT="20" WC="0.96" CONTENT="till"/><SP WIDTH="11" VPOS="1584" HPOS="683"/>
							<String ID="string_413" HPOS="694" VPOS="1584" WIDTH="125" HEIGHT="25" WC="0.96" CONTENT="Hagström"/><SP WIDTH="11" VPOS="1584" HPOS="819"/>
							<String ID="string_414" HPOS="830" VPOS="1583" WIDTH="77" HEIGHT="21" WC="0.93" CONTENT="såsom"/><SP WIDTH="11" VPOS="1583" HPOS="907"/>
							<String ID="string_415" HPOS="918" VPOS="1583" WIDTH="121" HEIGHT="26" WC="0.91" CONTENT="gratifika-"/>
						</TextLine>
						<TextLine ID="line_46" HPOS="198" VPOS="1613" WIDTH="841" HEIGHT="26">
							<String ID="string_416" HPOS="198" VPOS="1615" WIDTH="60" HEIGHT="23" WC="0.96" CONTENT="tion;"/><SP WIDTH="16" VPOS="1615" HPOS="258"/>
							<String ID="string_417" HPOS="274" VPOS="1615" WIDTH="43" HEIGHT="20" WC="0.93" CONTENT="och"/><SP WIDTH="15" VPOS="1615" HPOS="317"/>
							<String ID="string_418" HPOS="332" VPOS="1614" WIDTH="117" HEIGHT="25" WC="0.92" CONTENT="medgiver"/><SP WIDTH="14" VPOS="1614" HPOS="449"/>
							<String ID="string_419" HPOS="463" VPOS="1614" WIDTH="47" HEIGHT="23" WC="0.92" CONTENT="RD,"/><SP WIDTH="15" VPOS="1614" HPOS="510"/>
							<String ID="string_420" HPOS="525" VPOS="1615" WIDTH="34" HEIGHT="19" WC="0.96" CONTENT="att"/><SP WIDTH="15" VPOS="1615" HPOS="559"/>
							<String ID="string_421" HPOS="574" VPOS="1620" WIDTH="28" HEIGHT="14" WC="0.96" CONTENT="av"/><SP WIDTH="14" VPOS="1620" HPOS="602"/>
							<String ID="string_422" HPOS="616" VPOS="1614" WIDTH="38" HEIGHT="20" WC="0.96" CONTENT="det"/><SP WIDTH="14" VPOS="1614" HPOS="654"/>
							<String ID="string_423" HPOS="668" VPOS="1614" WIDTH="74" HEIGHT="20" WC="0.93" CONTENT="under"/><SP WIDTH="15" VPOS="1614" HPOS="742"/>
							<String ID="string_424" HPOS="757" VPOS="1614" WIDTH="37" HEIGHT="20" WC="0.91" CONTENT="4:e"/><SP WIDTH="14" VPOS="1614" HPOS="794"/>
							<String ID="string_425" HPOS="808" VPOS="1614" WIDTH="40" HEIGHT="20" WC="0.96" CONTENT="HT"/><SP WIDTH="14" VPOS="1614" HPOS="848"/>
							<String ID="string_426" HPOS="862" VPOS="1613" WIDTH="117" HEIGHT="25" WC="0.93" CONTENT="uppförda"/><SP WIDTH="14" VPOS="1613" HPOS="979"/>
							<String ID="string_427" HPOS="993" VPOS="1613" WIDTH="46" HEIGHT="20" WC="0.92" CONTENT="för-"/>
						</TextLine>
						<TextLine ID="line_47" HPOS="198" VPOS="1642" WIDTH="841" HEIGHT="28">
							<String ID="string_428" HPOS="198" VPOS="1644" WIDTH="169" HEIGHT="26" WC="0.90" CONTENT="slagsanslaget"/><SP WIDTH="10" VPOS="1644" HPOS="367"/>
							<String ID="string_429" HPOS="377" VPOS="1644" WIDTH="62" HEIGHT="20" WC="0.96" CONTENT="vissa"/><SP WIDTH="11" VPOS="1644" HPOS="439"/>
							<String ID="string_430" HPOS="450" VPOS="1644" WIDTH="157" HEIGHT="25" WC="0.96" CONTENT="ersättningar"/><SP WIDTH="10" VPOS="1644" HPOS="607"/>
							<String ID="string_431" HPOS="617" VPOS="1644" WIDTH="7" HEIGHT="20" WC="0.93" CONTENT="i"/><SP WIDTH="12" VPOS="1644" HPOS="624"/>
							<String ID="string_432" HPOS="636" VPOS="1643" WIDTH="45" HEIGHT="20" WC="0.92" CONTENT="anl."/><SP WIDTH="11" VPOS="1643" HPOS="681"/>
							<String ID="string_433" HPOS="692" VPOS="1649" WIDTH="28" HEIGHT="14" WC="0.96" CONTENT="av"/><SP WIDTH="11" VPOS="1649" HPOS="720"/>
							<String ID="string_434" HPOS="731" VPOS="1643" WIDTH="85" HEIGHT="21" WC="0.96" CONTENT="skador"/><SP WIDTH="11" VPOS="1643" HPOS="816"/>
							<String ID="string_435" HPOS="827" VPOS="1643" WIDTH="37" HEIGHT="20" WC="0.96" CONTENT="vid"/><SP WIDTH="12" VPOS="1643" HPOS="864"/>
							<String ID="string_436" HPOS="876" VPOS="1642" WIDTH="87" HEIGHT="21" WC="0.92" CONTENT="militär"/><SP WIDTH="10" VPOS="1642" HPOS="963"/>
							<String ID="string_437" HPOS="973" VPOS="1643" WIDTH="66" HEIGHT="20" WC="0.92" CONTENT="verk-"/>
						</TextLine>
						<TextLine ID="line_48" HPOS="199" VPOS="1672" WIDTH="839" HEIGHT="26">
							<String ID="string_438" HPOS="199" VPOS="1674" WIDTH="91" HEIGHT="20" WC="0.93" CONTENT="samhet"/><SP WIDTH="13" VPOS="1674" HPOS="290"/>
							<String ID="string_439" HPOS="303" VPOS="1680" WIDTH="29" HEIGHT="14" WC="0.92" CONTENT="m."/><SP WIDTH="14" VPOS="1680" HPOS="332"/>
							<String ID="string_440" HPOS="346" VPOS="1680" WIDTH="30" HEIGHT="14" WC="0.90" CONTENT="m."/><SP WIDTH="14" VPOS="1680" HPOS="376"/>
							<String ID="string_441" HPOS="390" VPOS="1673" WIDTH="45" HEIGHT="24" WC="0.96" CONTENT="må,"/><SP WIDTH="13" VPOS="1673" HPOS="435"/>
							<String ID="string_442" HPOS="448" VPOS="1674" WIDTH="7" HEIGHT="20" WC="0.96" CONTENT="i"/><SP WIDTH="13" VPOS="1674" HPOS="455"/>
							<String ID="string_443" HPOS="468" VPOS="1673" WIDTH="101" HEIGHT="25" WC="0.96" CONTENT="enlighet"/><SP WIDTH="13" VPOS="1673" HPOS="569"/>
							<String ID="string_444" HPOS="582" VPOS="1673" WIDTH="52" HEIGHT="20" WC="0.96" CONTENT="med"/><SP WIDTH="13" VPOS="1673" HPOS="634"/>
							<String ID="string_445" HPOS="647" VPOS="1673" WIDTH="44" HEIGHT="20" WC="0.95" CONTENT="vad"/><SP WIDTH="13" VPOS="1673" HPOS="691"/>
							<String ID="string_446" HPOS="704" VPOS="1674" WIDTH="7" HEIGHT="19" WC="0.96" CONTENT="i"/><SP WIDTH="13" VPOS="1674" HPOS="711"/>
							<String ID="string_447" HPOS="724" VPOS="1679" WIDTH="65" HEIGHT="19" WC="0.96" CONTENT="prop."/><SP WIDTH="14" VPOS="1679" HPOS="789"/>
							<String ID="string_448" HPOS="803" VPOS="1673" WIDTH="107" HEIGHT="25" WC="0.96" CONTENT="angivits,"/><SP WIDTH="13" VPOS="1673" HPOS="910"/>
							<String ID="string_449" HPOS="923" VPOS="1672" WIDTH="115" HEIGHT="21" WC="0.96" CONTENT="utbetalas"/>
						</TextLine>
						<TextLine ID="line_49" HPOS="198" VPOS="1702" WIDTH="840" HEIGHT="27">
							<String ID="string_450" HPOS="198" VPOS="1704" WIDTH="158" HEIGHT="25" WC="0.96" CONTENT="ersättningar"/><SP WIDTH="12" VPOS="1704" HPOS="356"/>
							<String ID="string_451" HPOS="368" VPOS="1704" WIDTH="51" HEIGHT="19" WC="0.93" CONTENT="med"/><SP WIDTH="12" VPOS="1704" HPOS="419"/>
							<String ID="string_452" HPOS="431" VPOS="1703" WIDTH="98" HEIGHT="25" WC="0.90" CONTENT="tillhopa"/><SP WIDTH="13" VPOS="1703" HPOS="529"/>
							<String ID="string_453" HPOS="542" VPOS="1703" WIDTH="40" HEIGHT="20" WC="0.95" CONTENT="170"/><SP WIDTH="11" VPOS="1703" HPOS="582"/>
							<String ID="string_454" HPOS="593" VPOS="1703" WIDTH="41" HEIGHT="20" WC="0.95" CONTENT="000"/><SP WIDTH="12" VPOS="1703" HPOS="634"/>
							<String ID="string_455" HPOS="646" VPOS="1703" WIDTH="35" HEIGHT="20" WC="0.95" CONTENT="kr."/><SP WIDTH="11" VPOS="1703" HPOS="681"/>
							<String ID="string_456" HPOS="692" VPOS="1703" WIDTH="7" HEIGHT="20" WC="0.93" CONTENT="i"/><SP WIDTH="12" VPOS="1703" HPOS="699"/>
							<String ID="string_457" HPOS="711" VPOS="1703" WIDTH="46" HEIGHT="20" WC="0.91" CONTENT="anl."/><SP WIDTH="12" VPOS="1703" HPOS="757"/>
							<String ID="string_458" HPOS="769" VPOS="1708" WIDTH="28" HEIGHT="15" WC="0.96" CONTENT="av"/><SP WIDTH="11" VPOS="1708" HPOS="797"/>
							<String ID="string_459" HPOS="808" VPOS="1703" WIDTH="7" HEIGHT="20" WC="0.96" CONTENT="i"/><SP WIDTH="12" VPOS="1703" HPOS="815"/>
							<String ID="string_460" HPOS="827" VPOS="1708" WIDTH="64" HEIGHT="19" WC="0.93" CONTENT="prop."/><SP WIDTH="12" VPOS="1708" HPOS="891"/>
							<String ID="string_461" HPOS="903" VPOS="1702" WIDTH="135" HEIGHT="21" WC="0.89" CONTENT="omförmält"/>
						</TextLine>
						<TextLine ID="line_50" HPOS="196" VPOS="1733" WIDTH="132" HEIGHT="26">
							<String ID="string_462" HPOS="196" VPOS="1733" WIDTH="132" HEIGHT="26" WC="0.95" CONTENT="olycksfall."/>
						</TextLine>
					</TextBlock>
					<TextBlock ID="block_12" HPOS="169" VPOS="1761" WIDTH="870" HEIGHT="57">
						<TextLine ID="line_51" HPOS="169" VPOS="1761" WIDTH="870" HEIGHT="27">
							<String ID="string_463" HPOS="169" VPOS="1769" WIDTH="9" HEIGHT="15" WC="0.87" CONTENT="5"/><SP WIDTH="18" VPOS="1769" HPOS="178"/>
							<String ID="string_464" HPOS="196" VPOS="1763" WIDTH="45" HEIGHT="21" WC="0.95" CONTENT="Till"/><SP WIDTH="19" VPOS="1763" HPOS="241"/>
							<String ID="string_465" HPOS="260" VPOS="1763" WIDTH="130" HEIGHT="25" WC="0.96" CONTENT="ersättning"/><SP WIDTH="18" VPOS="1763" HPOS="390"/>
							<String ID="string_466" HPOS="408" VPOS="1763" WIDTH="7" HEIGHT="20" WC="0.93" CONTENT="i"/><SP WIDTH="19" VPOS="1763" HPOS="415"/>
							<String ID="string_467" HPOS="434" VPOS="1763" WIDTH="45" HEIGHT="20" WC="0.90" CONTENT="anl."/><SP WIDTH="19" VPOS="1763" HPOS="479"/>
							<String ID="string_468" HPOS="498" VPOS="1768" WIDTH="28" HEIGHT="15" WC="0.96" CONTENT="av"/><SP WIDTH="18" VPOS="1768" HPOS="526"/>
							<String ID="string_469" HPOS="544" VPOS="1762" WIDTH="169" HEIGHT="25" WC="0.93" CONTENT="kroppsskada,"/><SP WIDTH="18" VPOS="1762" HPOS="713"/>
							<String ID="string_470" HPOS="731" VPOS="1761" WIDTH="101" HEIGHT="26" WC="0.91" CONTENT="ådragen"/><SP WIDTH="18" VPOS="1761" HPOS="832"/>
							<String ID="string_471" HPOS="850" VPOS="1762" WIDTH="74" HEIGHT="20" WC="0.93" CONTENT="under"/><SP WIDTH="18" VPOS="1762" HPOS="924"/>
							<String ID="string_472" HPOS="942" VPOS="1761" WIDTH="97" HEIGHT="21" WC="0.91" CONTENT="militär-"/>
						</TextLine>
						<TextLine ID="line_52" HPOS="197" VPOS="1792" WIDTH="452" HEIGHT="26">
							<String ID="string_473" HPOS="197" VPOS="1793" WIDTH="165" HEIGHT="25" WC="0.96" CONTENT="tjänstgöring,"/><SP WIDTH="10" VPOS="1793" HPOS="362"/>
							<String ID="string_474" HPOS="372" VPOS="1793" WIDTH="93" HEIGHT="20" WC="0.96" CONTENT="anvisas"/><SP WIDTH="11" VPOS="1793" HPOS="465"/>
							<String ID="string_475" HPOS="476" VPOS="1792" WIDTH="25" HEIGHT="20" WC="0.95" CONTENT="15"/><SP WIDTH="11" VPOS="1792" HPOS="501"/>
							<String ID="string_476" HPOS="512" VPOS="1792" WIDTH="41" HEIGHT="20" WC="0.95" CONTENT="000"/><SP WIDTH="10" VPOS="1792" HPOS="553"/>
							<String ID="string_477" HPOS="563" VPOS="1792" WIDTH="41" HEIGHT="21" WC="0.96" CONTENT="000"/><SP WIDTH="11" VPOS="1792" HPOS="604"/>
							<String ID="string_478" HPOS="615" VPOS="1792" WIDTH="34" HEIGHT="20" WC="0.96" CONTENT="kr."/>
						</TextLine>
					</TextBlock>
				</ComposedBlock>
				<ComposedBlock ID="cblock_6" HPOS="169" VPOS="1851" WIDTH="870" HEIGHT="264">
					<TextBlock ID="block_13" HPOS="170" VPOS="1851" WIDTH="869" HEIGHT="146">
						<TextLine ID="line_53" HPOS="170" VPOS="1851" WIDTH="868" HEIGHT="27">
							<String ID="string_479" HPOS="170" VPOS="1858" WIDTH="7" HEIGHT="14" WC="0.92" CONTENT="1"/><SP WIDTH="21" VPOS="1858" HPOS="177"/>
							<String ID="string_480" HPOS="198" VPOS="1853" WIDTH="39" HEIGHT="20" WC="0.91" CONTENT="RD"/><SP WIDTH="11" VPOS="1853" HPOS="237"/>
							<String ID="string_481" HPOS="248" VPOS="1852" WIDTH="123" HEIGHT="26" WC="0.91" CONTENT="medgiver,"/><SP WIDTH="12" VPOS="1852" HPOS="371"/>
							<String ID="string_482" HPOS="383" VPOS="1853" WIDTH="33" HEIGHT="19" WC="0.96" CONTENT="att"/><SP WIDTH="10" VPOS="1853" HPOS="416"/>
							<String ID="string_483" HPOS="426" VPOS="1852" WIDTH="47" HEIGHT="20" WC="0.93" CONTENT="viss"/><SP WIDTH="11" VPOS="1852" HPOS="473"/>
							<String ID="string_484" HPOS="484" VPOS="1852" WIDTH="108" HEIGHT="25" WC="0.92" CONTENT="livsvarig"/><SP WIDTH="11" VPOS="1852" HPOS="592"/>
							<String ID="string_485" HPOS="603" VPOS="1852" WIDTH="100" HEIGHT="20" WC="0.96" CONTENT="livränta"/><SP WIDTH="10" VPOS="1852" HPOS="703"/>
							<String ID="string_486" HPOS="713" VPOS="1851" WIDTH="38" HEIGHT="21" WC="0.96" CONTENT="må"/><SP WIDTH="9" VPOS="1851" HPOS="751"/>
							<String ID="string_487" HPOS="760" VPOS="1851" WIDTH="56" HEIGHT="26" WC="0.96" CONTENT="utgå"/><SP WIDTH="9" VPOS="1851" HPOS="816"/>
							<String ID="string_488" HPOS="825" VPOS="1852" WIDTH="35" HEIGHT="20" WC="0.93" CONTENT="till"/><SP WIDTH="11" VPOS="1852" HPOS="860"/>
							<String ID="string_489" HPOS="871" VPOS="1851" WIDTH="23" HEIGHT="20" WC="0.92" CONTENT="P."/><SP WIDTH="10" VPOS="1851" HPOS="894"/>
							<String ID="string_490" HPOS="904" VPOS="1851" WIDTH="27" HEIGHT="21" WC="0.91" CONTENT="O."/><SP WIDTH="9" VPOS="1851" HPOS="931"/>
							<String ID="string_491" HPOS="940" VPOS="1852" WIDTH="28" HEIGHT="20" WC="0.88" CONTENT="H."/><SP WIDTH="11" VPOS="1852" HPOS="968"/>
							<String ID="string_492" HPOS="979" VPOS="1851" WIDTH="59" HEIGHT="26" WC="0.91" CONTENT="Ryd-"/>
						</TextLine>
						<TextLine ID="line_54" HPOS="197" VPOS="1881" WIDTH="840" HEIGHT="28">
							<String ID="string_493" HPOS="197" VPOS="1882" WIDTH="49" HEIGHT="24" WC="0.92" CONTENT="bro,"/><SP WIDTH="13" VPOS="1882" HPOS="246"/>
							<String ID="string_494" HPOS="259" VPOS="1883" WIDTH="26" HEIGHT="20" WC="0.91" CONTENT="A."/><SP WIDTH="14" VPOS="1883" HPOS="285"/>
							<String ID="string_495" HPOS="299" VPOS="1882" WIDTH="24" HEIGHT="20" WC="0.90" CONTENT="E."/><SP WIDTH="13" VPOS="1882" HPOS="323"/>
							<String ID="string_496" HPOS="336" VPOS="1882" WIDTH="24" HEIGHT="21" WC="0.92" CONTENT="B."/><SP WIDTH="13" VPOS="1882" HPOS="360"/>
							<String ID="string_497" HPOS="373" VPOS="1881" WIDTH="133" HEIGHT="26" WC="0.92" CONTENT="Bjärmark,"/><SP WIDTH="11" VPOS="1881" HPOS="506"/>
							<String ID="string_498" HPOS="517" VPOS="1881" WIDTH="24" HEIGHT="21" WC="0.47" CONTENT="ÅA."/><SP WIDTH="13" VPOS="1881" HPOS="541"/>
							<String ID="string_499" HPOS="554" VPOS="1881" WIDTH="24" HEIGHT="21" WC="0.90" CONTENT="E."/><SP WIDTH="13" VPOS="1881" HPOS="578"/>
							<String ID="string_500" HPOS="591" VPOS="1882" WIDTH="108" HEIGHT="20" WC="0.96" CONTENT="Ivarsson"/><SP WIDTH="12" VPOS="1882" HPOS="699"/>
							<String ID="string_501" HPOS="711" VPOS="1882" WIDTH="61" HEIGHT="20" WC="0.93" CONTENT="samt"/><SP WIDTH="11" VPOS="1882" HPOS="772"/>
							<String ID="string_502" HPOS="783" VPOS="1881" WIDTH="28" HEIGHT="21" WC="0.93" CONTENT="H."/><SP WIDTH="11" VPOS="1881" HPOS="811"/>
							<String ID="string_503" HPOS="822" VPOS="1881" WIDTH="26" HEIGHT="20" WC="0.91" CONTENT="T."/><SP WIDTH="12" VPOS="1881" HPOS="848"/>
							<String ID="string_504" HPOS="860" VPOS="1881" WIDTH="122" HEIGHT="24" WC="0.96" CONTENT="Olofsson;"/><SP WIDTH="12" VPOS="1881" HPOS="982"/>
							<String ID="string_505" HPOS="994" VPOS="1881" WIDTH="43" HEIGHT="28" WC="0.96" CONTENT="och"/>
						</TextLine>
						<TextLine ID="line_55" HPOS="197" VPOS="1910" WIDTH="842" HEIGHT="28">
							<String ID="string_506" HPOS="197" VPOS="1912" WIDTH="117" HEIGHT="26" WC="0.91" CONTENT="medgiver"/><SP WIDTH="15" VPOS="1912" HPOS="314"/>
							<String ID="string_507" HPOS="329" VPOS="1912" WIDTH="47" HEIGHT="24" WC="0.92" CONTENT="RD,"/><SP WIDTH="15" VPOS="1912" HPOS="376"/>
							<String ID="string_508" HPOS="391" VPOS="1913" WIDTH="34" HEIGHT="19" WC="0.96" CONTENT="att"/><SP WIDTH="14" VPOS="1913" HPOS="425"/>
							<String ID="string_509" HPOS="439" VPOS="1911" WIDTH="47" HEIGHT="21" WC="0.95" CONTENT="viss"/><SP WIDTH="15" VPOS="1911" HPOS="486"/>
							<String ID="string_510" HPOS="501" VPOS="1911" WIDTH="107" HEIGHT="23" WC="0.92" CONTENT="livränta,"/><SP WIDTH="14" VPOS="1911" HPOS="608"/>
							<String ID="string_511" HPOS="622" VPOS="1911" WIDTH="125" HEIGHT="21" WC="0.91" CONTENT="tillerkänd"/><SP WIDTH="15" VPOS="1911" HPOS="747"/>
							<String ID="string_512" HPOS="762" VPOS="1911" WIDTH="21" HEIGHT="21" WC="0.84" CONTENT="S."/><SP WIDTH="13" VPOS="1911" HPOS="783"/>
							<String ID="string_513" HPOS="796" VPOS="1911" WIDTH="28" HEIGHT="20" WC="0.92" CONTENT="H."/><SP WIDTH="14" VPOS="1911" HPOS="824"/>
							<String ID="string_514" HPOS="838" VPOS="1911" WIDTH="26" HEIGHT="20" WC="0.91" CONTENT="A."/><SP WIDTH="14" VPOS="1911" HPOS="864"/>
							<String ID="string_515" HPOS="878" VPOS="1910" WIDTH="109" HEIGHT="22" WC="0.91" CONTENT="Dalefalk"/><SP WIDTH="14" VPOS="1910" HPOS="987"/>
							<String ID="string_516" HPOS="1001" VPOS="1911" WIDTH="38" HEIGHT="21" WC="0.96" CONTENT="må"/>
						</TextLine>
						<TextLine ID="line_56" HPOS="196" VPOS="1940" WIDTH="843" HEIGHT="27">
							<String ID="string_517" HPOS="196" VPOS="1942" WIDTH="116" HEIGHT="21" WC="0.96" CONTENT="bestridas"/><SP WIDTH="15" VPOS="1942" HPOS="312"/>
							<String ID="string_518" HPOS="327" VPOS="1941" WIDTH="53" HEIGHT="21" WC="0.96" CONTENT="från"/><SP WIDTH="15" VPOS="1941" HPOS="380"/>
							<String ID="string_519" HPOS="395" VPOS="1941" WIDTH="38" HEIGHT="21" WC="0.96" CONTENT="det"/><SP WIDTH="14" VPOS="1941" HPOS="433"/>
							<String ID="string_520" HPOS="447" VPOS="1941" WIDTH="74" HEIGHT="21" WC="0.96" CONTENT="under"/><SP WIDTH="15" VPOS="1941" HPOS="521"/>
							<String ID="string_521" HPOS="536" VPOS="1941" WIDTH="52" HEIGHT="21" WC="0.96" CONTENT="12:e"/><SP WIDTH="13" VPOS="1941" HPOS="588"/>
							<String ID="string_522" HPOS="601" VPOS="1941" WIDTH="41" HEIGHT="21" WC="0.96" CONTENT="HT"/><SP WIDTH="13" VPOS="1941" HPOS="642"/>
							<String ID="string_523" HPOS="655" VPOS="1940" WIDTH="117" HEIGHT="26" WC="0.93" CONTENT="uppförda"/><SP WIDTH="14" VPOS="1940" HPOS="772"/>
							<String ID="string_524" HPOS="786" VPOS="1941" WIDTH="206" HEIGHT="26" WC="0.91" CONTENT="förslagsanslaget"/><SP WIDTH="14" VPOS="1941" HPOS="992"/>
							<String ID="string_525" HPOS="1006" VPOS="1940" WIDTH="33" HEIGHT="21" WC="0.93" CONTENT="di-"/>
						</TextLine>
						<TextLine ID="line_57" HPOS="196" VPOS="1971" WIDTH="467" HEIGHT="26">
							<String ID="string_526" HPOS="196" VPOS="1978" WIDTH="66" HEIGHT="14" WC="0.96" CONTENT="verse"/><SP WIDTH="8" VPOS="1978" HPOS="262"/>
							<String ID="string_527" HPOS="270" VPOS="1972" WIDTH="124" HEIGHT="25" WC="0.96" CONTENT="pensioner"/><SP WIDTH="9" VPOS="1972" HPOS="394"/>
							<String ID="string_528" HPOS="403" VPOS="1971" WIDTH="44" HEIGHT="20" WC="0.96" CONTENT="och"/><SP WIDTH="9" VPOS="1971" HPOS="447"/>
							<String ID="string_529" HPOS="456" VPOS="1971" WIDTH="127" HEIGHT="20" WC="0.93" CONTENT="understöd"/><SP WIDTH="10" VPOS="1971" HPOS="583"/>
							<String ID="string_530" HPOS="593" VPOS="1977" WIDTH="30" HEIGHT="14" WC="0.91" CONTENT="m."/><SP WIDTH="9" VPOS="1977" HPOS="623"/>
							<String ID="string_531" HPOS="632" VPOS="1977" WIDTH="31" HEIGHT="14" WC="0.92" CONTENT="m."/>
						</TextLine>
					</TextBlock>
					<TextBlock ID="block_14" HPOS="169" VPOS="2000" WIDTH="869" HEIGHT="56">
						<TextLine ID="line_58" HPOS="169" VPOS="2000" WIDTH="869" HEIGHT="25">
							<String ID="string_532" HPOS="169" VPOS="2007" WIDTH="10" HEIGHT="15" WC="0.93" CONTENT="2"/><SP WIDTH="18" VPOS="2007" HPOS="179"/>
							<String ID="string_533" HPOS="197" VPOS="2002" WIDTH="40" HEIGHT="20" WC="0.91" CONTENT="RD"/><SP WIDTH="14" VPOS="2002" HPOS="237"/>
							<String ID="string_534" HPOS="251" VPOS="2001" WIDTH="77" HEIGHT="20" WC="0.96" CONTENT="avslår"/><SP WIDTH="14" VPOS="2001" HPOS="328"/>
							<String ID="string_535" HPOS="342" VPOS="2001" WIDTH="88" HEIGHT="20" WC="0.96" CONTENT="motion"/><SP WIDTH="14" VPOS="2001" HPOS="430"/>
							<String ID="string_536" HPOS="444" VPOS="2007" WIDTH="38" HEIGHT="14" WC="0.96" CONTENT="om"/><SP WIDTH="14" VPOS="2007" HPOS="482"/>
							<String ID="string_537" HPOS="496" VPOS="2000" WIDTH="94" HEIGHT="25" WC="0.96" CONTENT="förhöjd"/><SP WIDTH="13" VPOS="2000" HPOS="590"/>
							<String ID="string_538" HPOS="603" VPOS="2000" WIDTH="130" HEIGHT="25" WC="0.96" CONTENT="ersättning"/><SP WIDTH="13" VPOS="2000" HPOS="733"/>
							<String ID="string_539" HPOS="746" VPOS="2000" WIDTH="23" HEIGHT="21" WC="0.96" CONTENT="åt"/><SP WIDTH="13" VPOS="2000" HPOS="769"/>
							<String ID="string_540" HPOS="782" VPOS="2001" WIDTH="67" HEIGHT="20" WC="0.93" CONTENT="Lund"/><SP WIDTH="14" VPOS="2001" HPOS="849"/>
							<String ID="string_541" HPOS="863" VPOS="2000" WIDTH="95" HEIGHT="21" WC="0.91" CONTENT="Ernfrid"/><SP WIDTH="13" VPOS="2000" HPOS="958"/>
							<String ID="string_542" HPOS="971" VPOS="2000" WIDTH="67" HEIGHT="21" WC="0.91" CONTENT="Jons-"/>
						</TextLine>
						<TextLine ID="line_59" HPOS="197" VPOS="2030" WIDTH="811" HEIGHT="26">
							<String ID="string_543" HPOS="197" VPOS="2037" WIDTH="42" HEIGHT="14" WC="0.96" CONTENT="son"/><SP WIDTH="12" VPOS="2037" HPOS="239"/>
							<String ID="string_544" HPOS="251" VPOS="2032" WIDTH="7" HEIGHT="19" WC="0.96" CONTENT="i"/><SP WIDTH="13" VPOS="2032" HPOS="258"/>
							<String ID="string_545" HPOS="271" VPOS="2031" WIDTH="95" HEIGHT="25" WC="0.96" CONTENT="Malung"/><SP WIDTH="12" VPOS="2031" HPOS="366"/>
							<String ID="string_546" HPOS="378" VPOS="2030" WIDTH="37" HEIGHT="21" WC="0.96" CONTENT="för"/><SP WIDTH="12" VPOS="2030" HPOS="415"/>
							<String ID="string_547" HPOS="427" VPOS="2030" WIDTH="118" HEIGHT="25" WC="0.93" CONTENT="sjukdom,"/><SP WIDTH="12" VPOS="2030" HPOS="545"/>
							<String ID="string_548" HPOS="557" VPOS="2030" WIDTH="100" HEIGHT="25" WC="0.91" CONTENT="ådragen"/><SP WIDTH="13" VPOS="2030" HPOS="657"/>
							<String ID="string_549" HPOS="670" VPOS="2030" WIDTH="74" HEIGHT="20" WC="0.93" CONTENT="under"/><SP WIDTH="12" VPOS="2030" HPOS="744"/>
							<String ID="string_550" HPOS="756" VPOS="2030" WIDTH="252" HEIGHT="26" WC="0.91" CONTENT="militärtjänstgöring."/>
						</TextLine>
					</TextBlock>
					<TextBlock ID="block_15" HPOS="169" VPOS="2059" WIDTH="870" HEIGHT="56">
						<TextLine ID="line_60" HPOS="169" VPOS="2059" WIDTH="870" HEIGHT="30">
							<String ID="string_551" HPOS="169" VPOS="2067" WIDTH="9" HEIGHT="15" WC="0.93" CONTENT="3"/><SP WIDTH="19" VPOS="2067" HPOS="178"/>
							<String ID="string_552" HPOS="197" VPOS="2061" WIDTH="40" HEIGHT="20" WC="0.91" CONTENT="RD"/><SP WIDTH="14" VPOS="2061" HPOS="237"/>
							<String ID="string_553" HPOS="251" VPOS="2060" WIDTH="94" HEIGHT="21" WC="0.96" CONTENT="anvisar"/><SP WIDTH="12" VPOS="2060" HPOS="345"/>
							<String ID="string_554" HPOS="357" VPOS="2060" WIDTH="35" HEIGHT="21" WC="0.96" CONTENT="till"/><SP WIDTH="14" VPOS="2060" HPOS="392"/>
							<String ID="string_555" HPOS="406" VPOS="2060" WIDTH="130" HEIGHT="25" WC="0.96" CONTENT="ersättning"/><SP WIDTH="12" VPOS="2060" HPOS="536"/>
							<String ID="string_556" HPOS="548" VPOS="2060" WIDTH="7" HEIGHT="20" WC="0.93" CONTENT="i"/><SP WIDTH="13" VPOS="2060" HPOS="555"/>
							<String ID="string_557" HPOS="568" VPOS="2060" WIDTH="46" HEIGHT="20" WC="0.92" CONTENT="anl."/><SP WIDTH="13" VPOS="2060" HPOS="614"/>
							<String ID="string_558" HPOS="627" VPOS="2066" WIDTH="29" HEIGHT="14" WC="0.96" CONTENT="av"/><SP WIDTH="13" VPOS="2066" HPOS="656"/>
							<String ID="string_559" HPOS="669" VPOS="2059" WIDTH="168" HEIGHT="26" WC="0.93" CONTENT="kroppsskada,"/><SP WIDTH="13" VPOS="2059" HPOS="837"/>
							<String ID="string_560" HPOS="850" VPOS="2060" WIDTH="101" HEIGHT="29" WC="0.92" CONTENT="ådragen"/><SP WIDTH="13" VPOS="2060" HPOS="951"/>
							<String ID="string_561" HPOS="964" VPOS="2060" WIDTH="75" HEIGHT="21" WC="0.96" CONTENT="under"/>
						</TextLine>
						<TextLine ID="line_61" HPOS="197" VPOS="2089" WIDTH="438" HEIGHT="26">
							<String ID="string_562" HPOS="197" VPOS="2090" WIDTH="254" HEIGHT="25" WC="0.91" CONTENT="militärtjänstgöring,"/><SP WIDTH="11" VPOS="2090" HPOS="451"/>
							<String ID="string_563" HPOS="462" VPOS="2089" WIDTH="27" HEIGHT="21" WC="0.96" CONTENT="14"/><SP WIDTH="9" VPOS="2089" HPOS="489"/>
							<String ID="string_564" HPOS="498" VPOS="2089" WIDTH="41" HEIGHT="21" WC="0.96" CONTENT="000"/><SP WIDTH="9" VPOS="2089" HPOS="539"/>
							<String ID="string_565" HPOS="548" VPOS="2089" WIDTH="43" HEIGHT="21" WC="0.95" CONTENT="000"/><SP WIDTH="10" VPOS="2089" HPOS="591"/>
							<String ID="string_566" HPOS="601" VPOS="2089" WIDTH="34" HEIGHT="21" WC="0.95" CONTENT="kr."/>
						</TextLine>
					</TextBlock>
				</ComposedBlock>
				<ComposedBlock ID="cblock_7" HPOS="133" VPOS="130" WIDTH="6" HEIGHT="1982">
					<TextBlock ID="block_16" HPOS="133" VPOS="130" WIDTH="6" HEIGHT="1982">
						<TextLine ID="line_62" HPOS="133" VPOS="130" WIDTH="6" HEIGHT="1982">
							<String ID="string_567" HPOS="133" VPOS="130" WIDTH="6" HEIGHT="1982" WC="0.95" CONTENT=" "/>
						</TextLine>
					</TextBlock>
				</ComposedBlock>
				<ComposedBlock ID="cblock_8" HPOS="1178" VPOS="193" WIDTH="555" HEIGHT="3">
					<TextBlock ID="block_17" HPOS="1178" VPOS="193" WIDTH="555" HEIGHT="3">
						<TextLine ID="line_63" HPOS="1178" VPOS="193" WIDTH="555" HEIGHT="3">
							<String ID="string_568" HPOS="1178" VPOS="193" WIDTH="555" HEIGHT="3" WC="0.95" CONTENT=" "/>
						</TextLine>
					</TextBlock>
				</ComposedBlock>
				<ComposedBlock ID="cblock_9" HPOS="1047" VPOS="245" WIDTH="686" HEIGHT="6">
					<TextBlock ID="block_18" HPOS="1047" VPOS="245" WIDTH="686" HEIGHT="6">
						<TextLine ID="line_64" HPOS="1047" VPOS="245" WIDTH="686" HEIGHT="6">
							<String ID="string_569" HPOS="1047" VPOS="245" WIDTH="686" HEIGHT="6" WC="0.95" CONTENT=" "/>
						</TextLine>
					</TextBlock>
				</ComposedBlock>
				<ComposedBlock ID="cblock_10" HPOS="1047" VPOS="133" WIDTH="4" HEIGHT="1987">
					<TextBlock ID="block_19" HPOS="1047" VPOS="133" WIDTH="4" HEIGHT="1987">
						<TextLine ID="line_65" HPOS="1047" VPOS="133" WIDTH="4" HEIGHT="1987">
							<String ID="string_570" HPOS="1047" VPOS="133" WIDTH="4" HEIGHT="1987" WC="0.95" CONTENT=" "/>
						</TextLine>
					</TextBlock>
				</ComposedBlock>
				<ComposedBlock ID="cblock_11" HPOS="1060" VPOS="153" WIDTH="665" HEIGHT="1961">
					<TextBlock ID="block_20" HPOS="1060" VPOS="153" WIDTH="665" HEIGHT="1961">
						<TextLine ID="line_66" HPOS="1061" VPOS="153" WIDTH="615" HEIGHT="61">
							<String ID="string_571" HPOS="1061" VPOS="177" WIDTH="100" HEIGHT="25" WC="0.4" CONTENT="RA"/><SP WIDTH="24" VPOS="177" HPOS="1161"/>
							<String ID="string_572" HPOS="1185" VPOS="153" WIDTH="99" HEIGHT="30" WC="0.96" CONTENT="Motioner"/><SP WIDTH="55" VPOS="153" HPOS="1284"/>
							<String ID="string_573" HPOS="1339" VPOS="153" WIDTH="81" HEIGHT="30" WC="0.96" CONTENT="Utskott"/><SP WIDTH="36" VPOS="153" HPOS="1420"/>
							<String ID="string_574" HPOS="1456" VPOS="154" WIDTH="69" HEIGHT="60" WC="0.89" CONTENT="Skriv."/><SP WIDTH="49" VPOS="154" HPOS="1525"/>
							<String ID="string_575" HPOS="1574" VPOS="154" WIDTH="102" HEIGHT="29" WC="0.95" CONTENT="Protokoll"/>
						</TextLine>
						<TextLine ID="line_67" HPOS="1192" VPOS="207" WIDTH="504" HEIGHT="30">
							<String ID="string_576" HPOS="1192" VPOS="211" WIDTH="29" HEIGHT="16" WC="0.94" CONTENT="FK"/><SP WIDTH="0" VPOS="211" HPOS="1221"/>
							<String ID="string_577" HPOS="1221" VPOS="206" WIDTH="27" HEIGHT="30" WC="0.94" CONTENT="|"/><SP WIDTH="8" VPOS="206" HPOS="1248"/>
							<String ID="string_578" HPOS="1256" VPOS="211" WIDTH="31" HEIGHT="17" WC="0.93" CONTENT="AK"/><SP WIDTH="23" VPOS="211" HPOS="1287"/>
							<String ID="string_579" HPOS="1310" VPOS="210" WIDTH="85" HEIGHT="18" WC="0.23" CONTENT="|ISmllAvd|"/><SP WIDTH="24" VPOS="210" HPOS="1395"/>
							<String ID="string_580" HPOS="1419" VPOS="211" WIDTH="26" HEIGHT="17" WC="0.96" CONTENT="Nr"/><SP WIDTH="105" VPOS="211" HPOS="1445"/>
							<String ID="string_581" HPOS="1550" VPOS="207" WIDTH="45" HEIGHT="30" WC="0.95" CONTENT="FK"/><SP WIDTH="69" VPOS="207" HPOS="1595"/>
							<String ID="string_582" HPOS="1664" VPOS="212" WIDTH="32" HEIGHT="16" WC="0.96" CONTENT="AK"/>
						</TextLine>
						<TextLine ID="line_68" HPOS="1061" VPOS="311" WIDTH="646" HEIGHT="23">
							<String ID="string_583" HPOS="1061" VPOS="311" WIDTH="27" HEIGHT="22" WC="0.58" CONTENT="5ll"/><SP WIDTH="44" VPOS="311" HPOS="1088"/>
							<String ID="string_584" HPOS="1132" VPOS="325" WIDTH="26" HEIGHT="2" WC="0.0" CONTENT="—|"/><SP WIDTH="44" VPOS="325" HPOS="1158"/>
							<String ID="string_585" HPOS="1202" VPOS="313" WIDTH="90" HEIGHT="20" WC="0.40" CONTENT="—l|188)"/><SP WIDTH="41" VPOS="313" HPOS="1292"/>
							<String ID="string_586" HPOS="1333" VPOS="314" WIDTH="13" HEIGHT="20" WC="0.63" CONTENT="6"/><SP WIDTH="22" VPOS="314" HPOS="1346"/>
							<String ID="string_587" HPOS="1368" VPOS="313" WIDTH="200" HEIGHT="21" WC="0.0" CONTENT="—|1021161116:"/><SP WIDTH="16" VPOS="313" HPOS="1568"/>
							<String ID="string_588" HPOS="1584" VPOS="314" WIDTH="85" HEIGHT="20" WC="0.28" CONTENT="68d/16:"/><SP WIDTH="16" VPOS="314" HPOS="1669"/>
							<String ID="string_589" HPOS="1685" VPOS="318" WIDTH="22" HEIGHT="16" WC="0.92" CONTENT="68"/>
						</TextLine>
						<TextLine ID="line_69" HPOS="1061" VPOS="430" WIDTH="645" HEIGHT="24">
							<String ID="string_590" HPOS="1061" VPOS="430" WIDTH="27" HEIGHT="22" WC="0.39" CONTENT="511"/><SP WIDTH="21" VPOS="430" HPOS="1088"/>
							<String ID="string_591" HPOS="1109" VPOS="432" WIDTH="36" HEIGHT="20" WC="0.39" CONTENT="1:6"/><SP WIDTH="57" VPOS="432" HPOS="1145"/>
							<String ID="string_592" HPOS="1202" VPOS="444" WIDTH="26" HEIGHT="3" WC="0.0" CONTENT="—l"/><SP WIDTH="39" VPOS="444" HPOS="1228"/>
							<String ID="string_593" HPOS="1267" VPOS="444" WIDTH="26" HEIGHT="3" WC="0.58" CONTENT="—I"/><SP WIDTH="40" VPOS="444" HPOS="1293"/>
							<String ID="string_594" HPOS="1333" VPOS="433" WIDTH="13" HEIGHT="20" WC="0.15" CONTENT="61"/><SP WIDTH="22" VPOS="433" HPOS="1346"/>
							<String ID="string_595" HPOS="1368" VPOS="444" WIDTH="27" HEIGHT="3" WC="0.15" CONTENT="—"/><SP WIDTH="44" VPOS="444" HPOS="1395"/>
							<String ID="string_596" HPOS="1439" VPOS="433" WIDTH="14" HEIGHT="20" WC="0.95" CONTENT="4"/><SP WIDTH="52" VPOS="433" HPOS="1453"/>
							<String ID="string_597" HPOS="1505" VPOS="433" WIDTH="63" HEIGHT="21" WC="0.96" CONTENT="4121:"/><SP WIDTH="16" VPOS="433" HPOS="1568"/>
							<String ID="string_598" HPOS="1584" VPOS="438" WIDTH="21" HEIGHT="15" WC="0.92" CONTENT="77"/><SP WIDTH="28" VPOS="438" HPOS="1605"/>
							<String ID="string_599" HPOS="1633" VPOS="433" WIDTH="73" HEIGHT="20" WC="0.49" CONTENT="121:116"/>
						</TextLine>
						<TextLine ID="line_70" HPOS="1118" VPOS="467" WIDTH="335" HEIGHT="15">
							<String ID="string_600" HPOS="1118" VPOS="467" WIDTH="32" HEIGHT="15" WC="0.96" CONTENT="180"/><SP WIDTH="270" VPOS="467" HPOS="1150"/>
							<String ID="string_601" HPOS="1420" VPOS="467" WIDTH="33" HEIGHT="15" WC="0.96" CONTENT="146"/>
						</TextLine>
						<TextLine ID="line_71" HPOS="1061" VPOS="519" WIDTH="645" HEIGHT="25">
							<String ID="string_602" HPOS="1061" VPOS="519" WIDTH="30" HEIGHT="22" WC="0.53" CONTENT="521"/><SP WIDTH="18" VPOS="519" HPOS="1091"/>
							<String ID="string_603" HPOS="1109" VPOS="522" WIDTH="35" HEIGHT="20" WC="0.53" CONTENT="1:6"/><SP WIDTH="58" VPOS="522" HPOS="1144"/>
							<String ID="string_604" HPOS="1202" VPOS="534" WIDTH="26" HEIGHT="3" WC="0.54" CONTENT="—I"/><SP WIDTH="39" VPOS="534" HPOS="1228"/>
							<String ID="string_605" HPOS="1267" VPOS="534" WIDTH="26" HEIGHT="3" WC="0.58" CONTENT="—I"/><SP WIDTH="40" VPOS="534" HPOS="1293"/>
							<String ID="string_606" HPOS="1333" VPOS="522" WIDTH="13" HEIGHT="21" WC="0.48" CONTENT="6"/><SP WIDTH="23" VPOS="522" HPOS="1346"/>
							<String ID="string_607" HPOS="1369" VPOS="534" WIDTH="25" HEIGHT="3" WC="0.59" CONTENT="—"/><SP WIDTH="45" VPOS="534" HPOS="1394"/>
							<String ID="string_608" HPOS="1439" VPOS="522" WIDTH="13" HEIGHT="20" WC="0.93" CONTENT="41"/><SP WIDTH="52" VPOS="522" HPOS="1452"/>
							<String ID="string_609" HPOS="1504" VPOS="522" WIDTH="65" HEIGHT="22" WC="0.78" CONTENT="4116:"/><SP WIDTH="15" VPOS="522" HPOS="1569"/>
							<String ID="string_610" HPOS="1584" VPOS="527" WIDTH="22" HEIGHT="16" WC="0.93" CONTENT="48"/><SP WIDTH="29" VPOS="527" HPOS="1606"/>
							<String ID="string_611" HPOS="1635" VPOS="522" WIDTH="71" HEIGHT="21" WC="0.30" CONTENT="|16:160"/>
						</TextLine>
						<TextLine ID="line_72" HPOS="1118" VPOS="556" WIDTH="335" HEIGHT="16">
							<String ID="string_612" HPOS="1118" VPOS="556" WIDTH="31" HEIGHT="16" WC="0.96" CONTENT="181"/><SP WIDTH="282" VPOS="556" HPOS="1149"/>
							<String ID="string_613" HPOS="1431" VPOS="557" WIDTH="22" HEIGHT="15" WC="0.96" CONTENT="83"/>
						</TextLine>
						<TextLine ID="line_73" HPOS="1061" VPOS="579" WIDTH="645" HEIGHT="24">
							<String ID="string_614" HPOS="1061" VPOS="579" WIDTH="30" HEIGHT="22" WC="0.43" CONTENT="521"/><SP WIDTH="20" VPOS="579" HPOS="1091"/>
							<String ID="string_615" HPOS="1111" VPOS="581" WIDTH="41" HEIGHT="21" WC="0.85" CONTENT="2111"/><SP WIDTH="50" VPOS="581" HPOS="1152"/>
							<String ID="string_616" HPOS="1202" VPOS="594" WIDTH="26" HEIGHT="2" WC="0.38" CONTENT="—|"/><SP WIDTH="40" VPOS="594" HPOS="1228"/>
							<String ID="string_617" HPOS="1268" VPOS="594" WIDTH="26" HEIGHT="3" WC="0.0" CONTENT="—J"/><SP WIDTH="39" VPOS="594" HPOS="1294"/>
							<String ID="string_618" HPOS="1333" VPOS="582" WIDTH="13" HEIGHT="20" WC="0.63" CONTENT="6)"/><SP WIDTH="22" VPOS="582" HPOS="1346"/>
							<String ID="string_619" HPOS="1368" VPOS="594" WIDTH="26" HEIGHT="2" WC="0.53" CONTENT="—I"/><SP WIDTH="16" VPOS="594" HPOS="1394"/>
							<String ID="string_620" HPOS="1410" VPOS="582" WIDTH="42" HEIGHT="21" WC="0.0" CONTENT="1701"/><SP WIDTH="22" VPOS="582" HPOS="1452"/>
							<String ID="string_621" HPOS="1474" VPOS="582" WIDTH="94" HEIGHT="21" WC="0.0" CONTENT="317120:"/><SP WIDTH="16" VPOS="582" HPOS="1568"/>
							<String ID="string_622" HPOS="1584" VPOS="587" WIDTH="22" HEIGHT="16" WC="0.95" CONTENT="57"/><SP WIDTH="27" VPOS="587" HPOS="1606"/>
							<String ID="string_623" HPOS="1633" VPOS="582" WIDTH="36" HEIGHT="21" WC="0.94" CONTENT="121:"/><SP WIDTH="16" VPOS="582" HPOS="1669"/>
							<String ID="string_624" HPOS="1685" VPOS="587" WIDTH="21" HEIGHT="15" WC="0.95" CONTENT="86"/>
						</TextLine>
						<TextLine ID="line_74" HPOS="1061" VPOS="871" WIDTH="646" HEIGHT="24">
							<String ID="string_625" HPOS="1061" VPOS="871" WIDTH="30" HEIGHT="22" WC="0.23" CONTENT="53."/><SP WIDTH="41" VPOS="871" HPOS="1091"/>
							<String ID="string_626" HPOS="1132" VPOS="885" WIDTH="25" HEIGHT="3" WC="0.0" CONTENT="—"/><SP WIDTH="1" VPOS="885" HPOS="1157"/>
							<String ID="string_627" HPOS="1158" VPOS="867" WIDTH="19" HEIGHT="36" WC="0.0" CONTENT="1"/><SP WIDTH="22" VPOS="867" HPOS="1177"/>
							<String ID="string_628" HPOS="1199" VPOS="874" WIDTH="27" HEIGHT="20" WC="0.56" CONTENT="3821"/><SP WIDTH="38" VPOS="874" HPOS="1226"/>
							<String ID="string_629" HPOS="1264" VPOS="874" WIDTH="82" HEIGHT="20" WC="0.25" CONTENT="441.6)"/><SP WIDTH="22" VPOS="874" HPOS="1346"/>
							<String ID="string_630" HPOS="1368" VPOS="886" WIDTH="26" HEIGHT="2" WC="0.88" CONTENT="—I"/><SP WIDTH="29" VPOS="886" HPOS="1394"/>
							<String ID="string_631" HPOS="1423" VPOS="874" WIDTH="28" HEIGHT="20" WC="0.0" CONTENT="541"/><SP WIDTH="24" VPOS="874" HPOS="1451"/>
							<String ID="string_632" HPOS="1475" VPOS="874" WIDTH="92" HEIGHT="20" WC="0.0" CONTENT="122112:"/><SP WIDTH="17" VPOS="874" HPOS="1567"/>
							<String ID="string_633" HPOS="1584" VPOS="878" WIDTH="21" HEIGHT="16" WC="0.55" CONTENT="12"/><SP WIDTH="29" VPOS="878" HPOS="1605"/>
							<String ID="string_634" HPOS="1634" VPOS="875" WIDTH="35" HEIGHT="20" WC="0.22" CONTENT="-|12:"/><SP WIDTH="15" VPOS="875" HPOS="1669"/>
							<String ID="string_635" HPOS="1684" VPOS="879" WIDTH="23" HEIGHT="16" WC="0.96" CONTENT="30"/>
						</TextLine>
						<TextLine ID="line_75" HPOS="1061" VPOS="1021" WIDTH="646" HEIGHT="23">
							<String ID="string_636" HPOS="1061" VPOS="1021" WIDTH="30" HEIGHT="21" WC="0.0" CONTENT="53l"/><SP WIDTH="41" VPOS="1021" HPOS="1091"/>
							<String ID="string_637" HPOS="1132" VPOS="1035" WIDTH="25" HEIGHT="2" WC="0.6" CONTENT="—I"/><SP WIDTH="45" VPOS="1035" HPOS="1157"/>
							<String ID="string_638" HPOS="1202" VPOS="1035" WIDTH="26" HEIGHT="2" WC="0.30" CONTENT="—I"/><SP WIDTH="36" VPOS="1035" HPOS="1228"/>
							<String ID="string_639" HPOS="1264" VPOS="1024" WIDTH="28" HEIGHT="19" WC="0.82" CONTENT="691"/><SP WIDTH="40" VPOS="1024" HPOS="1292"/>
							<String ID="string_640" HPOS="1332" VPOS="1023" WIDTH="13" HEIGHT="20" WC="0.58" CONTENT="6)"/><SP WIDTH="23" VPOS="1023" HPOS="1345"/>
							<String ID="string_641" HPOS="1368" VPOS="1035" WIDTH="25" HEIGHT="2" WC="0.81" CONTENT="—I"/><SP WIDTH="30" VPOS="1035" HPOS="1393"/>
							<String ID="string_642" HPOS="1423" VPOS="1023" WIDTH="145" HEIGHT="20" WC="0.81" CONTENT="831172115:"/><SP WIDTH="16" VPOS="1023" HPOS="1568"/>
							<String ID="string_643" HPOS="1584" VPOS="1023" WIDTH="123" HEIGHT="21" WC="0.0" CONTENT="44dl15:157"/>
						</TextLine>
						<TextLine ID="line_76" HPOS="1062" VPOS="1168" WIDTH="663" HEIGHT="24">
							<String ID="string_644" HPOS="1062" VPOS="1168" WIDTH="29" HEIGHT="22" WC="0.53" CONTENT="53)"/><SP WIDTH="21" VPOS="1168" HPOS="1091"/>
							<String ID="string_645" HPOS="1112" VPOS="1171" WIDTH="42" HEIGHT="20" WC="0.96" CONTENT="162"/><SP WIDTH="12" VPOS="1171" HPOS="1154"/>
							<String ID="string_646" HPOS="1166" VPOS="1164" WIDTH="15" HEIGHT="37" WC="0.0" CONTENT="|"/><SP WIDTH="2" VPOS="1164" HPOS="1181"/>
							<String ID="string_647" HPOS="1183" VPOS="1171" WIDTH="44" HEIGHT="20" WC="0.0" CONTENT="438"/><SP WIDTH="22" VPOS="1171" HPOS="1227"/>
							<String ID="string_648" HPOS="1249" VPOS="1172" WIDTH="44" HEIGHT="20" WC="0.52" CONTENT="1549]"/><SP WIDTH="40" VPOS="1172" HPOS="1293"/>
							<String ID="string_649" HPOS="1333" VPOS="1172" WIDTH="13" HEIGHT="20" WC="0.80" CONTENT="9"/><SP WIDTH="33" VPOS="1172" HPOS="1346"/>
							<String ID="string_650" HPOS="1379" VPOS="1171" WIDTH="13" HEIGHT="20" WC="0.67" CONTENT="2j"/><SP WIDTH="31" VPOS="1171" HPOS="1392"/>
							<String ID="string_651" HPOS="1423" VPOS="1171" WIDTH="302" HEIGHT="21" WC="0.0" CONTENT="241184]15:131d15:194d"/>
						</TextLine>
						<TextLine ID="line_77" HPOS="1062" VPOS="1406" WIDTH="645" HEIGHT="24">
							<String ID="string_652" HPOS="1062" VPOS="1406" WIDTH="29" HEIGHT="22" WC="0.50" CONTENT="531"/><SP WIDTH="21" VPOS="1406" HPOS="1091"/>
							<String ID="string_653" HPOS="1112" VPOS="1408" WIDTH="43" HEIGHT="21" WC="0.92" CONTENT="146"/><SP WIDTH="7" VPOS="1408" HPOS="1155"/>
							<String ID="string_654" HPOS="1162" VPOS="1402" WIDTH="28" HEIGHT="37" WC="0.93" CONTENT="|"/><SP WIDTH="12" VPOS="1402" HPOS="1190"/>
							<String ID="string_655" HPOS="1202" VPOS="1421" WIDTH="26" HEIGHT="2" WC="0.62" CONTENT="—|"/><SP WIDTH="39" VPOS="1421" HPOS="1228"/>
							<String ID="string_656" HPOS="1267" VPOS="1421" WIDTH="27" HEIGHT="3" WC="0.0" CONTENT="—LI"/><SP WIDTH="39" VPOS="1421" HPOS="1294"/>
							<String ID="string_657" HPOS="1333" VPOS="1410" WIDTH="13" HEIGHT="20" WC="0.39" CONTENT="61"/><SP WIDTH="22" VPOS="1410" HPOS="1346"/>
							<String ID="string_658" HPOS="1368" VPOS="1421" WIDTH="26" HEIGHT="3" WC="0.40" CONTENT="—|"/><SP WIDTH="16" VPOS="1421" HPOS="1394"/>
							<String ID="string_659" HPOS="1410" VPOS="1409" WIDTH="42" HEIGHT="21" WC="0.0" CONTENT="1191"/><SP WIDTH="22" VPOS="1409" HPOS="1452"/>
							<String ID="string_660" HPOS="1474" VPOS="1409" WIDTH="95" HEIGHT="21" WC="0.0" CONTENT="245118:"/><SP WIDTH="16" VPOS="1409" HPOS="1569"/>
							<String ID="string_661" HPOS="1585" VPOS="1414" WIDTH="22" HEIGHT="15" WC="0.91" CONTENT="42"/><SP WIDTH="29" VPOS="1414" HPOS="1607"/>
							<String ID="string_662" HPOS="1636" VPOS="1409" WIDTH="71" HEIGHT="20" WC="0.26" CONTENT="|18:126"/>
						</TextLine>
						<TextLine ID="line_78" HPOS="1061" VPOS="1763" WIDTH="646" HEIGHT="24">
							<String ID="string_663" HPOS="1061" VPOS="1763" WIDTH="30" HEIGHT="22" WC="0.20" CONTENT="531"/><SP WIDTH="21" VPOS="1763" HPOS="1091"/>
							<String ID="string_664" HPOS="1112" VPOS="1766" WIDTH="42" HEIGHT="21" WC="0.76" CONTENT="110]"/><SP WIDTH="48" VPOS="1766" HPOS="1154"/>
							<String ID="string_665" HPOS="1202" VPOS="1778" WIDTH="26" HEIGHT="3" WC="0.27" CONTENT="—I"/><SP WIDTH="39" VPOS="1778" HPOS="1228"/>
							<String ID="string_666" HPOS="1267" VPOS="1778" WIDTH="27" HEIGHT="3" WC="0.41" CONTENT="—J]"/><SP WIDTH="39" VPOS="1778" HPOS="1294"/>
							<String ID="string_667" HPOS="1333" VPOS="1767" WIDTH="13" HEIGHT="20" WC="0.80" CONTENT="6|"/><SP WIDTH="23" VPOS="1767" HPOS="1346"/>
							<String ID="string_668" HPOS="1369" VPOS="1778" WIDTH="25" HEIGHT="3" WC="0.6" CONTENT="—|"/><SP WIDTH="16" VPOS="1778" HPOS="1394"/>
							<String ID="string_669" HPOS="1410" VPOS="1766" WIDTH="158" HEIGHT="21" WC="0.24" CONTENT="1361273121:"/><SP WIDTH="16" VPOS="1766" HPOS="1568"/>
							<String ID="string_670" HPOS="1584" VPOS="1771" WIDTH="22" HEIGHT="15" WC="0.96" CONTENT="23"/><SP WIDTH="28" VPOS="1771" HPOS="1606"/>
							<String ID="string_671" HPOS="1634" VPOS="1767" WIDTH="36" HEIGHT="20" WC="0.91" CONTENT="121:"/><SP WIDTH="15" VPOS="1767" HPOS="1670"/>
							<String ID="string_672" HPOS="1685" VPOS="1771" WIDTH="22" HEIGHT="16" WC="0.71" CONTENT="98"/>
						</TextLine>
						<TextLine ID="line_79" HPOS="1123" VPOS="1800" WIDTH="330" HEIGHT="16">
							<String ID="string_673" HPOS="1123" VPOS="1800" WIDTH="22" HEIGHT="16" WC="0.96" CONTENT="29"/><SP WIDTH="286" VPOS="1800" HPOS="1145"/>
							<String ID="string_674" HPOS="1431" VPOS="1801" WIDTH="22" HEIGHT="15" WC="0.96" CONTENT="65"/>
						</TextLine>
						<TextLine ID="line_80" HPOS="1061" VPOS="1853" WIDTH="647" HEIGHT="24">
							<String ID="string_675" HPOS="1061" VPOS="1853" WIDTH="31" HEIGHT="22" WC="0.51" CONTENT="54"/><SP WIDTH="34" VPOS="1853" HPOS="1092"/>
							<String ID="string_676" HPOS="1126" VPOS="1855" WIDTH="27" HEIGHT="20" WC="0.79" CONTENT="421"/><SP WIDTH="49" VPOS="1855" HPOS="1153"/>
							<String ID="string_677" HPOS="1202" VPOS="1868" WIDTH="25" HEIGHT="2" WC="0.83" CONTENT="—I"/><SP WIDTH="40" VPOS="1868" HPOS="1227"/>
							<String ID="string_678" HPOS="1267" VPOS="1868" WIDTH="26" HEIGHT="3" WC="0.76" CONTENT="—I"/><SP WIDTH="39" VPOS="1868" HPOS="1293"/>
							<String ID="string_679" HPOS="1332" VPOS="1856" WIDTH="14" HEIGHT="20" WC="0.47" CONTENT="6)"/><SP WIDTH="22" VPOS="1856" HPOS="1346"/>
							<String ID="string_680" HPOS="1368" VPOS="1868" WIDTH="26" HEIGHT="3" WC="0.0" CONTENT="—|"/><SP WIDTH="30" VPOS="1868" HPOS="1394"/>
							<String ID="string_681" HPOS="1424" VPOS="1855" WIDTH="93" HEIGHT="22" WC="0.58" CONTENT="301105]"/><SP WIDTH="31" VPOS="1855" HPOS="1517"/>
							<String ID="string_682" HPOS="1548" VPOS="1856" WIDTH="20" HEIGHT="20" WC="0.95" CONTENT="8:"/><SP WIDTH="18" VPOS="1856" HPOS="1568"/>
							<String ID="string_683" HPOS="1586" VPOS="1860" WIDTH="21" HEIGHT="16" WC="0.92" CONTENT="12"/><SP WIDTH="7" VPOS="1860" HPOS="1607"/>
							<String ID="string_684" HPOS="1614" VPOS="1849" WIDTH="24" HEIGHT="37" WC="0.94" CONTENT="|"/><SP WIDTH="11" VPOS="1849" HPOS="1638"/>
							<String ID="string_685" HPOS="1649" VPOS="1856" WIDTH="21" HEIGHT="20" WC="0.91" CONTENT="8"/><SP WIDTH="16" VPOS="1856" HPOS="1670"/>
							<String ID="string_686" HPOS="1686" VPOS="1860" WIDTH="22" HEIGHT="16" WC="0.95" CONTENT="67"/>
						</TextLine>
						<TextLine ID="line_81" HPOS="1061" VPOS="2002" WIDTH="646" HEIGHT="24">
							<String ID="string_687" HPOS="1061" VPOS="2002" WIDTH="30" HEIGHT="22" WC="0.70" CONTENT="54"/><SP WIDTH="40" VPOS="2002" HPOS="1091"/>
							<String ID="string_688" HPOS="1131" VPOS="2016" WIDTH="26" HEIGHT="3" WC="0.41" CONTENT="—I"/><SP WIDTH="45" VPOS="2016" HPOS="1157"/>
							<String ID="string_689" HPOS="1202" VPOS="2005" WIDTH="88" HEIGHT="21" WC="0.24" CONTENT="—lI201]"/><SP WIDTH="43" VPOS="2005" HPOS="1290"/>
							<String ID="string_690" HPOS="1333" VPOS="2005" WIDTH="13" HEIGHT="20" WC="0.32" CONTENT="6"/><SP WIDTH="22" VPOS="2005" HPOS="1346"/>
							<String ID="string_691" HPOS="1368" VPOS="2017" WIDTH="26" HEIGHT="2" WC="0.46" CONTENT="—|"/><SP WIDTH="29" VPOS="2017" HPOS="1394"/>
							<String ID="string_692" HPOS="1423" VPOS="2005" WIDTH="29" HEIGHT="20" WC="0.88" CONTENT="561"/><SP WIDTH="41" VPOS="2005" HPOS="1452"/>
							<String ID="string_693" HPOS="1493" VPOS="2005" WIDTH="176" HEIGHT="20" WC="0.6" CONTENT="&#39;—-H2::6roll2:"/><SP WIDTH="16" VPOS="2005" HPOS="1669"/>
							<String ID="string_694" HPOS="1685" VPOS="2009" WIDTH="22" HEIGHT="15" WC="0.96" CONTENT="79"/>
						</TextLine>
						<TextLine ID="line_82" HPOS="1060" VPOS="2061" WIDTH="648" HEIGHT="25">
							<String ID="string_695" HPOS="1060" VPOS="2061" WIDTH="84" HEIGHT="24" WC="0.10" CONTENT="5411:6"/><SP WIDTH="14" VPOS="2061" HPOS="1144"/>
							<String ID="string_696" HPOS="1158" VPOS="2057" WIDTH="34" HEIGHT="38" WC="0.90" CONTENT="|"/><SP WIDTH="9" VPOS="2057" HPOS="1192"/>
							<String ID="string_697" HPOS="1201" VPOS="2075" WIDTH="27" HEIGHT="6" WC="0.78" CONTENT="—I"/><SP WIDTH="39" VPOS="2075" HPOS="1228"/>
							<String ID="string_698" HPOS="1267" VPOS="2076" WIDTH="26" HEIGHT="4" WC="0.74" CONTENT="—I"/><SP WIDTH="39" VPOS="2076" HPOS="1293"/>
							<String ID="string_699" HPOS="1332" VPOS="2064" WIDTH="17" HEIGHT="21" WC="0.42" CONTENT="6"/><SP WIDTH="19" VPOS="2064" HPOS="1349"/>
							<String ID="string_700" HPOS="1368" VPOS="2076" WIDTH="43" HEIGHT="10" WC="0.0" CONTENT="—K"/><SP WIDTH="27" VPOS="2076" HPOS="1411"/>
							<String ID="string_701" HPOS="1438" VPOS="2064" WIDTH="14" HEIGHT="20" WC="0.55" CONTENT="41)"/><SP WIDTH="53" VPOS="2064" HPOS="1452"/>
							<String ID="string_702" HPOS="1505" VPOS="2064" WIDTH="110" HEIGHT="21" WC="0.35" CONTENT="4122:151"/><SP WIDTH="18" VPOS="2064" HPOS="1615"/>
							<String ID="string_703" HPOS="1633" VPOS="2064" WIDTH="75" HEIGHT="21" WC="0.50" CONTENT="[22:188"/>
						</TextLine>
						<TextLine ID="line_83" HPOS="1117" VPOS="2098" WIDTH="336" HEIGHT="16">
							<String ID="string_704" HPOS="1117" VPOS="2098" WIDTH="33" HEIGHT="16" WC="0.96" CONTENT="178"/><SP WIDTH="281" VPOS="2098" HPOS="1150"/>
							<String ID="string_705" HPOS="1431" VPOS="2098" WIDTH="22" HEIGHT="16" WC="0.94" CONTENT="76"/>
						</TextLine>
					</TextBlock>
				</ComposedBlock>
				<ComposedBlock ID="cblock_12" HPOS="1093" VPOS="133" WIDTH="6" HEIGHT="1984">
					<TextBlock ID="block_21" HPOS="1093" VPOS="133" WIDTH="6" HEIGHT="1984">
						<TextLine ID="line_84" HPOS="1093" VPOS="133" WIDTH="6" HEIGHT="1984">
							<String ID="string_706" HPOS="1093" VPOS="133" WIDTH="6" HEIGHT="1984" WC="0.95" CONTENT=" "/>
						</TextLine>
					</TextBlock>
				</ComposedBlock>
				<ComposedBlock ID="cblock_13" HPOS="1170" VPOS="133" WIDTH="5" HEIGHT="1988">
					<TextBlock ID="block_22" HPOS="1170" VPOS="133" WIDTH="5" HEIGHT="1988">
						<TextLine ID="line_85" HPOS="1170" VPOS="133" WIDTH="5" HEIGHT="1988">
							<String ID="string_707" HPOS="1170" VPOS="133" WIDTH="5" HEIGHT="1988" WC="0.95" CONTENT=" "/>
						</TextLine>
					</TextBlock>
				</ComposedBlock>
				<ComposedBlock ID="cblock_14" HPOS="1237" VPOS="198" WIDTH="3" HEIGHT="1922">
					<TextBlock ID="block_23" HPOS="1237" VPOS="198" WIDTH="3" HEIGHT="1922">
						<TextLine ID="line_86" HPOS="1237" VPOS="198" WIDTH="3" HEIGHT="1922">
							<String ID="string_708" HPOS="1237" VPOS="198" WIDTH="3" HEIGHT="1922" WC="0.95" CONTENT=" "/>
						</TextLine>
					</TextBlock>
				</ComposedBlock>
				<ComposedBlock ID="cblock_15" HPOS="1303" VPOS="133" WIDTH="4" HEIGHT="1986">
					<TextBlock ID="block_24" HPOS="1303" VPOS="133" WIDTH="4" HEIGHT="1986">
						<TextLine ID="line_87" HPOS="1303" VPOS="133" WIDTH="4" HEIGHT="1986">
							<String ID="string_709" HPOS="1303" VPOS="133" WIDTH="4" HEIGHT="1986" WC="0.95" CONTENT=" "/>
						</TextLine>
					</TextBlock>
				</ComposedBlock>
				<ComposedBlock ID="cblock_16" HPOS="1396" VPOS="193" WIDTH="6" HEIGHT="1926">
					<TextBlock ID="block_25" HPOS="1396" VPOS="193" WIDTH="6" HEIGHT="1926">
						<TextLine ID="line_88" HPOS="1396" VPOS="193" WIDTH="6" HEIGHT="1926">
							<String ID="string_710" HPOS="1396" VPOS="193" WIDTH="6" HEIGHT="1926" WC="0.95" CONTENT=" "/>
						</TextLine>
					</TextBlock>
				</ComposedBlock>
				<ComposedBlock ID="cblock_17" HPOS="1399" VPOS="193" WIDTH="3" HEIGHT="1926">
					<TextBlock ID="block_26" HPOS="1399" VPOS="193" WIDTH="3" HEIGHT="1926">
						<TextLine ID="line_89" HPOS="1399" VPOS="193" WIDTH="3" HEIGHT="1926">
							<String ID="string_711" HPOS="1399" VPOS="193" WIDTH="3" HEIGHT="1926" WC="0.95" CONTENT=" "/>
						</TextLine>
					</TextBlock>
				</ComposedBlock>
				<ComposedBlock ID="cblock_18" HPOS="1349" VPOS="193" WIDTH="5" HEIGHT="1927">
					<TextBlock ID="block_27" HPOS="1349" VPOS="193" WIDTH="5" HEIGHT="1927">
						<TextLine ID="line_90" HPOS="1349" VPOS="193" WIDTH="5" HEIGHT="1927">
							<String ID="string_712" HPOS="1349" VPOS="193" WIDTH="5" HEIGHT="1927" WC="0.95" CONTENT=" "/>
						</TextLine>
					</TextBlock>
				</ComposedBlock>
				<ComposedBlock ID="cblock_19" HPOS="1461" VPOS="133" WIDTH="5" HEIGHT="1985">
					<TextBlock ID="block_28" HPOS="1461" VPOS="133" WIDTH="5" HEIGHT="1985">
						<TextLine ID="line_91" HPOS="1461" VPOS="133" WIDTH="5" HEIGHT="1985">
							<String ID="string_713" HPOS="1461" VPOS="133" WIDTH="5" HEIGHT="1985" WC="0.95" CONTENT=" "/>
						</TextLine>
					</TextBlock>
				</ComposedBlock>
				<ComposedBlock ID="cblock_20" HPOS="1528" VPOS="133" WIDTH="5" HEIGHT="1985">
					<TextBlock ID="block_29" HPOS="1528" VPOS="133" WIDTH="5" HEIGHT="1985">
						<TextLine ID="line_92" HPOS="1528" VPOS="133" WIDTH="5" HEIGHT="1985">
							<String ID="string_714" HPOS="1528" VPOS="133" WIDTH="5" HEIGHT="1985" WC="0.95" CONTENT=" "/>
						</TextLine>
					</TextBlock>
				</ComposedBlock>
				<ComposedBlock ID="cblock_21" HPOS="1629" VPOS="194" WIDTH="4" HEIGHT="1926">
					<TextBlock ID="block_30" HPOS="1629" VPOS="194" WIDTH="4" HEIGHT="1926">
						<TextLine ID="line_93" HPOS="1629" VPOS="194" WIDTH="4" HEIGHT="1926">
							<String ID="string_715" HPOS="1629" VPOS="194" WIDTH="4" HEIGHT="1926" WC="0.95" CONTENT=" "/>
						</TextLine>
					</TextBlock>
				</ComposedBlock>
				<ComposedBlock ID="cblock_22" HPOS="358" VPOS="2321" WIDTH="1435" HEIGHT="17">
					<TextBlock ID="block_31" HPOS="358" VPOS="2321" WIDTH="1435" HEIGHT="17">
						<TextLine ID="line_94" HPOS="358" VPOS="2321" WIDTH="1435" HEIGHT="17">
							<String ID="string_716" HPOS="358" VPOS="2321" WIDTH="1435" HEIGHT="17" WC="0.95" CONTENT=" "/>
						</TextLine>
					</TextBlock>
				</ComposedBlock>
				<ComposedBlock ID="cblock_23" HPOS="1795" VPOS="67" WIDTH="17" HEIGHT="1943">
					<TextBlock ID="block_32" HPOS="1795" VPOS="67" WIDTH="17" HEIGHT="1943">
						<TextLine ID="line_95" HPOS="1795" VPOS="67" WIDTH="17" HEIGHT="1943">
							<String ID="string_717" HPOS="1795" VPOS="67" WIDTH="17" HEIGHT="1943" WC="0.95" CONTENT=" "/>
						</TextLine>
					</TextBlock>
				</ComposedBlock>
				<ComposedBlock ID="cblock_24" HPOS="1730" VPOS="133" WIDTH="4" HEIGHT="1986">
					<TextBlock ID="block_33" HPOS="1730" VPOS="133" WIDTH="4" HEIGHT="1986">
						<TextLine ID="line_96" HPOS="1730" VPOS="133" WIDTH="4" HEIGHT="1986">
							<String ID="string_718" HPOS="1730" VPOS="133" WIDTH="4" HEIGHT="1986" WC="0.95" CONTENT=" "/>
						</TextLine>
					</TextBlock>
				</ComposedBlock>
			</PrintSpace>
		</Page>
	</Layout>
</alto>
