1863 2365
824 143 135 34 SAKREGISTER
1649 148 42 20 455

87 199 39 51 CS
1034 208 52 41 oZ|
1250 238 48 17 RR
1416 221 53 18 Riks-

981 244 17 25 SOS
1034 246 52 29 Ri
1192 240 1 30 |
1268 240 17 33 -
1299 239 44 17 OK:
1406 245 72 33 dagens
1536 252 117 17 Kamrarnas

981 274 17 12 >»
1010 264 21 33 |
1034 270 41 14 "=
1092 268 101 18 Motioner!
1203 264 22 33 =
1238 268 111 17 utlåtanden
1455 281 3 3 3
1531 284 7 3 z
1612 282 4 3 SHR

981 290 11 9 a
1034 289 41 11 lav
1192 289 1 14 |
1348 298 3 3 :
1411 277 55 31 skri-
1521 281 142 23 förhandlingar

981 304 17 11 ee
1035 301 40 20 INS
1192 304 1 19 j
1214 298 46 17 eller
1273 298 98 18 memorial
1437 311 5 17 SN

981 320 12 11 »
1034 316 41 27 [52
1192 328 1 6 I
1413 316 62 13 velser

976 335 22 40 T
1034 336 40 48 Ex
1085 335 96 69 leglar
1192 339 73 44 FE
1275 348 112 37 Fe
1448 353 32 26 la
1509 366 67 17 Första
1590 354 2 20 |
1609 345 71 48 Ändrn

981 380 11 8 É
1035 385 35 30 SS
1091 376 91 45 PETAR
1193 382 68 34 BLA
1303 376 16 27 z
1341 386 1 22 |
1362 380 17 32 2
1416 377 16 27 é
1463 381 17 31 E
1506 390 69 17 Fsinin
1597 371 73 45 RRmnr

106 423 178 36 Expropriation.
1085 430 1 34 |
1192 430 84 31 FR
1341 431 1 21 |
1449 432 1 28 |
1591 432 1 28 |
1692 413 2 43 |

107 463 10 15 3
136 458 104 20 Motioner
255 465 47 19 ang.
314 458 305 26 expropriationslagstiftning
628 458 34 20 för
672 458 121 26 främjande
804 465 26 13 av
841 458 103 21 kolonisa-
961 460 54 20 |1925
1085 460 47 20 162
1146 455 48 44 167]
1212 461 53 20 91:21
1303 456 39 32 251
1449 462 1 6 I
1503 463 33 19 132:
1547 463 27 20 8d
1591 467 1 13 |
1604 463 33 20 34:
1648 464 41 20 e5d

150 488 71 20 tionen
238 488 45 20 dels
299 488 7 20 i
317 488 106 20 Norrland
434 488 38 20 och
485 488 92 20 Dalarna
588 487 45 21 dels
644 488 39 20 ock
695 488 6 20 i
713 487 62 21 södra
787 488 39 20 och
838 488 108 21 mellersta
1085 490 108 26 11631168/'
1234 463 1 56 |
1276 503 1 9 i
1341 489 1 10 Pr
1591 492 1 23 |
1692 502 2 17 I

150 518 87 20 delarna
253 525 26 13 av
295 518 55 20 riket
366 518 75 20 avslås.
1085 519 1 32 |
1192 520 1 16 |
1234 521 1 37 |
1276 515 1 37 |
1341 501 1 69 |
1392 521 1 28 |
1692 533 2 21 |

85 573 2 3 |
109 583 5 15 1
135 577 105 21 Motioner
255 584 46 19 ang.
314 577 306 27 expropriationslagstiftning
630 578 32 19 för
673 578 121 25 främjande
805 584 26 14 av
841 578 103 20 kolonisa-
960 579 57 21 1926]
1085 568 1 32 |
1138 564 55 50 I176)
1212 581 12 19 9
1234 560 1 36 |
1254 582 11 18 2
1276 566 1 24 |
1304 575 38 25 JANE
1448 597 1 6 I
1506 578 29 35 19:
1547 573 46 36 ssd]
1604 584 33 19 20:
1650 583 44 25 15d|

85 616 1 24 |
150 607 71 20 tionen
239 607 45 21 dels
300 607 6 20 i
318 607 105 20 Norrland
433 607 40 21 och
485 607 93 20 Dalarna
589 607 45 20 dels
645 607 39 20 ock
696 607 6 20 i
714 607 62 21 södra
787 608 39 20 och
838 607 107 21 mellersta
1085 603 1 39 |
1138 610 55 20 177]
1234 599 1 40 |
1341 617 1 22 |
1392 606 6 31 I
1693 625 1 4 |

85 642 1 24 I
150 637 87 20 delarna
253 644 26 13 av
294 637 55 20 riket
365 637 75 21 avslås.
1085 643 1 27 |
1138 630 2 34 |
1348 635 37 38 ef

86 710 1 3 |
107 702 9 15 2
135 697 37 20 RD
195 697 97 20 anhåller
314 703 35 14 om
374 696 119 27 utredning,
513 696 107 21 huruvida
636 696 98 27 gällande
750 697 196 26 lagbestämmelser
946 692 9 35 |
984 708 7 9 »
1085 699 46 21 193
1212 701 65 32 912
1303 700 26 20 26
1341 706 1 7 |
1392 693 57 38 |249]
1504 702 32 19 34:
1547 707 25 15 86
1580 697 18 34 |
1604 702 68 20 34:49

149 728 39 19 rör.
201 726 115 21 elektriska
324 726 152 27 anläggningar
485 727 50 20 böra
543 726 77 21 ändras
629 727 6 20 i
644 726 41 21 den
694 726 96 27 riktning
798 729 31 19 att
837 728 109 25 menighet
1085 724 1 17 |
1392 729 57 25 örtoel

150 757 40 24 må,
208 756 38 21 där
261 758 31 19 ett
307 757 33 19 för
355 758 70 19 staten
441 756 52 21 eller
508 756 33 21 för
557 763 71 13 annan
645 756 108 26 menighet
769 757 77 26 viktigt
857 757 88 21 intresse
1085 759 1 21 I
1139 755 1 17 |
1341 776 1 8 I
1396 764 1 32 |
1448 754 1 22 |

84 802 1 12 |
148 786 36 20 det
199 786 80 25 kräver,
297 786 73 20 kunna
386 786 84 27 åläggas
486 786 123 27 skyldighet
619 788 32 19 att
661 787 58 19 inom
731 786 93 25 område,
835 787 33 20 för
879 787 67 21 vilket
1089 784 34 35 ES
1234 792 1 3 I
1341 787 56 28 Je)

84 817 1 30 |
149 816 199 26 byggnadsstadgan
372 816 33 20 för
424 816 65 20 rikets
508 816 70 20 städer
594 818 49 24 äger
658 816 145 27 tillämpning,
820 817 51 20 eller
886 817 58 20 inom
1085 839 1 13 |
1138 811 2 36 |
1234 807 1 28 |
1341 816 1 29 |
1392 818 6 32 I
1448 812 1 30 |
1692 817 1 24 I

84 859 1 17 |
149 846 102 20 fastställt
266 846 155 20 hamnområde
437 847 60 19 avstå
513 846 51 20 eller
579 846 91 26 upplåta
680 848 55 24 gata,
747 848 46 24 torg
803 846 51 21 eller
865 847 80 20 allmän
1085 863 1 9 |
1138 849 2 32 |
1234 847 1 29 I
1341 852 1 22 fore
1448 847 1 9 I
1591 850 1 23 I
1692 848 1 19 |

84 879 1 4 I
149 876 55 26 plats
228 876 33 20 för
283 875 165 26 framdragande
468 882 25 14 av
509 875 102 21 elektrisk
627 876 271 26 starkströmsanläggning,
916 884 28 13 er-
1085 883 1 23 |
1234 880 1 27 |
1343 873 28 36 ES
1448 878 1 12 I
1692 879 1 43 |

151 905 100 27 forderlig
267 906 33 20 för
315 905 101 21 elektrisk
432 906 89 26 järnväg
537 905 52 21 eller
604 906 95 26 spårväg.
1085 905 55 33 re
1341 903 1 36 |
1448 902 1 15 |
1692 933 1 6 |

107 970 6 15 1
134 965 80 20 Motion
232 972 46 19 ang.
296 965 93 20 ändrade
407 965 160 20 bestämmelser
582 965 7 20 i
605 965 59 26 fråga
680 972 35 13 om
732 966 117 26 ersättning
864 966 31 20 till
911 973 33 14 ex-
960 966 55 23 1927
1085 956 1 10 |
1138 961 55 39 1104]
1212 964 23 30 91
1254 969 11 20 2
1317 969 25 31 3|
1397 948 1 22 |
1503 969 171 21 tlogderdtl:sd
1692 962 1 34 |

149 995 249 27 propriationsnämnder
414 995 101 20 förfaller.
1138 1002 1 12 |
1192 984 1 42 |
1234 997 1 25 |
1303 999 26 20 20
1341 1001 1 23 |
1503 1000 66 20 15:61
1591 992 63 28 |15:1
1692 998 1 31 |

1234 1031 1 19 ä
1341 1033 1 25 |
1692 1043 2 15 |

85 1072 1 11 |
106 1066 9 15 2
135 1060 81 21 Motion
240 1067 34 13 om
299 1060 114 26 utredning
437 1060 39 21 och
500 1060 85 27 förslag,
602 1061 28 26 på
645 1061 41 20 vad
702 1062 42 19 sätt
760 1061 39 20 och
815 1061 7 20 i
839 1061 40 21 vad
895 1062 50 20 mån|
984 1071 7 10 »
1173 1056 169 31 le
1392 1075 1 21 |
1504 1065 31 20 11:
1547 1065 45 21 28d'
1604 1065 31 20 11:
1648 1065 40 20 26d

85 1088 1 3 I
150 1090 235 26 väghållningsdistrikt
407 1091 35 19 må
464 1092 39 24 äga
518 1092 42 19 rätt
575 1092 32 19 att
622 1091 33 20 för
671 1090 80 21 allmän
767 1092 50 25 vägs
832 1091 114 21 underhåll
1192 1116 1 6 |
1276 1089 1 21 |
1341 1088 52 32 Be
1692 1092 1 13 I

149 1120 135 27 expropriera
307 1120 137 26 erforderliga
467 1120 112 25 stenbrott,
596 1120 67 25 sand-,
680 1127 56 20 grus-
753 1121 51 20 eller
820 1121 126 27 pinnmotag
1139 1124 138 28 BOSS
1341 1123 1 29 |

149 1151 67 26 jämte
234 1150 112 26 behövliga
361 1150 172 27 upplagsplatser
549 1150 76 21 avslås.
1085 1156 1 7 |
1192 1153 1 7 VERS
1341 1155 1 52 |
1448 1168 1 6 |

1085 1184 55 13 Red
1276 1178 1 20 a
1448 1180 1 8 |

85 1236 1 3 |
107 1222 9 14 3
135 1216 81 20 Motion
233 1222 34 14 om
285 1215 119 21 beredande
420 1222 26 14 av
462 1217 42 19 rätt
520 1216 32 20 för
568 1216 251 26 arbetarorganisationer
830 1217 39 20 och
880 1217 66 20 andra|
984 1227 8 10 »
1085 1210 55 37 148]
1212 1208 23 32 9
1254 1218 23 21 ar
1320 1221 11 18 g
1504 1221 25 19 12:
1547 1221 26 20 2d
1591 1213 66 27 |12:5
1692 1235 1 11 I

149 1246 78 20 ideella
250 1245 219 27 sammanslutningar
493 1247 31 19 att
539 1246 7 19 i
563 1246 56 20 vissa
637 1246 39 20 fall
696 1252 75 20 genom
788 1247 157 25 tvångsinlösen
1139 1246 1 30 |
1234 1242 1 31 |
1341 1257 1 16 |
1692 1253 1 13 I

150 1276 98 20 förvärva
264 1275 61 21 mark
342 1275 74 21 avslås.
1139 1280 1 24 |
1234 1287 1 7 |
1341 1288 1 16 |

135 1341 37 20 RD
189 1344 86 23 antager
290 1341 80 26 förslag
385 1341 33 20 till
434 1341 35 26 lag
485 1348 35 13 om
535 1341 81 21 ändrad
627 1341 81 27 lydelse
719 1348 26 14 av
758 1342 6 20 i
780 1342 9 19 1
808 1342 13 25 8
832 1342 60 26 lagen
905 1342 41 21 den
961 1342 56 23 |1928]
1039 1345 28 20 86
1139 1338 1 28 |
1212 1347 23 19 9)
1255 1345 9 19 11
1303 1346 26 20 30
1402 1346 39 19 231
1503 1346 32 20 32:
1548 1347 44 19 115)
1604 1346 25 20 35:
1650 1351 37 15 110

151 1371 26 20 12
202 1372 44 26 maj
268 1370 56 21 1917
345 1378 35 13 om
400 1371 158 27 expropriation
581 1371 148 26 (medgivande
746 1378 25 14 av
788 1372 157 26 expropriation
1139 1378 1 22 |
1234 1371 1 19 |
1591 1368 1 23 |
1692 1370 1 30 |

149 1401 33 20 för
198 1401 166 26 tillgodoseende
380 1407 27 14 av
422 1401 194 26 fjällrenskötselns
633 1401 81 27 behov).
1139 1401 1 24 |
1234 1406 1 3 I
1591 1417 1 7 |

135 1467 36 20 RD
195 1466 97 21 anhåller
315 1473 35 13 om
374 1466 115 26 utredning
508 1473 35 14 om
560 1466 124 27 lämpligare
702 1467 159 20 bestämmelser
876 1469 28 19 än
920 1467 25 21 de
961 1467 56 24 1929]
1085 1460 1 36 |
1139 1450 1 21 |
1159 1457 35 38 90)
1212 1472 12 19 9)
1254 1471 12 18 2)
1416 1470 28 20 48
1503 1466 31 35 fi;
1648 1476 24 15 48

106 1943 75 21 Extra
196 1942 156 27 lönetillägg;
369 1951 21 14 se
406 1943 145 28 Lönetillägg,
568 1939 65 26 extra.
954 1937 2 32 |

87 2013 1 14 '
106 2015 75 21 Extra
193 2014 123 27 personal,
327 2016 184 26 ämbetsverkens;
522 2023 22 14 se
556 2016 160 22 Förbättrande
726 2023 27 14 av
764 2016 183 22 butiksbiträdens

149 1496 98 26 gällande
264 1496 132 20 beträffande
412 1496 119 26 ordningen
546 1497 33 20 för
594 1496 159 27 uppskattande
769 1503 26 14 av
811 1497 87 21 arvodet
912 1497 34 21 till

150 1526 117 21 ledamöter
283 1526 6 20 i
306 1526 253 26 expropriationsnämnd
576 1526 66 26 enligt
657 1526 62 27 lagen
735 1533 34 14 om
787 1527 158 27 expropriation

150 1556 42 20 den
211 1556 26 20 12
254 1556 43 26 maj
316 1555 64 21 1917.

163 1592 23 17 Se
199 1591 35 17 ock
248 1591 98 19 Arrende
360 1590 59 23 (1929:
430 1592 20 21 1),
463 1591 61 23 Egna
537 1591 48 19 hem
598 1591 67 22 (1928),
679 1592 51 18 Fast
743 1592 105 22 egendom
857 1592 58 22 (1929:
924 1593 22 20 4),

174 1615 195 23 Interpellationer
386 1615 59 22 (1929:
455 1616 21 19 3),
495 1615 136 23 Jordfrågan
650 1615 82 23 (1925:2;
752 1616 54 20 1927;
826 1616 52 17 1929:
895 1622 15 16 2,
925 1616 21 22 3),

175 1638 178 24 Jordupplåtelse
361 1639 67 22 (1923),
437 1639 113 23 Lappland
556 1639 41 19 och
603 1639 110 23 lapparna
720 1640 59 21 (1929:
788 1640 21 21 2),
817 1640 129 23 Nyttjande-

174 1663 49 19 rätt
241 1663 83 22 (1921:2,
339 1669 14 14 3;
373 1663 76 19 1922:2;
469 1663 81 20 1925:1),
570 1663 126 19 Tomtmark
715 1664 34 18 till
764 1664 106 19 bostäder
881 1664 65 22 (1929),

174 1687 124 19 Vattenfall
313 1686 65 22 (1929),
392 1686 148 24 Väghållning
553 1687 59 21 (1930:
621 1688 32 20 11).

106 1751 288 23 Exterritorialitetsrätt.

137 1784 52 26 Ang.
214 1783 64 27 ryska
301 1783 250 26 handelsdelegationens
575 1784 191 24 exterritorialrätt;
784 1791 21 14 se
821 1784 125 27 Interpella-

152 1813 68 21 tioner
235 1813 73 26 (1928:
320 1814 26 25 6).

106 1872 75 21 Extra
197 1869 264 29 förmögenhetsskatt;
478 1879 21 14 se
517 1872 157 27 Bevillningar.

151 2052 26 15 m.
190 2046 39 27 fl:s
245 2045 249 28 levnadsförhållanden.
