1851 2355
160 57 43 21 506

179 236 185 27 Interpellationer.

206 272 32 20 Nr
252 272 27 20 48
295 272 131 26 (Senander):
438 272 55 27 Ang.
506 272 163 27 framläggande
681 273 33 19 för
725 272 147 21 innevarande
883 273 34 19 års
930 273 41 20 RD
983 279 28 13 av
1023 279 48 20 pro-

179 302 93 26 position
287 308 35 14 om
337 302 148 26 förstärkning
499 308 28 14 av
542 302 161 26 dyrtidstillägg
718 303 11 19 å
745 302 166 26 folkpensioner,
927 302 144 20 invaliditets-

179 332 117 20 understöd
310 332 39 20 och
362 332 137 26 barnbidrag.

206 368 31 20 Nr
252 367 26 20 49
294 368 85 25 (fröken
393 367 120 21 Andersson
528 368 5 19 i
547 368 142 25 Stockholm):
704 368 55 26 Ang.
773 367 171 27 effektivisering
956 374 29 14 av
998 368 73 26 yrkes-

178 397 151 27 inspektionen
343 398 49 19 med
406 397 85 27 hänsyn
505 397 32 20 till
552 398 25 19 de
591 398 50 19 med
654 398 166 20 kontorsarbete
834 398 102 20 förenade
950 398 70 20 ökade
1033 398 38 19 ris-

177 427 66 20 kerna
255 427 33 20 för
297 427 88 21 särskilt
395 427 41 20 den
446 427 112 26 kvinnliga
569 427 137 27 personalens
717 427 82 27 fysiska
810 428 39 19 och
860 427 103 27 psykiska
974 427 67 21 hälsa.

205 463 32 20 Nr
251 463 27 20 50
294 463 96 26 (Olovson
403 462 6 21 i
421 462 118 26 Västerås):
552 463 54 26 Ang.
620 463 173 20 föranstaltande
805 469 28 14 av
845 469 26 14 en
883 463 98 26 opartisk
993 463 77 21 under-

177 493 92 26 sökning
281 494 41 19 rör.
336 493 25 20 de
375 493 220 26 säkerhetsåtgärder,
609 499 46 14 som
668 493 101 26 vidtogos
781 493 51 20 eller
843 493 120 26 förbisågos
976 493 36 20 vid
1026 499 44 14 om-

178 523 189 26 händertagandet
379 529 28 14 av
420 523 153 26 besättningen
586 523 39 20 och
639 528 154 21 passagerarna
807 523 47 20 från
867 523 37 20 det
916 523 6 19 i
935 523 135 20 Lekvattnet

177 553 41 20 den
230 553 25 20 24
267 553 53 20 febr.
335 553 52 20 1943
399 553 137 20 nödlandade
548 553 64 26 tyska
624 553 141 26 kurirplanet.

205 589 32 19 Nr
251 588 24 20 51
294 589 112 24 (Svensson
416 588 6 20 i
431 588 142 27 Ljungskile):
583 589 55 26 Ang.
648 588 108 21 eventuell
767 588 103 27 reglering
879 595 28 13 av
917 588 94 20 handeln
1020 589 50 20 med

178 618 53 26 tidig
243 618 81 26 potatis
335 624 28 14 av
376 618 52 20 1943
439 619 34 19 års
484 618 72 20 skörd.

205 654 32 20 Nr
252 654 26 20 52
294 654 117 26 (Skoglund
423 654 6 20 i
444 654 150 26 Doverstorp):
608 654 48 26 Ang
669 654 116 26 utredning
798 655 40 19 rör.
853 653 164 21 hemskillnads-
1030 654 39 20 och

176 684 364 26 äktenskapsskillnadsinstituten.

205 720 32 20 Nr
251 720 26 20 53
293 719 97 26 (Nilsson
401 719 6 20 i
417 720 179 26 Göingegården):
610 719 7 20 I
627 720 42 20 anl.
680 726 28 13 av
718 720 40 20 den
769 720 85 20 senaste
865 719 70 21 tidens
945 720 124 26 upprepade

177 749 123 27 flygningar
314 749 87 20 särskilt
415 751 52 18 över
481 750 63 19 södra
559 750 39 19 och
614 751 74 18 västra
703 749 97 26 Sveriges
814 749 134 20 territorium
963 755 28 14 av
1005 749 65 20 främ-

177 779 79 21 mande
269 779 105 26 flygplan.

205 809 31 20 Nr
251 809 25 19 54
293 809 124 25 (Pettersson
430 808 6 20 i
450 809 130 26 Degerfors):
595 809 53 26 Ang.
662 809 41 20 den
716 808 86 27 privata
815 808 255 27 koncessionspolitikens

177 838 58 21 inom
252 838 205 27 biografbranschen
476 838 105 21 inverkan
602 839 26 26 på
648 838 141 26 möjligheten
804 840 35 18 att
854 838 67 20 ordna
937 838 134 27 samlingslo-

176 868 66 21 kaler.

205 898 31 21 Nr
251 898 26 21 55
293 898 106 26 (Kyling):
413 898 55 27 Ang.
483 898 78 20 bruket
574 904 28 14 av
615 898 106 20 sekretess
734 898 5 20 i
754 898 160 26 förvaltningen
928 898 40 20 och
981 898 88 26 hemlig-

177 928 160 27 stämplandets
348 928 134 20 förhållande
493 928 31 20 till
535 928 176 26 sekretesslagen.

205 958 31 20 Nr
251 958 26 20 56
293 958 42 25 (fru
348 957 94 27 Humla):
453 958 55 26 Ang.
519 958 121 26 tilldelning
649 964 28 14 av
687 958 100 20 fodersäd
798 957 32 21 till
840 957 165 27 hushållsgrisar
1013 959 58 19 samt

177 987 121 27 tilldelning
308 994 27 14 av
347 988 116 20 hönsfoder
472 987 32 20 till
516 987 98 27 familjer,
626 994 46 14 som
683 988 27 20 ha
720 988 54 20 höns
786 994 47 13 men
840 994 44 20 som
902 987 45 20 inte
958 994 28 13 nu
996 988 74 20 kunna

176 1018 94 20 leverera
284 1019 41 25 ägg
338 1017 5 20 i
356 1018 142 20 marknaden.

205 1047 31 20 Nr
251 1048 26 19 57
294 1047 115 25 (Johnsson
422 1047 7 19 i
443 1047 205 26 Kastanjegården):
663 1047 54 26 Ang.
731 1047 109 20 eventuell
853 1047 81 26 ökning
946 1053 28 13 av
984 1047 87 20 hushål-

177 1077 44 19 lens
233 1082 103 14 ransoner
346 1083 28 13 av
385 1076 143 26 potatismjöl.

205 1106 31 20 Nr
251 1106 26 20 58
293 1106 132 26 (Senander):
440 1106 8 20 I
458 1106 42 20 anl.
512 1112 28 14 av
551 1106 57 20 inom
620 1106 75 20 landet
705 1106 111 26 pågående
827 1106 107 26 värvning
944 1112 28 14 av
983 1105 88 27 frivillig

176 1136 134 20 arbetskraft
324 1136 32 19 till
371 1136 37 19 det
421 1136 123 20 finländska
557 1136 136 25 jordbruket.

205 1165 31 20 Nr
251 1165 26 20 59
293 1165 136 26 (Lundgren):
444 1166 41 20 Om
498 1165 97 20 ändrade
609 1165 164 20 bestämmelser
786 1171 34 14 om
833 1165 122 26 ersättning
968 1165 6 20 i
986 1164 43 21 anl.
1043 1171 27 14 av

177 1195 113 28 olycksfall
303 1195 68 20 under
383 1195 158 26 militärtjänst.

205 1225 32 20 Nr
252 1225 26 19 60
293 1224 118 26 (Lundberg
421 1224 7 20 i
440 1224 112 27 Uppsala):
568 1224 7 20 I
586 1224 43 20 anl.
641 1230 28 14 av
681 1224 56 20 vissa
749 1224 123 27 uppträden
880 1230 47 14 som
937 1224 68 20 under
1013 1224 57 20 årets

177 1254 104 27 påskhelg
291 1254 140 20 förekommit
440 1254 6 20 i
458 1254 95 26 Uppsala
564 1254 49 20 med
624 1254 87 26 omnejd
721 1254 6 20 i
737 1254 107 20 samband
854 1254 49 20 med
913 1255 33 19 ett
956 1254 115 20 nazistiskt

177 1291 16 13 s.
203 1284 21 20 k.
235 1284 106 26 fältläger.

205 1314 32 19 Nr
251 1314 23 19 61
294 1314 46 25 (von
354 1313 102 26 Friesen):
470 1313 7 20 I
488 1313 42 20 anl.
542 1319 28 14 av
581 1313 56 20 vissa
648 1313 142 26 ingripanden
801 1319 28 14 av
839 1313 41 20 den
891 1319 16 14 s.
917 1313 21 20 k.
949 1313 122 20 säkerhets-

178 1343 88 26 polisen.

206 1373 31 20 Nr
252 1373 26 20 62
294 1372 106 26 (Kyling):
412 1372 55 27 Ang.
478 1372 101 26 åtgärder
590 1372 33 20 för
633 1372 190 26 åvägabringande
834 1379 28 13 av
873 1372 133 26 enhetlighet
1017 1372 5 20 i
1033 1378 38 14 an-

177 1402 123 27 ställnings-
314 1403 39 19 och
366 1402 253 26 avlöningshänseenden
632 1404 58 18 samt
703 1402 5 20 i
718 1402 60 26 fråga
792 1408 34 14 om
837 1402 192 26 befordringsgång
1038 1402 33 20 för

177 1433 42 19 den
230 1432 102 20 icke-ord.
345 1432 126 26 personalen
482 1432 58 20 inom
552 1432 26 20 de
589 1432 56 20 olika
656 1432 80 20 verken
748 1432 36 20 vid
796 1432 41 20 den
848 1432 64 20 civila
923 1432 148 20 statsförvalt-

178 1468 85 20 ningen.

206 1492 31 20 Nr
252 1492 26 19 63
294 1492 124 26 (Pettersson
432 1491 6 20 i
454 1491 73 26 Dahl):
544 1491 8 20 I
566 1491 42 20 anl.
622 1497 28 14 av
664 1491 56 20 vissa
736 1491 74 27 planer
824 1491 27 27 på
865 1491 126 27 byggandet
1003 1497 28 14 av
1045 1497 25 14 en

177 1522 128 20 autostrada
311 1527 77 21 genom
395 1521 26 20 de
426 1521 92 20 svenska
525 1521 237 27 västkustlandskapen
769 1521 46 20 från
822 1521 80 20 Malmö
908 1521 32 20 till
947 1521 40 20 den
992 1521 78 20 norska

177 1553 98 25 gränsen.

206 1581 31 20 Nr
252 1581 25 20 64
294 1580 130 26 (Andersson
439 1580 6 20 i
460 1580 96 26 Malmö):
572 1580 54 27 Ang.
643 1580 148 27 upphävande
806 1587 28 13 av
848 1580 223 27 arbetsförmedlings-

178 1611 92 26 tvånget
283 1611 34 19 för
330 1610 213 27 byggnadsarbetare
558 1616 28 14 m.
596 1617 28 13 m.

206 1640 31 20 Nr
252 1640 26 20 65
294 1640 105 25 (Hagberg
410 1640 6 20 i
428 1640 96 26 Malmö):
536 1640 55 26 Ang.
603 1640 166 26 kompensation
781 1640 23 20 åt
816 1640 211 20 hemvärnsmännen
1039 1640 33 20 för

178 1669 122 27 förslitning
311 1676 28 13 av
350 1669 86 26 privata
447 1670 83 19 skodon
540 1675 77 20 genom
630 1670 221 25 hemvärnstjänsten.

206 1700 32 19 Nr
253 1700 27 19 66
295 1699 130 26 (Andersson
437 1699 7 19 i
456 1699 150 26 Hedensbyn):
619 1699 55 26 Ang.
687 1699 168 26 beskattningen
867 1705 28 14 av
907 1699 81 20 sådana
1000 1705 72 14 arren-

178 1729 114 26 debelopp,
304 1735 46 14 som
362 1735 28 14 av
401 1729 83 19 kronan
496 1729 110 20 utbetalas
617 1729 34 20 för
661 1728 139 27 arrendering
811 1729 27 26 på
850 1728 76 20 femtio
937 1729 24 20 år
971 1735 28 13 av
1009 1729 62 20 mark

178 1759 33 20 för
225 1758 259 26 försvarsanläggningar.

205 1791 32 17 Nr
252 1788 26 20 67
294 1788 109 26 (Hansson
416 1788 6 19 i
435 1788 108 26 Skediga):
557 1788 54 26 Ang.
625 1788 126 20 ekonomisk
764 1788 130 26 gottgörelse
903 1788 23 20 åt
935 1788 135 23 kommuner,

178 1824 45 14 som
232 1824 77 20 genom
319 1817 131 27 anläggning
458 1824 28 13 av
495 1817 88 26 flygfält
591 1817 90 20 förlorat
690 1819 33 18 ett
731 1817 54 20 visst
793 1817 180 26 skatteunderlag
981 1818 49 20 med
1039 1818 32 20 åt-

178 1848 96 26 följande
289 1847 83 20 mindre
387 1847 126 20 inkomster.

206 1878 32 19 Nr
252 1878 27 19 68
295 1877 104 26 (Hagberg
407 1877 6 20 i
422 1877 97 26 Malmö):
528 1877 55 26 Ang.
593 1876 94 27 avgifter
696 1877 32 20 för
738 1877 25 19 de
772 1877 80 26 fartyg,
861 1883 47 14 som
918 1877 102 20 trafikera
1030 1877 41 20 den

178 1907 47 20 s.k.
238 1907 206 20 falsterbokanalen.

207 1938 31 19 Nr
253 1937 26 20 69
295 1936 132 26 (Skoglund
413 1932 22 35 i
438 1936 85 26 Umeå):
534 1936 54 26 Ang.
599 1936 91 20 särskild
701 1936 107 26 prövning
817 1943 27 13 av
855 1937 74 26 frågan
940 1943 34 13 om
984 1941 88 21 genom-

178 1966 82 27 gående
275 1966 162 26 zonberäkning
451 1966 37 20 vid
504 1972 63 17 resor,
584 1966 39 20 där
637 1966 60 20 såväl
711 1966 93 26 järnväg
818 1972 45 14 som
879 1966 141 26 postdiligens
1034 1972 37 14 an-

179 1996 88 20 vändes.

206 2026 32 20 Nr
253 2026 27 20 70
295 2026 130 25 (Johansson
438 2025 7 20 i
457 2025 73 26 Torp):
544 2025 55 26 Ang.
612 2025 108 21 ställande
732 2032 28 13 av
773 2025 69 21 medel
854 2025 33 20 till
900 2025 126 27 förfogande
1039 2025 33 21 för

179 2062 39 20 ny-
233 2056 39 20 och
289 2055 138 26 ombyggnad
443 2061 29 14 av
487 2055 82 20 sådana
585 2057 73 24 vägar,
674 2061 47 14 som
737 2055 143 20 aktualiseras
895 2061 77 20 genom
987 2057 84 18 statens

178 2085 128 27 järnvägars
318 2085 67 20 trafik
397 2085 34 20 till
443 2085 6 20 i
462 2085 71 26 övrigt
545 2085 104 20 isolerade
661 2085 91 20 trakter.

1093 168 24 20 År

1140 172 54 21 Prop.

1228 149 89 16 Motioner

1222 202 32 16 FK
1269 188 2 47 |
1284 202 35 16 AK

1376 149 79 16 Utskott

1341 189 85 45 SmllAvd
1449 203 27 16 Nr

1499 160 57 17 Skriv.)

1517 189 22 12 nr

1618 149 93 16 Protokoll

1596 203 32 16 FK

1693 203 35 16 AK

1689 274 19 20 9:
1719 276 24 18 83

1689 370 19 19 9:
1721 371 38 18 110]

1678 399 30 20 15:
1719 399 39 20 33d

1679 461 29 33 10:
1720 467 23 17 77

1678 495 30 19 11:
1720 494 24 20 4d

1678 590 30 19 10:
1723 592 34 17 121

1678 620 30 19 13:
1721 619 37 20 10d

1678 655 81 20 10:,122

1678 685 30 20 17:
1719 685 25 19 6d

1677 720 31 20 10:
1723 723 36 17 123

1677 750 31 20 13:
1721 750 37 20 12d

1678 899 66 20 12:65

1678 928 30 21 18:
1721 929 38 20 10d]

1678 958 31 20 12:
1720 960 24 17 67

1678 988 31 20 16:
1721 988 37 20 11d

1678 1048 31 19 14:
1720 1050 25 16 86

1678 1077 31 20 18:
1720 1077 26 20 3d

1678 1106 31 20 14:
1720 1108 25 17 87

1678 1136 31 20 15:
1721 1136 38 20 10d

1677 1166 32 20 15:
1720 1167 10 18 5

1675 1195 34 20 23:
1720 1195 26 20 9d

1678 1225 31 20 15:
1720 1226 25 18 58

1669 1254 91 20 27:102d

1678 1313 31 21 15:
1721 1315 24 18 62

1676 1344 33 19 22:
1722 1343 38 20 13d

1678 1373 31 20 15:
1720 1375 25 17 63

1678 1403 68 20 18:1d

1683 1492 53 19 16:2

1680 1521 33 21 25:
1727 1522 24 19 1d

1678 1581 30 20 16:
1721 1583 9 17 7

1678 1640 31 20 17::2

1669 1670 91 20 27:119d

1678 1699 67 20 17717

1676 1729 33 20 21:
1722 1729 24 20 1d

1678 1788 31 20 19:
1721 1790 10 17 2

1670 1818 90 20 27:109d

1676 1877 34 20 20:
1721 1879 24 18 25

1677 1907 70 20 23:12

1676 1937 34 20 20:
1721 1939 24 17 32

1670 1966 90 20 27:111d

1677 2026 33 20 20:
1721 2028 25 17 32

1671 2055 90 21 27:115dj
