1807 2339
743 80 223 20 SAKREGISTER

1627 83 28 21 83

70 264 241 22 AVSKRIVNINGAR
324 265 60 21 OCH
396 266 211 21 EFTERGIFTER.

88 300 7 14 1
115 295 39 20 RD
172 295 124 25 medgiver,
314 297 34 19 att
364 296 26 20 A.
407 296 24 20 G.
448 296 149 21 Westerlund
614 297 43 20 och
673 297 27 20 O.
717 296 139 21 Gustafsson
872 296 86 21 befrias

115 324 54 20 från
179 325 80 20 vidare
269 325 267 26 betalningsskyldighet
545 326 36 20 till
592 326 90 20 kronan
692 327 8 19 i
711 326 45 20 anl.
767 332 28 14 av
804 327 59 19 visst
872 326 86 20 virkes-

115 354 53 25 köp.

87 389 10 14 2
116 383 39 21 RD
168 384 118 25 medgiver
298 385 34 20 att
343 385 47 20 viss
402 385 7 20 i
422 391 65 19 prop.
500 385 98 25 angiven
610 385 96 21 fordran
718 385 13 21 å
744 385 26 21 13
780 385 43 21 584
834 386 34 20 kr.
881 385 26 21 35
920 386 39 19 öre

114 413 74 25 jämte
197 414 120 25 upplupen
327 415 68 19 ränta
405 415 125 20 avskrives.

87 448 9 15 3
116 443 39 20 RD
168 444 124 25 medgiver,
304 445 35 19 att
350 444 62 20 förre
424 445 154 19 arrendatorn
589 445 26 20 A.
626 445 134 20 Andersson
772 445 43 20 och
827 445 62 20 förre
900 445 59 19 lant-

115 472 119 21 brukaren
246 473 25 20 G.
283 473 135 21 Andersson
430 475 61 19 samt
502 474 138 25 ingenjören
651 475 21 20 J.
683 474 37 21 W.
731 474 64 21 Jutte
806 474 87 21 befrias
905 474 53 20 från

114 502 80 21 vidare
213 502 267 26 betalningsskyldighet
499 504 35 19 till
554 503 91 21 kronan
664 504 29 24 på
712 504 75 25 grund
807 510 28 14 av
854 504 105 20 Rekarne

115 532 113 25 tingslags
243 532 147 21 häradsrätts
405 533 54 19 dom
474 533 44 20 den
532 533 12 20 5
559 533 58 21 febr.
632 533 56 21 1936
702 534 43 19 och
760 533 178 20 rådhusrättens
952 533 7 19 i

115 561 156 25 Hälsingborg
280 561 77 26 utslag
367 562 44 20 den
421 562 26 20 27
458 562 47 20 dec.
517 562 63 20 1935.

87 596 10 14 4
116 590 39 20 RD
167 591 124 25 medgiver,
303 592 34 19 att
348 591 62 20 förre
421 592 154 20 arrendatorn
586 592 24 20 E.
621 592 25 20 T.
657 592 114 20 Janssons
782 592 69 20 skuld
861 592 35 20 till
907 592 52 20 kro-

115 626 47 14 nan
172 620 13 20 å
196 621 10 19 1
217 620 41 20 237
269 620 35 20 kr.
314 621 27 20 52
351 621 39 20 öre
399 621 126 20 avskrives.

88 655 9 14 5
116 649 39 21 RD
169 650 124 25 medgiver,
307 651 34 19 att
353 650 168 21 förutvarande
534 651 194 20 arrendatorerna
740 651 26 20 A.
780 652 24 20 E.
817 651 142 23 Andersson,

116 679 25 20 E.
154 679 142 24 Johansson,
310 680 26 20 K.
349 680 27 20 V.
389 680 93 24 Dahlin,
495 680 20 20 J.
528 680 26 20 A.
568 680 24 21 E.
605 681 142 23 Andersson,
759 681 26 20 T.
798 680 25 21 G.
835 681 123 25 Dahlberg,

116 709 20 20 J.
149 709 25 20 L.
185 709 90 23 Juhlin,
287 709 28 20 H.
328 709 132 21 Wahlstedt
472 710 43 20 och
527 710 20 20 J.
559 710 26 20 A.
597 710 134 21 Johansson
742 710 87 21 befrias
842 710 53 20 från
907 711 52 20 dem

116 738 107 21 åvilande
236 739 267 25 betalningsskyldighet
516 739 36 20 för
565 740 62 20 vissa
640 740 7 20 i
660 746 65 19 prop.
739 740 100 25 angivna
852 740 107 20 arrende-

115 768 99 25 avgifter
231 768 74 25 jämte
322 769 68 20 ränta
407 769 110 20 ävensom
534 769 171 21 förskotterade
721 769 89 21 skatter
826 770 43 20 och
886 770 73 20 andra

115 797 107 26 avgifter.

87 832 10 15 6
116 827 39 20 RD
168 827 124 25 medgiver,
304 828 34 20 att
349 827 167 21 förutvarande
528 828 256 21 kansliföreståndaren
795 829 25 20 E.
832 829 127 25 Berggrens

116 857 69 20 skuld
201 857 35 20 till
253 857 212 25 kristidsstyrelsen
481 857 7 20 i
504 857 147 21 Stockholms
667 858 39 20 län
721 858 12 20 å
749 858 12 20 6
771 858 42 21 654
828 858 35 21 kr.
879 858 26 21 77
921 859 39 19 öre

116 886 73 25 jämte
202 887 68 19 ränta
282 886 162 21 efterskänkes
457 888 61 19 samt
529 888 34 19 att
574 888 7 19 i
594 887 113 21 samband
719 888 95 20 därmed
826 888 45 20 den
881 888 8 20 i
901 888 58 20 kris-

115 916 175 25 tidsstyrelsens
310 916 159 25 räkenskaper
488 916 158 26 föreliggande
664 917 88 20 bristen
771 917 13 20 å
802 917 103 21 nämnda
923 917 37 21 be-

116 945 55 25 lopp
183 945 126 21 avskrives.

89 980 8 14 7
116 974 39 21 RD
171 975 124 25 medgiver,
309 976 34 20 att
357 976 202 24 domänstyrelsen
572 976 152 25 bemyndigas
738 976 106 25 medgiva
857 977 103 20 nedsätt-

116 1004 56 25 ning
185 1004 7 20 i
207 1005 202 25 arrendeavgiften
423 1005 37 20 för
473 1005 218 25 kronoegendomen
706 1005 23 24 5£
745 1006 88 20 mantal
847 1006 112 25 Näversjö

116 1040 28 13 nr
153 1034 9 20 I
172 1034 7 20 i
189 1034 106 20 Bäckebo
305 1035 93 23 socken,
408 1035 96 20 Kalmar
513 1035 46 20 län.

88 1068 10 15 8
117 1063 64 20 RD:s
195 1064 77 20 beslut
285 1064 8 20 i
308 1064 45 20 anl.
368 1070 29 14 av
410 1070 65 19 prop.
490 1069 51 20 ang.
556 1064 79 25 frågor
649 1071 38 14 om
700 1064 108 22 befrielse
822 1065 53 20 från
889 1065 71 20 betal-

116 1093 204 26 ningsskyldighet
330 1094 35 20 till
376 1094 98 20 kronan.

88 1128 9 14 9
117 1122 39 21 RD
171 1123 112 24 anhåller,
297 1124 34 19 att
345 1123 128 25 skyndsam
486 1124 126 25 utredning
625 1123 72 21 måtte
709 1124 139 20 verkställas
861 1129 51 20 ang.
926 1125 34 19 in-

116 1152 109 20 förandet
236 1159 28 14 av
274 1153 183 24 bestämmelser,
467 1153 63 20 vilka
541 1153 137 26 möjliggöra
689 1154 114 25 prövning
813 1160 29 14 av
852 1154 108 20 återkrav

117 1188 28 14 av
157 1182 91 25 belopp,
262 1182 97 20 erhållet
373 1182 77 20 såsom
464 1183 148 20 ekonomiskt
624 1183 94 20 bistånd
732 1183 53 20 från
798 1184 162 24 utlandsmyn-

117 1212 85 25 dighet,
219 1212 71 25 enligt
307 1212 27 20 de
350 1212 95 25 jämlikt
461 1212 66 25 lagen
543 1218 38 14 om
597 1212 157 26 fattigvården
769 1213 107 25 gällande
891 1218 69 21 grun-

117 1242 71 20 derna
199 1241 36 21 för
244 1241 115 26 prövning
369 1248 28 14 av
406 1242 109 20 återkrav
524 1248 28 14 av
562 1242 133 25 fattigvård.

90 1309 7 14 1
117 1303 39 20 RD
169 1304 124 25 medgiver,
306 1305 34 19 att
352 1304 103 20 kronans
467 1304 133 25 fordringar
612 1304 36 20 för
659 1305 132 24 virkesköp,
804 1305 26 20 10
839 1305 43 20 843
894 1305 27 20 kr
933 1304 26 20 45

117 1334 40 19 öre
169 1339 60 19 resp.
242 1333 13 20 3
265 1333 41 20 442
320 1333 34 20 kr.
368 1333 26 21 32
408 1334 39 20 öre
458 1334 74 24 jämte
544 1334 87 24 räntor,
644 1334 38 20 må
695 1334 120 21 avskrivas
827 1334 75 20 under
914 1334 46 20 för-

117 1363 132 24 utsättning
262 1364 34 19 att
310 1363 23 20 P.
348 1363 135 24 Lindmark,
496 1363 26 20 A.
536 1363 127 20 Lindmark
676 1364 44 20 och
732 1364 38 24 Hj.
784 1364 128 20 Lindmark
924 1369 36 20 ge-

117 1393 117 19 mensamt
243 1392 35 20 till
289 1392 90 20 kronan
389 1392 100 21 kontant
498 1393 92 25 erlägga
599 1393 42 20 600
651 1393 35 20 kr.

89 1426 9 15 2
118 1421 39 20 RD
170 1421 125 26 medgiver,
308 1423 34 19 att
354 1422 103 20 kronans
471 1422 96 20 fordran
580 1422 36 20 för
628 1422 132 25 virkesköp,
773 1423 12 20 5
795 1423 41 20 207
849 1423 35 20 kr.
897 1423 12 20 5
922 1423 38 20 öre

116 1451 74 24 jämte
203 1451 75 24 ränta,
291 1451 38 20 må
341 1451 120 20 avskrivas
473 1452 75 19 under
560 1451 169 26 förutsättning
741 1453 34 19 att
786 1453 8 19 i
806 1453 95 20 ärendet
913 1458 47 14 om-

117 1480 117 21 förmälda
246 1480 24 21 G.
283 1481 24 19 F.
319 1480 108 21 Axefeldt
438 1481 44 20 och
494 1481 21 20 S.
527 1481 20 20 J.
559 1481 96 20 Jormén
666 1483 145 23 gemensamt
822 1482 35 20 till
870 1482 90 20 kronan

116 1510 101 20 kontant
226 1510 93 25 erlägga
328 1510 42 20 500
381 1511 34 20 kr.

89 1545 9 14 3
117 1539 39 20 RD
168 1540 125 24 medgiver,
305 1540 34 20 att
350 1540 103 20 kronans
465 1540 96 20 fordran
573 1540 36 20 för
620 1540 132 26 virkesköp,
764 1541 10 19 1
785 1540 41 21 057
838 1541 34 20 kr.
884 1541 27 20 50
922 1541 38 20 öre

116 1569 74 24 jämte
206 1570 76 23 ränta,
298 1569 38 20 må
353 1569 120 20 avskrivas
489 1570 75 20 under
579 1569 170 26 förutsättning
765 1571 33 19 att
814 1570 103 25 köparen
933 1576 28 14 av

117 1599 162 25 virkesposten
291 1599 8 20 i
312 1599 73 25 fråga,
398 1599 26 20 A.
437 1599 24 20 E.
475 1599 108 24 Larsson,
595 1600 35 19 till
643 1599 91 21 kronan
747 1600 99 20 kontant
858 1600 103 25 erlägger

117 1628 42 20 300
169 1628 35 20 kr.

89 1663 10 14 4
118 1658 38 20 RD
172 1658 125 25 medgiver,
313 1659 34 20 att
361 1658 109 20 befrielse
484 1658 53 20 från
552 1659 80 20 vidare
645 1658 266 26 betalningsskyldighet
926 1659 34 20 till

118 1687 90 20 kronan
225 1688 7 20 i
249 1688 46 20 anl.
312 1694 28 14 av
356 1688 125 25 virkesköp
498 1688 116 25 medgives
630 1688 36 20 W.
683 1688 25 20 E.
724 1688 154 26 Westerberg,
894 1689 24 20 P.
934 1689 26 19 K.

118 1717 155 25 Westerberg,
285 1717 25 20 E.
322 1717 21 20 J.
355 1717 154 25 Westerberg,
520 1717 21 20 J.
553 1717 134 21 Lindström
699 1718 43 20 och
754 1718 21 21 $S.
787 1718 26 21 O.
826 1718 135 23 Lindmark,

118 1746 78 20 därest
209 1747 27 20 de
248 1748 145 23 gemensamt
405 1747 35 20 till
453 1747 91 20 kronan
555 1747 102 20 inbetala
670 1747 41 20 500
724 1747 42 24 kr.,
779 1747 20 21 S.
812 1748 149 23 Markström,

119 1776 26 20 K.
158 1776 27 20 A.
200 1776 119 23 Stenman,
333 1776 25 20 R.
373 1776 111 20 Stenman
497 1776 43 20 och
553 1776 21 20 J.
588 1777 25 19 E.
626 1776 99 24 Åström,
739 1777 78 20 därest
830 1777 28 20 de
871 1782 90 20 gemen-

118 1807 62 18 samt
194 1806 35 19 till
244 1805 91 20 kronan
350 1805 102 21 inbetala
466 1805 42 21 500
523 1806 34 19 kr.
572 1807 61 19 samt
647 1806 112 20 dödsboet
772 1806 59 21 efter
844 1807 27 20 A.
885 1806 76 21 Mark-

118 1835 80 23 ström,
209 1835 78 20 därest
296 1835 63 20 detta
368 1835 35 20 till
413 1835 91 20 kronan
513 1835 115 20 inbetalar
637 1835 42 20 300
689 1836 34 20 kr.

90 1869 9 15 5
119 1864 39 20 RD
172 1864 124 25 medgiver,
310 1865 34 19 att
357 1864 103 20 kronans
473 1864 165 20 räntefordran
651 1865 37 19 för
700 1865 58 20 visst
771 1865 92 25 angivet
875 1865 87 20 virkes-

119 1894 45 24 köp
174 1893 38 20 må
223 1894 127 20 avskrivas.

91 1928 9 15 6
119 1923 39 20 RD
170 1923 123 25 medgiver,
306 1924 34 19 att
350 1923 210 25 hemmansägaren
571 1924 24 19 L.
607 1924 24 19 E.
643 1924 108 23 Larsson,
761 1924 152 25 Hakkasbyn,
924 1924 38 20 må

119 1953 48 20 mot
180 1953 139 24 erläggande
332 1952 100 21 kontant
444 1959 28 14 av
486 1952 63 21 1000
562 1953 34 20 kr.
609 1953 86 20 befrias
709 1953 53 20 från
775 1953 147 25 fullgörande
934 1960 28 14 av

119 1982 38 20 det
171 1982 187 25 borgensansvar
373 1982 47 20 han
435 1983 117 24 gentemot
567 1982 167 21 domänverket
748 1983 69 20 iklätt
832 1983 34 25 sig
880 1984 7 19 i
902 1989 60 14 sam-

118 2011 62 20 band
195 2012 53 19 med
263 2011 25 20 E.
303 2012 122 19 Isakssons
439 2012 7 19 i
460 2011 144 25 Hakkasbyn
618 2012 72 25 inköp
704 2018 28 14 av
746 2013 7 19 i
767 2013 96 20 ärendet
876 2012 86 20 omför-

119 2041 62 20 mäld
191 2041 139 25 virkespost.

92 2076 9 14 7
120 2071 39 20 RD
170 2071 124 24 medgiver,
304 2072 34 19 att
348 2071 103 20 kronans
462 2070 97 21 fordran
569 2071 36 20 för
614 2071 58 21 visst
682 2071 92 25 angivet
784 2071 178 25 fastighetsköp,

121 2101 10 19 1
142 2100 42 21 089
194 2100 34 20 kr.
239 2100 27 21 85
276 2101 39 19 öre
324 2100 74 25 jämte
407 2101 75 23 ränta,
492 2100 38 20 må
539 2100 127 21 avskrivas.

979 193 25 20 År

1027 197 53 20 Prop.

1110 173 90 17 Motioner

1268 173 70 17 Utskott

1388 185 57 17 Skriv.

1500 174 94 17 Protokoll

1110 227 30 16 FK
1145 223 23 30 |
1174 227 32 16 AK

1228 226 86 17 SmllAvd]
1337 227 26 17 Nr

1406 214 22 12 nr

1485 228 30 16 FK
1584 228 32 17 AK

981 297 27 22 51

981 386 27 22 51

981 446 27 21 51

981 594 27 21 51

981 653 27 22 51

982 832 27 21 51

982 980 26 22 51

982 1069 27 22 51

983 1129 26 22 51

983 1301 30 22 52

983 1420 30 21 52

984 1538 29 22 52

984 1657 30 22 52

985 1865 30 22 52

985 1924 29 22 52)

985 2072 30 22 52

1049 596 27 20 16

1049 655 28 20 16

1052 1867 27 20 13

1052 1926 27 20 13

1105 1131 41 20 117
1169 1131 43 21 1205

1239 296 47 34 10)
1288 296 39 34 —|
1358 300 14 19 4

1239 389 75 20 10!
1285 385 18 35 —

1358 449 14 49 SB
1358 389 14 50 ÖR

1238 652 42 35 101
1279 652 34 35 —]

1358 656 14 50 DR
1362 631 10 15 0

1239 983 75 20 101]

1240 1304 132 20 10li—b,!
1349 1300 27 35 8

1240 1418 42 35 10]
1289 1418 37 35 —|
1360 1423 12 19 3

1240 1541 133 20 10.
1341 1537 33 35 28

1241 1660 132 20 10
1291 1656 14 35 —
1324 1660 49 20 -3

1242 1922 44 36 10]
1291 1938 22 2 —

1357 1965 25 6 so
1357 1933 25 5 VW
1357 1873 25 6 VW

1242 2075 132 20 10]
1283 2071 32 35 —
1325 2075 45 20 -38

1409 300 28 20 42

1409 389 28 20 42

1408 449 29 20 42

1408 597 28 20 42

1408 656 28 20 42

1409 834 28 20 42

1409 983 28 20 42

1409 1072 28 20 84

1395 1131 42 20 113

1410 1304 26 20 27

1410 1422 27 20 27

1410 1541 27 20 27

1410 1660 27 20 27

1411 1868 27 19 27

1411 1927 27 20 217

1412 2075 27 20 27

1468 300 57 20 7:39:
1542 296 18 34 |
1569 301 20 20 7:
1605 305 22 15 65

1454 1072 34 20 12:
1504 1077 22 15 20
1555 1072 34 21 12:
1605 1077 20 15 21

1454 1132 34 20 13:
1504 1136 22 15 55
1555 1132 72 20 |13:165
