1856 2359
1635 74 43 21 255

95 284 336 28 EXPEDITIONSTJÄNSTEN,
447 284 147 29 MILITÄRA;
609 295 21 13 se
647 289 162 20 Försvarsväsen
825 289 69 25 (1942:
907 289 26 25 3).

95 336 155 21 EXPENSER.

125 372 7 20 I
145 372 42 20 anl.
200 378 28 14 av
241 372 60 20 RD:s
313 372 114 20 revisorers
439 378 58 14 anm.
509 372 97 20 anhåller
618 372 41 20 RD
671 374 35 18 att
718 372 62 20 KM:t
792 372 48 20 ville
853 372 44 20 låta
909 372 77 20 under-

95 402 52 20 söka
164 402 165 26 möjligheterna
346 402 32 20 till
395 402 126 26 ytterligare
539 402 139 26 besparingar
694 402 5 19 i
716 402 58 26 fråga
792 408 33 14 om
843 402 143 20 statsverkets

94 432 180 26 expensutgifter.

124 462 25 20 Se
162 462 40 19 ock
215 461 230 26 Städningskostnader.

96 509 154 20 EXPLOSIVA
262 509 102 20 VAROR.

124 545 61 20 RD:s
198 545 103 26 yttrande
316 545 4 20 i
334 545 42 20 anl.
390 551 27 14 av
431 551 60 20 prop.
505 545 49 20 med
564 545 79 26 förslag
652 545 32 19 till
694 545 125 25 förordning
828 551 34 13 om
875 544 110 26 explosiva

95 580 70 14 varor.

94 604 123 22 EXPORT;
234 610 21 13 se
275 603 123 26 Djurskydd
413 603 80 26 (1950),
510 604 110 20 Hantverk
635 604 70 25 (1945:
718 604 26 25 2),
762 604 99 19 Hästavet
877 603 70 26 (1943:
960 604 26 25 8),

123 634 133 25 Hästexport,
276 633 178 26 Interpellationer
469 633 63 25 (1946
543 633 27 20 H:
585 636 36 16 102
636 634 39 19 och
693 633 58 20 1947:
764 636 24 16 52
807 634 97 21 trävaror,
928 633 57 19 1946:

127 665 36 17 135
175 663 87 25 hästar).

94 710 262 22 EXPORTAVGIFTER;
369 717 21 12 se
405 710 179 26 Interpellationer
596 710 69 26 (1950:
680 714 29 19 10,
724 711 40 25 78).

94 757 166 20 EXPORTENS
271 757 339 24 DEVALVERINGSVINSTER:;
621 763 21 14 se
653 758 131 19 Skatteväsen
796 758 69 25 (1950:
878 758 40 22 37).

95 796 236 27 EXPORTFRÅGOR;
344 805 21 13 se
378 799 150 20 Produktions-
540 799 35 20 och
588 799 146 26 exportfrågor.

94 836 263 25 EXPORTFÖRBUDET
371 838 18 22 Å
403 836 120 28 BÖCKER;
537 847 21 13 se
574 840 69 20 Enkla
656 840 70 27 frågor
739 840 69 26 (1945:
822 841 25 24 7).

94 881 300 21 EXPORTINDUSTRIENS
407 882 214 24 BRANDRISKER;
634 888 22 13 se
673 882 177 26 Interpellationer
862 882 70 25 (1948:
947 882 38 25 16).

94 923 229 21 EXPORTKREDIT.

123 959 41 20 RD
177 959 117 26 medgiver,
307 961 34 18 att
353 960 92 19 svenska
458 961 72 18 staten
542 960 43 23 må,
598 960 5 19 i
615 960 146 25 huvudsaklig
772 960 214 19 överensstämmelse

94 989 49 20 med
164 989 33 20 för
216 989 136 20 närvarande
372 989 100 26 gällande
492 989 169 23 bestämmelser,
682 989 68 20 under
769 989 59 20 tiden
848 991 84 18 t.o.m.
954 991 33 18 ut-

94 1019 83 25 gången
191 1025 27 13 av
232 1019 130 25 budgetåret
376 1019 90 26 1941/42
479 1019 32 19 till
524 1020 32 18 ett
566 1019 78 26 belopp
653 1025 28 14 av
690 1019 64 26 högst
764 1019 39 20 100
812 1019 100 26 miljoner
920 1019 31 19 kr.
961 1031 27 2 —

95 1049 46 19 däri
155 1048 119 20 inräknade
288 1049 26 19 de
328 1049 85 26 belopp,
427 1049 73 19 vartill
513 1049 110 25 garantier
635 1049 102 25 beviljats
750 1048 50 20 eller
812 1049 74 19 kunna
900 1049 87 19 komma

95 1079 34 19 att
143 1078 44 19 före
202 1079 108 25 utgången
324 1084 28 14 av
366 1084 28 14 nu
407 1078 93 26 löpande
512 1078 107 26 budgetår
630 1078 91 26 beviljas
730 1090 24 2 —
765 1078 84 20 iklädas
857 1078 131 26 betalnings-

95 1114 80 13 ansvar
199 1108 32 19 för
245 1108 30 19 till
290 1108 100 20 utlandet
401 1108 122 20 levererade
536 1108 112 20 inhemska
660 1108 65 20 alster
734 1114 27 14 av
771 1108 99 23 industri,
883 1108 104 26 jordbruk

95 1137 39 20 och
147 1137 61 20 fiske.

124 1179 41 19 RD
178 1179 118 25 medgiver,
308 1180 35 18 att
355 1179 92 19 svenska
460 1180 72 19 staten
544 1179 35 19 må
592 1179 68 19 under
671 1179 59 19 tiden
743 1180 15 18 t.
770 1185 18 13 o.
799 1185 27 14 m.
840 1180 107 24 utgången
960 1185 27 13 av

96 1208 129 25 budgetåret
242 1208 89 26 1943/44
346 1208 32 20 till
393 1210 33 18 ett
440 1208 79 27 belopp
534 1215 28 13 av
576 1209 64 25 högst
653 1208 41 20 300
707 1208 100 26 miljoner
818 1209 31 19 kr.
861 1221 27 2 —
900 1209 46 19 däri
958 1209 30 19 in-

95 1238 95 20 räknade
206 1238 25 19 de
246 1238 78 26 belopp
339 1238 72 20 vartill
429 1238 110 25 garantier
556 1238 102 26 beviljats
671 1238 51 20 eller
735 1238 44 20 före
794 1239 108 25 utgången
917 1244 27 14 av
959 1244 28 14 nu

95 1267 93 26 löpande
204 1268 108 25 budgetår
327 1268 91 25 beviljas
433 1279 28 3 —
476 1268 83 20 iklädas
575 1268 203 25 betalningsansvar
793 1268 33 19 för
840 1268 32 19 till
888 1268 99 20 utlandet

95 1297 94 20 försålda
203 1297 112 20 inhemska
327 1297 66 20 alster
404 1304 28 13 av
444 1298 100 22 industri,
556 1297 106 26 jordbruk
675 1298 38 19 och
727 1298 60 19 fiske.

125 1339 41 19 RD
184 1339 119 26 medgiver,
322 1340 34 18 att
374 1339 93 20 svenska
485 1340 72 19 staten
575 1339 42 23 må,
636 1339 6 20 i
660 1339 214 20 överensstämmelse
892 1339 49 20 med
959 1345 28 14 nu

95 1368 101 26 gällande
217 1369 169 22 bestämmelser,
408 1369 68 19 under
496 1369 59 19 tiden
576 1370 84 19 t.o.m.
682 1369 108 25 utgången
810 1375 29 14 av
859 1369 129 25 budgetåret

97 1398 90 26 1944/45
203 1398 32 20 till
250 1398 78 26 belopp
343 1404 27 14 av
386 1399 63 25 högst
463 1398 41 20 300
518 1398 100 26 miljoner
631 1399 32 20 kr.
678 1410 26 2 —
719 1399 46 19 däri
780 1398 118 20 inräknade
913 1399 25 19 de
954 1399 35 19 be-

96 1428 57 26 lopp,
164 1428 72 20 vartill
245 1428 110 25 garantier
364 1428 102 26 beviljats
475 1428 50 20 eller
533 1428 45 20 före
588 1429 108 25 utgången
706 1434 27 14 av
743 1434 28 14 nu
781 1428 92 26 löpande
883 1428 106 26 budgetår

96 1457 91 26 beviljas
201 1469 28 3 —
243 1458 84 20 iklädas
342 1458 203 25 betalningsansvar
559 1458 33 19 för
605 1458 33 19 till
654 1458 97 20 utlandet
768 1458 92 20 försålda
876 1458 111 20 inhemska

94 1487 67 20 alster
171 1493 28 14 av
212 1488 99 22 industri,
323 1487 105 26 jordbruk
441 1488 39 19 och
493 1488 60 19 fiske.

123 1528 42 20 RD
185 1529 117 25 medgiver,
321 1530 32 18 att
373 1529 92 20 svenska
484 1530 72 19 staten
575 1529 41 23 må,
636 1529 5 19 i
659 1529 214 20 överensstämmelse
892 1529 48 20 med
959 1535 28 14 nu

94 1558 101 26 gällande
216 1558 170 23 bestämmelser,
408 1559 68 19 under
496 1558 60 20 tiden
576 1560 84 19 t.o.m.
682 1559 108 25 utgången
810 1565 28 13 av
859 1559 129 25 budgetåret

97 1587 90 26 1945/46
198 1588 32 20 till
241 1588 78 26 belopp
329 1594 28 14 av
368 1588 64 25 högst
441 1588 41 19 300
492 1588 100 26 miljoner
602 1588 30 20 kr.
643 1600 27 2 —
680 1588 46 20 däri
736 1588 119 20 inräknade
865 1588 26 20 de
901 1588 85 27 belopp,

95 1617 73 20 vartill
185 1617 110 26 garantier
312 1617 101 26 beviljats
429 1618 51 19 eller
496 1618 44 19 före
557 1619 109 24 utgången
683 1624 27 13 av
728 1624 27 13 nu
773 1618 91 26 löpande
882 1618 106 25 budgetår

95 1647 92 25 beviljas
201 1659 27 2 —
242 1647 84 20 iklädas
341 1647 204 26 betalningsansvar
559 1647 32 20 för
606 1647 31 20 till
653 1647 96 20 utlandet
767 1647 93 20 försålda
875 1647 111 20 inhemska

94 1676 67 20 alster
172 1683 28 13 av
213 1677 101 22 industri,
327 1677 105 25 jordbruk
446 1677 40 19 och
499 1677 61 19 fiske.

124 1717 42 20 RD
179 1718 117 26 medgiver,
309 1719 35 19 att
355 1718 92 20 svenska
459 1720 73 18 staten
544 1719 35 19 må
592 1718 68 20 under
671 1718 59 20 tiden
743 1720 15 18 t.
769 1724 18 14 o.
798 1724 28 14 m.
839 1719 109 25 utgången
959 1724 28 14 av

95 1747 131 26 budgetåret
237 1747 89 26 1946/47
336 1747 32 20 till
379 1747 78 27 belopp
466 1754 28 13 av
505 1748 63 26 högst
577 1748 41 19 300
627 1748 99 25 miljoner
735 1748 31 20 kr.
776 1759 28 4 —
813 1748 46 20 däri
868 1748 119 20 inräknade

95 1777 26 19 de
136 1777 86 26 belopp,
237 1777 73 20 vartill
324 1777 109 26 garantier
448 1777 101 26 beviljats
563 1777 51 20 eller
627 1777 44 20 före
687 1778 108 25 utgången
809 1784 28 14 av
852 1784 28 13 nu
895 1777 92 27 löpande

94 1806 109 26 budgetår
212 1807 92 26 beviljas
312 1819 27 2 —
347 1807 65 26 åtaga
422 1807 31 26 sig
462 1807 203 26 betalningsansvar
674 1807 5 20 i
689 1807 93 26 enlighet
792 1808 49 19 med
851 1813 27 14 nu
888 1807 99 26 gällande

95 1836 164 20 bestämmelser
272 1843 34 13 om
320 1837 142 25 statsgaranti
475 1837 33 20 för
520 1837 157 26 exportkredit.

123 1878 43 20 RD
178 1878 118 26 medgiver,
308 1880 35 18 att
354 1878 92 20 svenska
458 1880 73 18 staten
543 1879 35 19 må
591 1878 68 20 under
671 1878 59 20 tiden
742 1880 15 18 t.
769 1885 18 13 o.
797 1884 29 14 m.
839 1879 108 25 utgången
959 1884 28 14 av

95 1907 131 26 budgetåret
237 1908 89 25 1947/48
336 1908 32 20 till
379 1908 78 26 belopp
466 1914 28 14 av
504 1908 64 26 högst
576 1908 41 20 300
626 1908 100 26 miljoner
735 1908 31 20 kr.
777 1903 23 35 —
813 1908 46 20 däri
868 1908 119 20 inräknade

95 1937 25 19 de
136 1937 86 26 belopp,
237 1938 73 19 vartill
324 1938 110 25 garantier
448 1938 101 25 beviljats
563 1938 51 19 eller
627 1938 44 20 före
686 1938 109 26 utgången
809 1944 28 14 av
852 1944 28 14 nu
895 1938 92 26 löpande

95 1967 108 25 budgetår
212 1967 91 26 beviljas
312 1979 27 2 —
348 1967 64 26 åtaga
422 1967 31 26 sig
462 1968 203 25 betalningsansvar
674 1968 5 19 i
688 1968 95 25 enlighet
792 1968 48 19 med
851 1974 28 14 nu
888 1967 98 26 gällande

95 1996 164 20 bestämmelser
271 2003 34 13 om
318 1997 143 26 statsgaranti
474 1997 33 20 för
518 1997 157 26 exportkredit.

124 2038 42 19 RD
178 2038 118 26 medgiver,
308 2040 35 18 att
354 2039 92 19 svenska
459 2040 72 18 staten
543 2039 35 19 må
591 2039 68 19 under
670 2039 60 19 tiden
742 2040 15 18 t.
768 2045 19 14 o.
797 2045 29 13 m.
839 2039 108 25 utgången
960 2044 27 14 av

95 2067 130 26 budgetåret
237 2068 86 25 1950/51
336 2068 32 19 till
379 2068 78 26 belopp
467 2074 27 14 av
504 2068 64 26 högst
577 2068 40 20 300
626 2068 100 26 miljoner
735 2068 31 20 kr.
777 2080 27 2 —
813 2068 46 20 däri
869 2068 118 20 inräknade

95 2097 26 19 de
136 2097 86 26 belopp,
237 2097 73 20 vartill
324 2098 110 25 garantier
448 2098 101 25 beviljats
563 2097 51 20 eller
627 2098 44 19 före
687 2098 108 25 utgången
810 2104 27 13 av
852 2104 28 13 nu
895 2098 92 25 löpande

1141 160 91 29 Motioner
1278 159 90 30 Utskott
1447 176 3 3 ä
1531 164 94 16 Protokoll

1006 183 26 20 År
1030 179 16 32 |
1054 187 54 20 Prop.
1413 175 57 40 FN

1136 217 32 16 FK
1173 213 19 29 |
1198 217 35 16 AK
1255 217 84 16 |SmllAvd!
1364 218 26 15 Nr
1509 218 33 16 FK
1608 218 36 16 AK

1006 371 24 20 41]
1076 383 27 3 —I
1147 384 26 2 —I
1211 384 27 2 —I
1274 372 60 19 61—]|
1360 372 183 20 1811405141:6
1589 373 33 20 141:
1634 375 23 17 84

1354 404 111 17 s.221s.17

1007 544 27 20 491
1065 545 38 19 180
1111 540 26 34 |
1147 556 28 3 —I
1213 556 26 2 —]
1274 544 13 19 91
1324 545 6 19 11
1372 545 92 20 451376]
1488 546 33 19 22:
1533 548 24 17 74
1566 540 18 34 |
1589 546 32 19 23:
1634 548 23 17 27

1007 958 24 20 411
1062 959 40 20 2981
1147 971 27 1 —|
1212 971 27 2 —I
1274 959 60 19 61—]
1340 954 5 36 1
1360 959 183 20 1871426141:9
1588 960 69 20 |41:86

1009 1178 27 20 421
1064 1179 37 19 211
1149 1190 27 2 —
1200 1178 39 19 13551
1275 1178 12 20 6
1309 1190 26 2 1—
1329 1174 23 34 |
1362 1178 37 20 1671
1424 1178 37 20 361
1465 1174 18 34 |
1489 1179 32 20 23:
1535 1179 36 20 17d]
1589 1179 33 20 23:
1633 1179 39 20 51d

1008 1338 27 20 441
1065 1338 39 20 159
1154 1350 13 2 —|
1213 1350 27 2 —I
1275 1338 61 20 61—i]
1341 1334 5 34 1
1362 1339 34 19 1411
1424 1338 40 20 3061
1491 1339 30 20 19:
1533 1341 24 17 92
1564 1334 18 34 |
1591 1339 30 20 19:
1636 1341 37 17 130]

1008 1528 27 20 4351
1065 1529 39 19 169
1162 1540 14 1 =
1213 1540 27 2 —1-
1275 1530 60 18 61-—]1'
1373 1529 22 19 911
1424 1529 133 20 252119:10
1591 1529 66 20 119727

1007 1717 28 20 461
1065 1718 37 19 193
1112 1713 27 35 I
1148 1729 27 2 —|
1213 1730 27 2 —J
1275 1718 60 19 61—1]1
1359 1718 40 20 2191
1423 1718 40 20 4181
1488 1718 33 20 27:
1533 1720 24 18 24
1565 1713 18 35 |
1589 1718 32 20 28:
1633 1720 23 17 51

1008 1877 26 21 471
1065 1878 38 20 135
1115 1873 27 35 |
1147 1890 28 2 —I
1213 1890 27 2 —I
1274 1878 121 20 61—1161
1423 1878 40 20 1333]
1488 1879 32 19 26:
1532 1881 25 17 40
1564 1873 18 35 |
1588 1878 33 20 26:
1632 1880 25 18 38

1008 2038 27 20 481]
1077 2039 22 19 21
1148 2050 27 2 —!I
1213 2050 27 3 —]
1274 2039 61 19 6|—]
1372 2039 23 19 311
1437 2039 26 20 771
1490 2039 66 20 10:19:
1591 2039 30 20 110:
1633 2041 24 17 26
