1849 2361
189 257 160 27 Kroppsskada,
367 257 89 27 ådragen
474 256 65 22 under
554 257 225 27 militärtjänstgöring.

217 293 19 20 1.
252 293 43 20 RD
307 293 73 20 avslår
390 293 109 20 motioner
510 299 35 14 om
556 293 44 20 viss
612 293 121 27 ersättning
744 293 33 20 till
788 293 174 21 frisörmästaren
974 294 24 20 F.
1010 294 33 20 W.
1057 295 20 20 S.

189 323 127 27 Holmqvist
328 323 40 20 och
380 323 133 20 nattvakten
525 323 22 20 C.
560 323 26 20 E.
599 323 84 21 Olsson.

216 354 19 19 2.
252 353 43 20 RD
311 353 72 20 avslår
397 353 84 20 motion
497 359 35 14 om
547 353 122 26 ersättning
683 353 33 20 till
731 353 258 21 maskinkonstruktören
1004 354 28 20 K.
1049 354 28 20 H.

188 383 100 26 Asplund
301 383 33 20 för
347 383 103 26 sjukdom
463 383 95 26 ådragen
571 383 69 20 under
652 383 236 26 militärtjänstgöring.

216 413 19 20 3.
252 413 43 20 RD
305 413 89 20 anvisar
403 413 33 19 till
446 413 77 26 bidrag
532 412 33 21 till
575 413 122 26 ersättning
706 413 7 20 i
723 413 43 20 anl.
777 419 28 14 av
815 413 157 26 kroppsskada,
984 413 94 27 ådragen

188 443 69 20 under
268 442 236 27 militärtjänstgöring,
517 443 13 20 8
539 442 41 21 900
589 443 41 20 000
641 443 33 20 kr.
687 443 33 26 (f).

215 472 20 20 4.
252 472 43 21 RD
307 472 72 21 avslår
389 472 108 20 motioner
508 477 49 22 ang.
569 472 44 21 viss
624 472 92 27 ändring
727 472 7 20 i
745 472 153 27 förordningen
911 479 35 14 om
957 473 121 27 ersättning

188 502 6 21 i
206 502 43 20 anl.
261 508 29 15 av
300 502 159 27 kroppsskada,
472 502 94 27 ådragen
578 502 68 20 under
657 502 235 27 militärtjänstgöring.

217 550 19 20 1.
252 550 43 20 RD
309 550 112 26 medgiver
434 551 35 19 att
481 550 124 26 löjtnanten
619 550 7 20 i
640 550 55 20 Svea
709 550 107 27 livgardes
829 556 72 14 reserv
915 550 22 20 C.
952 550 21 20 J.
988 550 25 21 E.
1027 551 51 19 Ter-

188 580 89 20 smeden
294 580 44 23 må,
357 580 68 26 enligt
442 580 123 26 grunderna
583 580 33 20 för
634 580 376 27 militärersättningsförordningen,
1029 580 48 21 från

187 610 34 20 4:e
233 610 59 20 HT:s
304 610 75 26 anslag
390 610 33 20 till
435 610 76 26 bidrag
522 610 33 20 till
567 610 122 26 ersättning
700 610 6 20 i
718 610 42 20 anl.
773 616 29 14 av
813 610 157 26 kroppsskada,
983 610 94 27 ådragen

188 640 69 20 under
272 640 236 26 militärtjänstgöring,
525 640 100 26 uppbära
641 640 45 20 dels
701 640 171 26 livräntetillägg
887 640 33 20 för
936 640 141 27 invalidvagn

188 669 34 21 för
230 670 62 20 tiden
303 670 26 20 12
339 676 50 14 nov.
402 669 108 21 1942—15
520 671 55 25 sept.
588 670 60 23 1944,
659 669 45 21 dels
714 670 41 20 ock
764 670 95 20 livränta
869 670 50 20 med
929 670 148 26 vederbörliga

188 699 76 27 tillägg
276 699 27 21 fr.
314 705 18 15 o.
342 705 29 15 m.
387 699 41 21 den
443 699 25 21 16
482 701 55 25 sept.
554 699 53 21 1944
620 699 44 21 tills
678 699 82 24 vidare;
775 701 35 19 att
822 699 34 21 till
870 700 25 20 E.
910 700 25 19 A.
950 699 127 21 Zetterlund

188 730 36 20 må
237 730 29 26 på
279 730 71 26 grund
363 735 29 15 av
405 729 7 21 i
425 729 241 27 statsrådsprotokollet
679 731 52 19 över
744 730 191 20 försvarsärenden
948 730 34 20 för
996 730 41 20 den
1051 730 26 20 25

187 759 45 27 jan.
247 759 53 20 1946
312 759 94 27 angiven
418 759 68 21 skada
497 760 49 20 från
558 759 33 20 4:e
603 760 59 19 HT:s
674 759 75 27 anslag
760 759 33 20 till
805 759 77 26 bidrag
893 759 34 20 till
939 760 121 26 ersättning
1071 760 7 20 i

188 789 43 20 anl.
245 795 28 14 av
284 789 158 27 kroppsskada,
456 789 95 27 ådragen
563 789 69 20 under
643 789 235 27 militärtjänstgöring,
892 789 52 26 utgå
957 789 121 27 ersättning

188 819 68 26 enligt
267 819 123 26 grunderna
402 819 7 20 i
420 819 370 26 militärersättningsförordningen
802 821 58 18 samt
871 820 35 19 att
918 819 33 20 till
963 819 28 20 K.
1005 819 25 20 G.
1043 819 33 20 W.

188 849 74 26 Lange
276 849 36 20 må
327 849 28 26 på
369 849 71 26 grund
454 855 29 14 av
497 849 7 20 i
518 849 241 26 statsrådsprotokollet
773 850 52 19 över
839 849 191 20 försvarsärenden
1044 849 34 20 för

189 879 41 20 den
244 879 27 20 25
284 879 45 26 jan.
345 879 54 20 1946
413 879 93 26 angiven
521 879 102 26 sjukdom
637 879 48 20 från
699 879 33 20 4:e
746 879 59 20 HT:s
819 878 75 27 anslag
907 879 33 20 till
954 879 77 26 bidrag
1044 879 33 20 till

188 909 122 26 ersättning
329 909 7 20 i
356 909 42 20 anl.
419 915 29 14 av
467 908 151 27 kroppsskada
638 909 95 26 ådragen
753 909 69 20 under
840 908 235 27 militärtjänstgöring,

189 938 52 27 utgå
254 938 122 27 ersättning
388 938 68 27 enligt
467 939 123 26 grunderna
603 938 6 21 i
622 938 376 27 militärersättningsförordningen.

216 986 19 20 2.
252 986 42 20 RD
308 987 91 26 antager
412 986 126 26 förordning
551 991 49 21 ang.
614 986 92 26 ändring
719 986 6 20 i
738 986 58 20 vissa
810 986 59 20 delar
882 992 28 14 av
923 986 153 26 förordningen

188 1016 42 20 den
244 1016 25 20 18
280 1016 48 26 juni
342 1016 52 20 1927
408 1016 34 26 (nr
454 1016 49 26 234)
516 1022 35 14 om
564 1016 121 26 ersättning
696 1016 7 20 i
715 1016 43 20 anl.
771 1022 28 14 av
811 1016 158 26 kroppsskada,
982 1016 94 26 ådragen

189 1046 68 19 under
269 1046 235 25 militärtjänstgöring;
518 1046 127 25 förordning
657 1051 48 20 ang.
719 1045 91 26 höjning
823 1052 28 13 av
864 1045 152 26 ersättningar,
1030 1051 46 14 som

188 1075 53 26 utgå
252 1075 89 26 jämlikt
352 1075 154 26 förordningen
519 1075 41 20 den
575 1075 25 20 18
611 1075 48 26 juni
673 1075 52 20 1909
739 1075 34 26 (nr
785 1075 35 26 89)
834 1081 35 14 om
881 1075 122 26 ersättning
1014 1075 7 20 i
1033 1075 42 20 anl.

188 1110 28 15 av
237 1105 158 26 kroppsskada,
417 1105 95 26 ådragen
533 1105 70 19 under
622 1104 236 27 militärtjänstgöring;
880 1104 127 26 förordning
1027 1110 49 21 ang.

188 1134 90 26 höjning
292 1134 7 20 i
312 1134 59 20 vissa
384 1134 38 20 fall
436 1140 29 14 av
479 1134 205 27 begravningshjälp
698 1134 89 27 jämlikt
800 1134 180 26 förordningarna
995 1134 41 20 den
1052 1134 25 20 18

187 1164 48 26 juni
248 1164 54 20 1909
315 1164 34 26 (nr
361 1164 36 26 89)
410 1164 40 20 och
464 1164 41 20 den
519 1164 25 20 18
556 1164 47 26 juni
617 1164 53 20 1927
683 1164 35 26 (nr
729 1164 50 26 234)
792 1170 35 14 om
840 1164 122 26 ersättning
973 1164 7 20 i
993 1164 42 20 anl.
1049 1170 28 14 av

187 1194 158 26 kroppsskada,
357 1194 95 26 ådragen
464 1194 68 20 under
542 1194 235 26 militärtjänstgöring;
788 1193 127 27 förordning
925 1199 48 21 ang.
986 1194 91 26 ändring

188 1223 7 21 i
206 1224 59 20 vissa
279 1224 59 20 delar
350 1230 29 14 av
391 1224 154 26 förordningen
559 1224 41 20 den
613 1224 26 20 28
651 1224 48 25 juni
713 1224 51 20 1941
779 1224 35 26 (nr
826 1223 49 26 593)
889 1229 35 14 om
937 1224 121 26 ersättning
1070 1224 7 19 i

188 1253 43 20 anl.
248 1259 29 14 av
292 1254 159 26 kroppsskada,
468 1254 95 26 ådragen
579 1253 69 20 under
664 1253 270 26 hemvärnstjänstgöring;
951 1253 126 26 förordning

188 1288 48 21 ang.
249 1283 133 26 provisorisk
393 1283 133 26 förbättring
538 1289 28 14 av
577 1283 58 20 vissa
647 1283 146 26 ersättningar
804 1283 7 20 i
823 1283 43 20 anl.
879 1289 28 14 av
918 1283 158 26 kroppsskada,

188 1313 94 26 ådragen
293 1313 69 20 under
372 1313 228 26 militärtjänstgöring
610 1313 38 20 vid
658 1313 106 20 förstärkt
773 1313 217 26 försvarsberedskap
1001 1319 28 13 m.
1039 1319 37 17 m.;

188 1344 58 19 samt
258 1343 127 26 förordning
398 1349 35 14 om
446 1343 161 26 familjebidrag
620 1343 23 20 åt
656 1342 147 27 värnpliktiga
816 1348 29 14 m.
855 1342 30 24 fl.,
899 1342 60 20 vilka
972 1342 105 20 drabbats

188 1378 28 14 av
228 1372 159 27 kroppsskada;
401 1373 40 20 och
454 1372 143 26 bemyndigar
610 1372 42 20 RD
666 1372 64 20 KM:t
742 1373 35 19 att
788 1372 102 26 medgiva
903 1372 113 26 undantag
1029 1372 47 20 från

187 1402 45 20 vad
243 1408 46 14 som
300 1402 71 20 finnes
382 1402 89 26 stadgat
481 1402 7 20 i
499 1403 26 19 23
536 1403 10 25 $
556 1402 154 26 förordningen
722 1402 41 20 den
776 1402 25 20 18
811 1402 48 26 juni
872 1402 52 20 1927
936 1402 34 26 (nr
981 1402 49 26 234)
1042 1408 35 14 om

188 1432 122 26 ersättning
328 1432 6 20 i
353 1432 43 20 anl.
416 1438 28 14 av
462 1432 158 26 kroppsskada,
640 1432 94 26 ådragen
753 1432 69 19 under
840 1432 235 26 militärtjänstgöring,

188 1462 58 19 samt
258 1463 35 18 att
305 1461 85 21 besluta
403 1468 36 13 om
451 1461 122 27 ersättning
585 1461 67 26 enligt
664 1461 122 26 grunderna
799 1461 7 20 i
818 1461 66 26 sagda
897 1461 132 26 förordning,
1043 1463 35 18 att

188 1491 33 20 för
231 1491 61 20 tiden
304 1491 25 20 fr.
340 1497 19 14 o.
369 1497 28 14 m.
410 1491 42 20 den
465 1491 8 20 1
486 1491 40 27 juli
539 1491 52 20 1946
603 1491 52 26 utgå
667 1491 6 20 i
684 1491 43 20 anl.
739 1497 28 14 av
778 1491 158 26 kroppsskada,
948 1497 47 14 som
1006 1491 70 26 någon

188 1521 86 26 ådragit
288 1521 31 26 sig
334 1521 69 20 under
416 1521 33 20 tid
463 1521 80 20 mellan
557 1521 42 20 den
613 1521 13 20 2
640 1522 55 25 sept.
712 1521 53 20 1939
780 1521 40 20 och
834 1521 42 20 den
892 1521 8 20 1
916 1520 40 27 juli
972 1521 54 20 1944
1039 1521 38 20 vid

188 1550 127 27 permission
329 1551 50 20 eller
392 1557 73 14 annan
478 1551 96 26 ledighet
586 1551 48 20 från
648 1550 234 27 militärtjänstgöring,
897 1552 103 18 ävensom
1014 1550 7 20 i
1034 1550 42 20 anl.

188 1586 28 14 av
231 1580 109 26 sjukdom,
357 1581 39 20 där
411 1580 71 20 denna
497 1581 67 26 enligt
579 1586 89 14 numera
683 1580 128 27 tillämpade
826 1580 252 26 bedömningsprinciper

187 1610 44 20 kan
250 1616 63 14 anses
332 1616 53 14 vara
405 1610 94 26 ådragen
519 1610 69 20 under
606 1610 229 26 militärtjänstgöring
854 1610 55 20 efter
928 1610 42 20 den
989 1610 13 20 2
1021 1611 55 25 sept.

189 1640 53 20 1939
254 1640 51 20 eller
317 1640 40 20 där
368 1640 100 26 grundad
480 1640 117 26 anledning
609 1640 62 26 eljest
683 1640 70 20 finnes
765 1640 34 20 för
810 1640 124 26 antagande
947 1641 34 19 att
994 1640 84 20 orsaks-

187 1670 108 19 samband
305 1670 51 20 med
366 1670 68 20 sådan
445 1670 146 26 tjänstgöring
601 1670 44 19 kan
655 1670 110 26 föreligga.

215 1699 20 21 3.
252 1700 42 19 RD
305 1700 88 19 anvisar
402 1700 33 19 till
445 1700 77 26 bidrag
531 1700 33 19 till
575 1700 121 25 ersättning
705 1699 7 21 i
722 1699 43 20 anl.
776 1705 28 14 av
814 1699 157 26 kroppsskada,
983 1699 94 26 ådragen

187 1729 70 20 under
272 1729 235 26 militärtjänstgöring,
526 1729 74 21 11500
609 1729 41 21 000
665 1729 32 20 kr.
715 1729 26 26 (f)
757 1730 58 20 samt
831 1729 32 20 till
880 1729 136 26 omskolning
1029 1735 28 14 av
1070 1729 7 20 i

187 1759 153 26 militärtjänst
352 1759 96 20 skadade
461 1759 40 21 600
510 1759 41 20 000
562 1759 32 20 kr.
608 1759 33 26 (f).

216 1801 42 19 RD
273 1801 88 20 anvisar
375 1801 33 20 till
422 1801 57 20 vissa
494 1801 146 26 ersättningar
653 1801 7 20 i
674 1800 43 21 anl.
732 1807 28 14 av
775 1801 79 19 skador
868 1800 37 21 vid
919 1800 82 21 militär
1014 1800 63 20 verk-

187 1831 86 19 samhet
284 1837 29 13 m.
323 1837 29 14 m.
365 1831 12 20 å
388 1830 133 27 tilläggsstat
534 1831 9 20 I
554 1831 41 20 400
604 1830 41 21 000
656 1831 32 20 kr.
701 1830 32 26 (f).

217 1872 17 20 1.
252 1872 42 20 RD
311 1872 97 20 anhåller
424 1878 35 14 om
476 1872 119 26 skyndsam
612 1872 116 26 utredning
745 1872 39 20 och
800 1872 80 26 förslag
896 1884 27 2 —
939 1878 36 13 om
991 1871 86 26 möjligt

187 1901 33 20 till
246 1902 55 20 1947
325 1902 34 20 års
383 1902 87 26 riksdag
493 1914 28 2 —
544 1902 33 19 till
598 1902 68 19 sådan
683 1902 92 25 ändring
791 1907 28 14 av
837 1901 25 20 16
878 1902 10 25 $
904 1901 69 20 andra
990 1901 87 26 stycket

187 1931 154 26 förordningen
355 1932 41 19 den
411 1932 25 19 18
448 1931 48 27 juni
510 1932 53 20 1927
576 1932 35 26 (nr
623 1931 50 26 234)
687 1937 35 14 om
735 1931 121 26 ersättning
869 1931 7 20 i
888 1931 43 20 anl.
945 1937 28 14 av
986 1931 91 26 kropps-

187 1961 75 23 skada,
275 1961 94 26 ådragen
381 1961 69 20 under
461 1961 235 26 militärtjänstgöring,
709 1962 35 19 att
754 1961 114 26 jämkning
880 1960 6 20 i
898 1961 67 19 redan
976 1961 100 20 bestämd

187 1991 123 26 ersättning
321 1991 36 20 må
369 1991 75 20 kunna
456 1997 52 14 avse
520 1993 56 18 även
588 1991 122 26 ersättning
722 1997 46 14 som
780 1991 88 26 belöper
880 1991 12 19 å
904 1990 60 20 tiden
977 1990 46 20 före
1035 1990 41 20 den

187 2020 49 26 dag,
256 2021 28 19 då
303 2021 98 20 ansökan
421 2021 75 20 därom
514 2021 76 26 gjorts,
610 2021 58 23 eller,
688 2021 39 19 där
745 2020 141 26 jämkningen
906 2022 54 18 utan
979 2020 97 20 ansökan

187 2050 108 20 beslutats
307 2057 29 13 av
348 2050 296 26 riksförsäkringsanstalten,
657 2050 46 20 före
716 2050 69 26 dagen
798 2050 33 20 för
843 2050 101 20 beslutet.

215 2080 19 20 2.
251 2080 42 20 RD
305 2080 88 20 anvisar
402 2080 33 20 till
446 2080 76 26 bidrag
531 2080 33 20 till
574 2080 122 26 ersättning
705 2080 7 20 i
722 2080 42 20 anl.
776 2086 28 14 av
814 2080 157 26 kroppsskada,
983 2080 93 26 ådragen

187 2110 69 19 under
266 2110 229 26 militärtjänstgöring
506 2110 26 20 10
541 2110 40 20 500
590 2110 41 20 000
641 2110 32 20 kr.
685 2110 33 26 (f).

1233 165 91 30 Motioner
1371 165 89 30 Utskott
1505 165 51 36 Skriv.
1622 169 94 16 Protokoll

1099 189 25 20 År
1121 185 14 33 |
1146 194 54 20 Prop.
1346 190 47 28 mn
1522 209 21 12 Ae
1558 193 4 4 S

1227 224 34 15 FK
1262 219 23 29 |
1290 224 35 15 AK
1347 223 85 16 |SmllAvd|
1456 223 26 16 Nr
1601 223 33 16 FK
1700 223 36 15 AK

1098 295 27 20 45]
1167 306 28 3 —
1252 294 12 21 81)
1305 295 24 20 181
1365 294 61 20 8I—]
1464 294 26 20 231
1528 294 84 20 —I118:
1625 294 139 20 71d/18:132d

1238 324 26 21 35]
1303 324 26 20 74
1452 331 15 12 [0

1108 360 9 14 »
1127 350 22 34 I
1167 366 27 2 —I
1238 354 92 20 —J]410]
1365 354 61 20 81—]|
1464 354 26 20 231
1528 354 120 20 —J118:72
1656 350 18 34 |
1683 354 30 19 18:
1727 355 37 18 133

1452 391 15 12 s.
1479 385 10 18 6

1109 420 8 13 »
1129 409 18 35 I
1155 414 39 20 1:4]l
1238 426 28 2 —I
1303 426 28 2 —I
1365 413 62 20 61—]
1478 413 13 20 41
1542 413 106 20 4121:45
1658 409 18 35 |
1680 413 69 20 21:55

1142 448 21 19 pt
1165 442 42 29 183
1443 446 82 16 s.1221s.
1532 445 24 17 40

1108 480 9 13 »
1166 486 28 2 —
1227 473 38 20 11961
1304 473 26 20 73]
1365 473 12 20 91
1413 473 75 20 21-71)
1528 472 120 21 —129:45
1680 473 33 20 132:
1727 475 36 17 179

1098 551 27 20 461
1167 551 27 20 501
1238 563 28 2 —I
1303 563 28 2 —I
1366 550 60 20 61]—1]1
1464 550 26 20 531
1528 550 120 20 95112:53
1652 546 23 34 |
1682 550 31 20 12:
1724 552 24 17 61

1107 993 8 13 »
1126 981 22 34 [
1153 987 40 19 2501
1237 998 28 2 —1
1289 986 40 20 5291
1364 986 12 20 91
1412 986 13 20 21
1463 985 170 20 391385127:3
1680 985 33 20 128:
1724 986 40 19 27d]

1108 1706 8 13 »
1128 1693 18 35 |
1152 1699 41 20 250:
1237 1712 28 2 —I
1302 1711 28 2 —]
1365 1699 61 20 6|—
1449 1699 40 19 12341
1514 1698 41 20 443]
1580 1698 53 20 29:11
1680 1697 55 20 30:38

1097 1801 27 19 461
1152 1801 38 19 311
1201 1795 26 34 |
1237 1812 27 3 —|
1302 1812 28 3 —I
1365 1800 60 20 61—]1
1449 1800 40 19 2691
1515 1799 40 20 5161
1580 1799 68 20 38:18
1651 1795 23 34 |
1680 1799 33 20 38:
1725 1801 24 17 20

1100 1831 62 19 Hls.
1175 1832 24 17 23
1451 1831 37 18 s.6]
1516 1831 38 17 5.5

1097 1872 27 20 47|
1166 1883 28 3 —1I
1237 1883 28 3 —I
1302 1872 27 19 421
1364 1871 12 20 91
1412 1872 13 19 21
1465 1871 25 20 141
1528 1871 119 19 85113:51
1653 1866 22 35 |
1682 1870 67 20 13:76

1107 2086 9 13 »
1128 2075 20 31 I
1154 2079 50 23 1:6]
1236 2091 28 2 —|
1301 2091 28 2 —I
1364 2079 62 19 61—
1477 2078 13 20 4
1542 2078 70 20 4119:
1624 2080 24 17 48
1654 2074 20 31 |
1682 2078 31 19 19:
1724 2079 25 18 50

1141 2113 21 19 pt
1170 2111 36 17 182
1442 2110 114 17 s.124is.37
