1838 2353
169 66 41 22 162

187 247 223 26 Bostadsproduktion.

214 283 19 20 4.
250 282 43 20 RD
309 282 88 21 anvisar
412 282 32 20 till
459 283 123 26 tilläggslån
598 282 32 21 till
646 283 43 20 viss
706 282 343 27 bostadsbyggnadsverksamhet
1066 282 11 20 å

186 312 133 26 tilläggsstat
333 312 20 20 II
365 313 13 19 2
386 312 41 20 000
436 312 41 21 000
488 313 32 19 kr.
533 312 31 26 (i).

214 348 19 20 5.
249 348 75 20 Såsom
338 348 166 26 förslagsanslag
518 348 87 20 anvisas
619 348 32 20 till
665 349 84 19 statens
763 348 218 26 byggnadslånebyrå
995 347 33 21 till
1041 354 38 14 av-

186 378 99 26 löningar
296 378 40 20 735
345 378 41 20 000
398 378 31 20 kr.
443 380 58 18 samt
512 378 33 20 till
557 378 156 20 omkostnader
724 378 40 20 225
773 378 41 20 000
826 378 32 20 kr.

214 437 19 21 6.
248 437 42 20 RD
304 437 127 26 godkänner
443 437 115 27 jämkning
571 438 6 19 i
590 437 123 26 grunderna
726 438 34 20 för
773 437 163 27 hyresrabatter
949 437 33 20 för
994 437 84 20 mindre

186 467 134 24 bemedlade,
335 467 102 21 barnrika
451 467 100 26 familjer;
567 468 40 19 och
621 467 111 27 medgiver
746 467 41 20 RD
802 469 35 18 att
851 467 37 20 det
901 467 34 20 för
948 467 131 26 budgetåret

187 497 88 26 1940/41
296 497 105 20 anvisade
416 497 245 27 reservationsanslaget
675 497 32 20 till
722 497 35 20 lån
765 497 34 20 för
806 497 116 26 stödjande
936 503 29 14 av
980 497 99 20 bostads-

186 527 162 26 produktionen
363 527 6 20 i
384 527 58 20 vissa
457 528 58 19 orter
529 527 36 20 må
581 527 125 26 disponeras
721 527 68 26 enligt
804 527 26 20 de
845 527 100 26 grunder,
961 532 47 14 som
1023 526 55 27 gälla

185 557 34 20 för
233 557 157 26 dispositionen
404 562 28 15 av
446 556 205 24 tertiärlånemedel,
666 558 58 19 samt
738 558 35 19 att
786 556 119 27 förefintlig
919 556 133 20 reservation
1067 556 11 20 å

186 586 96 21 nämnda
294 586 75 27 anslag
381 587 35 20 må
429 586 110 21 överföras
550 586 34 21 till
595 586 232 27 tertiärlåneanslaget;
841 586 39 20 och
892 586 88 20 anvisar
992 586 42 20 RD
1047 586 32 20 till

185 616 165 27 hyresrabatter
362 616 34 20 för
407 616 84 20 mindre
504 616 135 24 bemedlade,
653 616 102 20 barnrika
768 616 94 26 familjer
874 616 12 21 7
895 616 42 20 000
945 616 41 20 000
999 616 32 20 kr.
1045 615 33 26 (f),

185 646 34 20 till
236 646 130 21 lånefonden
384 646 34 20 för
434 646 222 26 bostadsförsörjning
673 646 34 20 för
723 646 84 20 mindre
824 645 135 24 bemedlade,
977 646 101 20 barnrika

186 676 94 26 familjer
293 675 28 21 30
324 671 47 35 000
379 676 41 20 000
434 676 32 20 kr.
482 676 32 26 (i),
529 676 33 20 till
577 676 113 20 tertiärlån
705 675 33 20 till
752 676 44 20 viss
811 675 269 27 bostadsbyggnadsverk-

185 706 86 20 samhet
284 705 27 21 80
320 705 41 21 000
370 705 41 21 000
424 705 31 21 kr.
470 705 24 27 (i)
508 707 58 19 samt
579 705 33 21 till
625 705 122 27 tilläggslån
761 705 33 20 till
808 705 44 20 viss
866 705 214 26 bostadsbyggnads-

186 736 140 19 verksamhet
337 735 27 20 42
372 735 42 20 000
422 735 41 20 000
474 736 32 19 kr.
519 736 31 25 (i).

214 765 19 20 7.
246 765 42 20 RD
301 765 88 20 anvisar
400 764 32 21 till
444 765 77 26 bidrag
531 765 34 20 till
576 765 123 26 främjande
710 771 29 14 av
751 764 206 27 bostadsbyggande
969 765 27 26 på
1008 764 72 20 lands-

186 795 87 26 bygden
289 795 12 20 7
311 794 38 21 500
350 790 49 35 000
416 795 32 20 kr.
464 795 34 26 (r),
514 794 33 21 till
562 794 130 21 lånefonden
707 795 34 20 för
755 794 123 26 främjande
892 800 28 15 av
936 794 144 26 bostadsbyg-

185 825 71 26 gande
269 825 28 26 på
310 824 151 27 landsbygden
475 825 13 20 2
497 824 40 21 700
546 824 41 20 000
600 824 32 20 kr.
647 824 31 27 (i),
693 824 32 20 till
739 824 35 20 lån
788 824 33 20 till
834 824 137 26 uppförande
985 824 39 20 och
1038 824 42 20 för-

186 855 98 26 bättring
296 860 28 15 av
336 854 240 20 lantarbetarbostäder
588 854 41 20 500
637 854 42 20 000
690 854 32 20 kr.
736 854 24 26 (i)
773 856 58 18 samt
842 854 34 20 till
887 854 36 20 lån
936 854 32 20 till
981 854 99 20 bostads-

185 884 285 27 förbättringsverksamhet
480 884 13 20 2
502 884 41 20 700
551 884 42 20 000
603 884 32 20 kr.
646 884 32 26 (i).

213 944 19 20 8.
243 943 41 21 Till
294 944 76 26 bidrag
380 943 33 21 till
423 944 126 20 inrättande
559 949 28 15 av
597 944 176 26 pensionärshem
783 943 87 21 anvisas
880 943 12 20 6
901 943 42 20 000
951 943 41 20 000
1001 943 32 20 kr.
1044 943 35 26 (r);

186 974 40 20 och
235 973 125 21 hemställer
369 973 42 21 RD
421 979 35 15 om
466 973 117 27 utredning
591 979 29 14 av
628 973 76 27 frågan
714 979 35 14 om
758 973 141 20 anordnande
908 979 28 14 av
946 973 134 26 pensionärs-

185 1003 104 21 bostäder
299 1004 28 26 på
337 1003 158 26 landsbygden.

214 1033 19 20 9.
246 1033 41 20 Till
300 1033 77 26 bidrag
388 1033 33 20 till
434 1033 122 26 främjande
569 1039 29 14 av
610 1033 206 26 bostadsbyggande
827 1033 28 25 på
864 1032 150 26 landsbygden
1026 1038 54 20 upp-

186 1062 56 20 föres
251 1063 12 20 å
272 1062 81 20 allmän
363 1062 179 27 beredskapsstat
553 1062 20 20 II
584 1062 25 20 15
618 1062 42 20 000
668 1062 41 20 000
718 1062 32 20 kr.
760 1063 58 19 samt
827 1062 12 20 å
848 1062 81 20 allmän
939 1061 141 26 beredskaps-

186 1093 45 19 stat
246 1092 34 20 III
293 1092 28 20 20
329 1091 41 21 000
379 1091 41 21 000
433 1092 32 20 kr.

216 1121 31 21 10.
260 1121 41 20 Till
309 1121 76 26 bidrag
392 1121 33 20 till
432 1121 127 21 inrättande
566 1127 28 14 av
602 1121 176 26 pensionärshem
786 1121 103 26 uppföres
896 1121 13 20 å
916 1121 80 20 allmän
1006 1121 74 19 bered-

186 1151 112 26 skapsstat
309 1151 21 20 II
340 1151 12 20 3
361 1151 42 20 000
411 1151 41 20 000
461 1151 32 20 kr.
503 1152 59 19 samt
570 1151 13 20 å
592 1151 81 20 allmän
683 1151 179 26 beredskapsstat
872 1151 34 19 III
920 1150 72 21 12000
999 1150 41 20 000
1047 1150 32 20 kr.

215 1176 32 35 11.
253 1180 177 21 Tilllånefonden
437 1180 34 21 för
478 1180 223 26 bostadsförsörjning
708 1180 33 20 för
748 1180 83 20 mindre
837 1180 134 23 bemedlade,
978 1180 102 20 barnrika

186 1210 94 26 familjer
288 1210 103 26 uppföres
400 1210 13 20 å
422 1210 81 20 allmän
512 1210 180 26 beredskapsstat
703 1210 21 20 II
735 1210 25 20 15
769 1209 41 21 000
818 1209 41 21 000
868 1210 32 20 kr.
911 1211 57 19 samt
977 1210 12 19 å
999 1209 80 20 allmän

186 1240 179 26 beredskapsstat
378 1239 34 21 III
425 1240 25 20 15
459 1239 41 21 000
509 1239 41 20 000
561 1240 32 19 kr.

216 1270 31 20 12.
259 1269 41 20 Till
312 1269 130 21 lånefonden
453 1269 34 20 för
498 1269 123 26 främjande
632 1275 28 14 av
672 1269 206 26 bostadsbyggande
890 1269 27 26 på
929 1268 150 26 landsbygden

186 1299 102 26 uppföres
301 1300 12 19 å
326 1299 81 20 allmän
420 1299 179 26 beredskapsstat
614 1299 20 20 II
647 1299 12 20 8
663 1294 47 35 000
718 1298 40 21 000
772 1299 31 20 kr.
817 1300 58 19 samt
887 1299 12 20 å
912 1298 80 21 allmän
1006 1298 74 20 bered-

186 1329 112 26 skapsstat
314 1329 33 20 III
364 1329 24 20 10
392 1324 46 35 000
440 1324 47 35 000
502 1329 32 20 kr.

216 1358 31 21 13.
264 1358 43 21 RD
324 1358 80 27 uppför
418 1358 34 20 till
467 1358 114 20 tertiärlån
597 1358 33 20 till
646 1358 43 20 viss
705 1357 347 27 bostadsbyggnadsverksamhet
1067 1357 12 20 å

186 1388 81 21 allmän
281 1388 179 26 beredskapsstat
476 1388 20 20 II
510 1388 27 20 80
539 1383 46 36 000
587 1383 48 36 000
650 1388 40 23 kr.,
704 1387 33 21 till
751 1388 113 20 tertiärlån
877 1387 33 21 till
923 1387 44 20 viss
981 1387 99 20 bostads-

186 1418 257 26 byggnadsverksamhet
461 1418 12 20 å
492 1418 81 20 allmän
592 1418 179 26 beredskapsstat
792 1417 33 20 III
844 1417 26 20 20
879 1417 41 20 000
929 1417 41 20 000
988 1417 40 23 kr.,
1047 1417 33 20 till

185 1448 124 26 tilläggslån
321 1447 34 21 till
367 1447 44 21 viss
424 1447 347 27 bostadsbyggnadsverksamhet
783 1448 12 19 å
808 1447 81 20 allmän
902 1447 178 26 beredskapsstat

187 1477 21 20 11
217 1477 13 21 3
239 1477 41 20 000
289 1477 41 21 000
338 1477 32 21 kr.
380 1479 58 19 samt
446 1477 33 20 till
487 1477 123 26 tilläggslån
619 1477 33 20 till
661 1477 43 20 viss
713 1477 346 26 bostadsbyggnadsverksamhet
1068 1476 12 20 å

186 1507 81 20 allmän
280 1507 179 26 beredskapsstat
474 1507 33 20 III
520 1507 12 20 9
541 1506 41 21 000
591 1506 41 21 000
644 1507 32 20 kr.

216 1537 31 20 14.
261 1537 42 20 RD
317 1537 80 26 uppför
409 1536 33 21 till
454 1537 36 20 lån
502 1537 34 19 för
548 1536 137 27 uppförande
698 1537 40 19 och
751 1536 132 26 förbättring
895 1542 28 14 av
936 1536 145 20 lantarbetar-

186 1566 103 21 bostäder
299 1567 12 20 å
322 1566 81 21 allmän
414 1566 179 26 beredskapsstat
605 1566 21 20 II
637 1566 13 20 2
658 1566 42 20 000
708 1566 41 20 000
759 1566 40 23 kr.,
811 1565 33 21 till
854 1566 36 20 lån
900 1566 34 20 för
944 1565 136 27 uppförande

186 1596 40 20 och
247 1596 134 26 förbättring
400 1602 29 14 av
450 1596 241 20 lantarbetarbostäder
711 1596 12 19 å
744 1595 80 21 allmän
846 1595 179 26 beredskapsstat
1047 1595 33 20 III

186 1625 12 21 3
207 1625 41 21 000
257 1625 41 21 000
309 1626 41 23 kr.,
362 1625 34 21 till
408 1625 36 21 lån
456 1626 34 20 för
501 1625 376 26 bostadsförbättringsverksamhet
889 1625 12 20 å
913 1624 81 21 allmän
1006 1624 75 20 bered-

186 1655 112 27 skapsstat
311 1655 20 20 II
342 1655 12 20 5
363 1655 42 20 000
413 1655 41 20 000
464 1655 32 20 kr.
507 1656 58 19 samt
575 1654 32 21 till
617 1655 35 20 lån
662 1655 34 20 för
706 1654 375 27 bostadsförbättringsverksamhet

186 1685 12 20 å
208 1684 81 21 allmän
299 1685 180 26 beredskapsstat
490 1684 33 20 III
534 1684 12 21 7
555 1684 42 20 000
605 1684 41 20 000
656 1684 32 20 kr.

215 1738 18 20 1.
245 1738 42 20 RD
298 1738 89 20 anvisar
396 1738 34 20 till
440 1738 130 20 lånefonden
581 1738 33 20 för
624 1737 223 27 bostadsförsörjning
857 1737 34 21 för
900 1737 84 20 mindre
995 1737 87 20 bemed-

185 1768 56 23 lade,
252 1768 103 20 barnrika
364 1767 95 26 familjer
468 1768 12 20 å
490 1767 133 27 tilläggsstat
635 1767 20 20 II
667 1767 25 20 15
701 1767 41 20 000
751 1767 41 20 000
801 1767 32 20 kr.
844 1767 32 26 (i).

213 1798 20 19 2.
250 1797 42 20 RD
309 1797 88 21 anvisar
411 1797 34 20 till
461 1797 123 26 tilläggslån
599 1797 33 20 till
648 1797 43 20 viss
707 1796 346 27 bostadsbyggnadsverksamhet
1068 1797 12 19 å

185 1827 134 26 tilläggsstat
335 1827 21 20 II
371 1826 62 21 2000
442 1827 41 20 000
497 1827 32 20 kr.
545 1826 31 27 (i).

214 1857 19 20 3.
248 1857 42 20 RD
304 1856 88 21 anvisar
405 1856 33 20 till
450 1856 36 20 lån
499 1856 34 20 till
546 1856 137 27 uppförande
696 1856 40 20 och
749 1856 133 26 förbättring
895 1862 28 14 av
936 1856 145 20 lantarbetar-

186 1886 103 21 bostäder
300 1886 13 21 å
325 1886 133 26 tilläggsstat
472 1886 20 20 II
504 1886 13 20 4
526 1886 41 20 000
576 1885 41 21 000
628 1886 32 20 kr.
673 1885 32 27 (i).

214 1916 19 20 4.
251 1916 42 20 RD
309 1916 118 26 medgiver,
443 1917 35 19 att
493 1916 37 20 det
545 1916 13 20 å
573 1915 81 21 allmän
670 1915 178 27 beredskapsstat
865 1915 21 20 II
902 1915 34 20 för
951 1915 129 26 budgetåret

188 1945 90 27 1944/45
294 1945 109 27 uppförda
418 1945 98 26 anslaget
531 1945 33 20 till
580 1945 76 26 bidrag
671 1945 33 20 till
719 1945 126 20 inrättande
860 1951 28 14 av
904 1945 176 26 pensionärshem

186 1977 58 18 samt
256 1976 38 20 det
305 1975 12 20 å
329 1981 84 14 samma
425 1977 45 18 stat
482 1975 108 26 uppförda
602 1975 99 26 anslaget
711 1975 33 20 till
756 1975 113 20 tertiärlån
881 1975 33 20 till
926 1975 43 20 viss
981 1975 99 19 bostads-

186 2005 256 26 byggnadsverksamhet
456 2017 28 2 —
499 2005 6 20 i
521 2005 41 20 den
578 2005 52 20 mån
646 2005 122 19 detsamma
783 2005 19 25 ej
819 2004 67 20 redan
902 2004 136 26 disponerats
1053 2016 27 2 —

186 2035 36 20 må
232 2040 29 15 av
272 2034 63 21 KM:t
346 2036 62 25 tagas
418 2034 6 20 i
435 2034 95 27 anspråk
540 2034 34 20 för
584 2034 26 20 de
620 2034 50 20 med
680 2034 103 26 anslagen
793 2034 96 20 avsedda
900 2034 137 20 ändamålen.

215 2064 19 20 5.
247 2064 42 20 RD
300 2064 118 26 medgiver,
429 2065 35 19 att
474 2065 79 19 räntan
564 2064 13 20 å
588 2064 113 20 tertiärlån
712 2064 67 26 enligt
790 2064 142 26 kungörelsen
944 2064 41 19 den
996 2063 27 20 30
1033 2063 47 26 juni

188 2094 54 20 1942
252 2095 35 25 (nr
297 2093 49 26 569)
357 2100 35 13 om
403 2094 112 20 tertiärlån
526 2094 40 19 och
576 2093 123 26 tilläggslån
709 2093 34 20 för
752 2093 58 20 vissa
820 2093 260 26 bostadsbyggnadsföre-

1234 153 91 32 Motioner
1372 153 90 32 Utskott
1540 170 3 3 3
1624 158 44 15 Prot:

1099 178 102 24 Klor
1506 154 56 59 Skriv.
1639 157 80 17 rotokoll

1228 211 33 16 FK
1263 207 23 29 |
1291 212 35 15 AK
1348 211 85 16 |SmllAvd|
1457 211 26 16 Nr
1602 211 33 16 FK
1701 211 35 16 AK

1098 282 28 20 44|
1168 283 12 19 2
1240 294 27 2 —I|
1305 294 27 2 —|
1367 282 60 20 61—]
1465 282 27 20 201
1530 282 27 21 331
1596 283 54 19 6:15
1654 278 27 34 |
1696 282 54 20 6:15

1148 320 14 11 s.
1172 315 36 17 124
1446 314 47 18 s.10]
1518 320 14 11 s.
1545 314 10 17 8

1109 355 9 12 »'1
1156 349 39 19 1:51]
1240 360 27 1 —I
1305 360 27 2 —1
1367 348 60 19 61—1]1
1453 348 38 20 1261
1516 348 38 20 2811
1583 348 31 20 17:
1628 348 37 20 19d1
1684 348 31 20 17:
1726 348 39 19 28d

1147 382 21 19 pt
1180 380 23 17 19
1452 380 80 17 s.1ls.
1545 380 10 17 6

1148 410 55 17 —20

1109 443 9 13 »
1130 432 18 34 I
1156 438 39 19 1:51]
1240 436 26 20 401
1306 437 25 20 141
1366 437 61 19 6/|—]
1452 437 39 20 1261
1516 437 98 20 281117:
1626 439 24 17 20
1655 432 22 34 |
1684 437 31 20 17:
1726 436 39 20 43d

1146 471 20 20 pt
1179 469 22 17 21
1306 467 25 20 15
1452 469 37 17 sel

1170 497 8 19 1
1304 496 27 20 58

1154 530 24 16 K:
1189 529 11 16 3
1292 526 35 20 141

1150 561 19 19 pt
1181 559 17 20 3,
1293 555 35 21 181

1150 588 52 17 6—7
1291 586 40 20 273

1290 616 41 19 353

1290 645 41 20 372

1110 771 8 12 »
1133 759 18 34 1
1157 764 109 20 1:51177]
1306 764 25 20 16]
1367 763 59 20 6|—]|
1453 763 38 20 1261
1515 763 98 20 281117:
1627 765 24 17 20
1654 759 22 34 |
1683 763 31 20 17:
1726 764 25 18 48

1147 798 21 20 pt
1179 797 24 16 22
1293 794 38 19 199
1446 801 15 11 s.
1471 789 39 32 13]
1517 801 15 11 s.
1544 795 11 17 9

1171 824 7 19 1
1291 823 40 20 333

1155 857 23 16 K:
1190 856 10 17 3

1150 888 21 19 pt
1182 886 17 20 4,

1152 915 52 18 8—9

1111 949 8 12 »
1128 937 23 35 I
1158 944 38 19 1:5]
1240 954 27 2 —I
1307 942 121 20 191-61—1]
1453 942 38 20 1261
1516 942 98 20 281117:
1625 941 39 20 20d|
1684 941 30 20 17:
1726 941 39 19 48d

1147 977 21 20 pt
1180 975 24 17 23
1293 972 39 20 110
1447 974 110 17 s.191s.11

1111 1037 8 13 »
1155 1032 38 20 [281]
1240 1043 27 2 —I
1305 1043 27 2 —1I
1367 1031 60 19 6/|—]
1452 1031 184 20 2151453126:9
1682 1030 54 20 |26:7

1151 1069 15 11 s.
1178 1063 24 17 56
1453 1063 80 16 s.31s.
1547 1063 8 17 1

1111 1126 8 13 »
1126 1117 22 34 |
1155 1121 37 20 281
1240 1131 28 3 —|I
1305 1132 27 2 —I
1367 1119 61 20 6/—]
1452 1120 105 19 21514531
1582 1119 32 20 26:
1626 1121 11 17 9.
1656 1114 18 35 |
1682 1118 33 20 26:
1728 1120 10 18 7

1151 1158 14 11 s.
1178 1152 24 17 64
1453 1152 80 16 $£öls
1546 1152 10 16 a
1626 1146 3 3 |

1110 1185 9 13 »
1126 1176 22 33 |
1155 1180 37 20 281
1240 1191 27 2 —I|
1305 1191 27 2 —J|
1367 1179 60 19 6|—]|
1452 1179 40 19 2151
1516 1179 41 19 453
1561 1174 18 34 |
1582 1178 32 20 26:
1626 1180 11 16 9
1682 1178 54 19 |26:7

1146 1217 15 11 s.
1172 1211 38 18 218]
1447 1216 15 11 s.
1470 1210 23 17 241
1518 1216 15 11 s.
1545 1211 11 16 6

1110 1274 9 12 »
1130 1262 22 35 |
1155 1268 38 20 2811
1240 1279 27 3 —|
1304 1280 28 2 —J]
1367 1267 60 20 61—]
1451 1267 40 20 2151
1516 1267 99 20 453126:
1622 1262 9 35 9
1648 1269 1 16 1
1683 1266 54 20 26:7

1146 1306 14 11 s.
1172 1300 38 18 218
1447 1305 15 11 s.
1470 1295 41 31 241
1518 1304 14 12 s.
1545 1300 10 16 6

1110 1363 9 13 »
1132 1351 18 35 |
1155 1358 38 20 2811
1240 1368 27 3 —I
1305 1368 27 2 —J
1367 1356 60 20 61—]1
1451 1356 186 20 2151453126:9
1683 1355 54 20 1|26:7

1146 1395 14 11 s.
1172 1389 38 18 218]
1447 1388 47 17 8.241
1518 1394 15 11 .8.,.7

1111 1541 8 12 »
1156 1535 37 21 l281l
1240 1547 28 2 —I
1305 1547 28 2 —I
1368 1534 60 20 61—]1
1452 1534 40 20 2151
1517 1534 40 20 4531
1582 1534 55 20 26:9
1683 1533 54 20 |26:7

1147 1572 14 12 s.
1172 1567 38 18 219]
1448 1572 14 11 s.
1470 1566 24 18 251
1519 1571 14 12 s.
1546 1566 9 17 7
1640 1568 11 21 i

1101 1736 28 20 45]
1170 1737 13 20 2
1242 1748 27 2 —!I
1307 1748 27 2 —I
1368 1736 60 19 61—]1
1466 1736 26 20 201
1531 1736 27 20 301
1595 1735 56 20 8:12
1655 1731 23 35 |
1697 1735 55 20 8:13

1152 1774 14 12 s.
1179 1769 25 17 99
1454 1773 14 11 8.
1481 1768 75 17 0615.2

1111 1802 9 12 »
1170 1797 13 19 2
1241 1808 27 2 —!I
1305 1807 28 3 —I
1368 1795 60 19 61—]1
1466 1795 27 20 201
1531 1795 27 20 301
1596 1795 55 20 8:12
1659 1790 23 35 |
1697 1794 56 20 8:13

1147 1833 14 12 s.
1173 1828 37 18 102
1454 1832 14 12 s.
1481 1827 52 17 615.
1539 1822 8 31 3

1111 1856 71 20 FÅR
1240 1867 27 3 --|
1305 1867 28 2 —I
1367 1855 61 19 61—]1
1466 1855 27 20 201
1531 1854 27 21 30]
1596 1854 55 20 8:12
1656 1849 14 35 1
1696 1853 57 21 8:13

1146 1892 15 12 s.
1173 1888 37 17 102]
1453 1891 15 13 8:
1481 1887 52 17 213.
1539 1882 12 32 3

1111 1921 8 12 »
1170 1915 26 20 551
1240 1927 27 2 —|
1305 1926 27 2 —I
1367 1914 61 20 6)—]1
1466 1914 170 20 451106113:5
1684 1913 67 20 113:16

1111 2070 8 12 »
1134 2058 18 34 |
1157 2063 38 20 1251
1240 2063 92 20 —14721
1367 2063 61 19 61—]1
1466 2062 170 20 691164117:2
1683 2062 32 20 116:
1727 2062 38 19 74d

1291 2092 40 20 488
