1851 2360
169 160 24 9 AA

189 156 12 21 rod

204 157 12 20 [S

909 163 136 15 SAKREGISTER

1502 231 53 17 Riks-

1335 249 95 17 Utskotts-

1211 279 13 17 ög
1346 278 64 18 ed
1492 260 72 23 dagens
1621 257 117 28 Kamrarnas

1199 284 74 12 OHORSR
1323 281 21 15 "UU
1373 284 24 12 ATARe
1412 284 25 28 SN
1506 283 46 33 skri-
1606 291 145 22 förhandlingar

1299 308 47 18 eller
1358 309 99 17 memorial

1498 320 63 18 velser

1595 375 67 17 Första
1668 371 20 31 |
1696 375 65 17 Andra

1592 399 70 17 kamm.
1663 395 24 31 |
1693 399 70 17 kamm.

1062 255 22 145 1883epeNIE

1120 302 18 105 J98]9ATIYS
1120 243 17 47 19][9

1140 372 17 54 "doad
1139 300 22 65 s87:fej
1139 225 22 70 ung

1182 387 32 17 FK
1235 386 34 18 |IAK
1388 386 17 27 Zz

1293 368 17 58 "Tues

1334 374 18 49 "PAY

1447 376 18 45 eps
1460 357 16 2 |

1501 386 17 27 IN

1548 376 18 45 BpIs

194 439 178 29 Föreläsningar.

238 471 46 20 dels
301 471 64 21 1500
382 471 29 20 kr.
428 472 33 20 till
477 478 26 14 en
520 472 38 20 hos
569 470 200 27 skolöverstyrelsen
780 471 93 20 anställd
884 471 146 26 föreläsnings-
1046 471 56 20 1922

238 501 122 26 konsulent,
383 501 46 21 dels
445 502 39 20 ock
500 502 62 26 högst
578 501 65 20 4000
659 501 31 20 kr.
706 501 33 20 till
755 501 116 20 understöd
887 501 22 20 åt
924 501 57 21 vissa
996 507 34 14 an-

238 531 74 21 stalter
327 532 39 20 och
382 532 121 26 föreningar
518 532 33 20 för
567 538 25 14 av
608 531 50 21 dem
674 531 70 21 havda
760 531 160 21 resekostnader
936 531 32 20 för
979 531 51 20 före-

238 561 74 21 läsare.

1069 597 91 21 sll:8
1297 597 12 20 6)
1340 597 10 19 11
1375 596 40 21 8A
1430 592 72 36 h10o6)8
1511 596 53 21 Alsa]
1596 596 68 22 17:68
1666 592 19 36 |
1696 596 69 21 20:14

195 633 9 15 2
223 628 74 20 Såsom
322 627 74 26 bidrag
419 628 33 20 till
471 627 104 21 täckande
594 634 26 14 av
636 627 143 21 kostnaderna
794 627 33 20 för
842 626 26 21 de
884 627 146 26 föreläsnings-
1110 639 17 16 p.
1132 633 35 17 229

237 658 81 24 kurser,
335 664 46 14 som
397 658 47 20 från
460 658 152 20 universiteten
629 658 7 19 i
647 657 96 27 Uppsala
758 657 39 20 och
809 656 63 21 Lund
883 657 65 21 varda
959 657 27 26 på
997 657 34 20 be-

238 689 64 24 gäran
318 694 48 14 vare
378 688 31 26 sig
420 695 26 13 av
457 688 128 23 institution,
597 694 46 14 som
655 688 19 26 ej
686 688 95 26 åtnjuter
792 686 86 21 särskilt
888 687 34 20 till
934 687 96 26 populär-

238 717 160 27 vetenskapliga
413 718 153 26 föreläsningar
582 717 89 27 beviljat
687 716 176 25 statsunderstöd,
880 716 51 21 eller
947 724 26 14 av
988 717 43 20 viss

237 747 105 20 kommun
366 747 51 21 eller
440 747 83 21 enskild
542 754 75 20 person
634 747 121 20 anordnade
772 749 31 18 att
818 746 68 21 under
901 747 56 20 förra
973 746 57 21 halv-

238 778 45 20 året
303 777 56 20 1923
371 777 52 21 eller
438 784 73 14 senare
527 777 68 21 hållas
611 779 60 19 utom
687 776 242 26 universitetsstäderna,
946 777 85 20 anvisas

238 808 27 25 på
288 809 61 18 extra
371 810 42 18 stat
429 808 33 20 för
477 807 59 21 tiden
554 808 10 20 1
581 807 104 27 jan.—30
700 807 48 27 juni
766 807 56 20 1923
838 808 31 19 ett
883 807 147 21 reservations-

237 837 74 26 anslag
333 844 27 14 av
384 837 64 21 7250
472 837 38 26 kr.,
534 844 64 14 varav
617 838 12 19 5
633 837 48 20 000
698 837 30 21 kr.
746 837 33 20 till
798 836 92 27 Uppsala
906 837 126 21 universitet

237 867 39 20 och
293 867 65 20 2250
375 867 30 20 kr.
423 867 33 20 till
472 867 73 21 Lunds
561 868 132 20 universitet.

1069 896 91 21 FEEL
1297 895 12 21 6|
1341 895 8 21 11
1375 895 41 20 8A
1433 891 70 36 10618
1512 895 52 21 Alss]
1596 895 68 21 17:68]
1696 895 69 21 20:14

194 932 9 15 3
222 927 75 21 Såsom
314 927 74 26 bidrag
404 927 33 20 till
454 927 135 21 bestridande
605 934 26 14 av
646 927 143 20 kostnaderna
803 927 33 20 för
846 926 26 21 de
883 926 146 26 föreläsnings-
1110 938 17 16 p.
1133 931 35 18 230

236 957 81 25 kurser,
341 964 46 13 som
411 959 36 18 äro
466 957 92 21 avsedda
577 959 31 18 att
623 957 68 21 under
707 964 120 13 sommaren
845 956 57 21 1923
918 956 36 21 vid
970 956 60 21 Göte-

237 987 61 26 borgs
314 987 103 26 högskola
432 987 106 21 anordnas
553 988 33 19 för
601 987 153 26 allmänheten,
771 987 85 21 anvisas
872 987 27 26 på
915 988 59 19 extra
989 988 43 19 stat

236 1017 33 20 för
282 1017 59 20 tiden
354 1017 10 20 1
376 1017 104 27 jan.—30
491 1018 48 26 juni
552 1017 56 20 1923
620 1019 30 19 ett
660 1017 215 26 reservationsanslag
885 1023 27 14 av
923 1016 12 21 6
945 1016 42 21 000
999 1016 31 20 kr.

1046 1044 114 22 192311:
1141 1040 15 37 8
1298 1045 11 20 6!
1340 1045 10 19 11
1402 1045 12 20 8/
1448 1050 24 15 9418
1491 1045 74 21 Ale2l
1596 1044 83 22 20:37
1668 1040 15 37 |
1697 1045 69 21 20:27

195 1081 6 15 1
221 1076 42 20 Till
280 1076 116 21 understöd
412 1077 22 20 åt
449 1077 103 20 anstalter
567 1077 39 20 och
622 1077 127 25 föreningar,
766 1083 45 14 som
829 1076 95 21 anordna
934 1075 96 27 populär-
1110 1087 17 16 p.
1132 1080 35 18 244

236 1106 161 27 vetenskapliga
419 1106 160 27 föreläsningar,
602 1107 84 20 anvisas
709 1107 33 20 för
761 1106 126 26 budgetåret
905 1105 126 28 1923/1924

236 1138 30 19 ett
290 1138 60 19 extra
373 1137 215 25 reservationsanslag
605 1143 25 14 av
647 1136 42 21 350
699 1136 42 21 000
758 1136 38 24 kr.;
813 1136 39 20 och
868 1136 115 25 medgives,
1000 1137 32 18 att

236 1173 26 13 av
282 1166 58 20 detta
359 1166 73 26 anslag
448 1167 35 19 må
499 1166 109 20 användas
624 1166 45 21 dels
685 1167 62 25 högst
763 1166 27 20 25
800 1165 42 21 000
858 1166 32 20 kr.
907 1165 33 21 till
956 1165 75 21 under-

236 1195 48 21 stöd
303 1196 22 20 åt
341 1196 156 26 centralbyråer
512 1196 40 21 och
568 1196 153 26 undantagsvis
737 1198 54 18 även
806 1196 22 20 åt
844 1195 66 21 andra
926 1201 104 14 samman-

236 1225 120 26 slutningar
377 1226 33 20 för
432 1226 130 26 förmedling
584 1232 26 14 av
634 1226 73 26 dylika
725 1225 160 27 föreläsningar,
904 1225 46 21 dels
966 1225 12 20 3
988 1224 43 21 000

236 1256 31 19 kr.
291 1255 34 21 till
344 1262 26 14 en
387 1256 39 20 hos
442 1256 201 26 skolöverstyrelsen
659 1255 94 21 anställd
768 1254 262 27 föreläsningskonsulent,

236 1285 45 20 dels
304 1285 40 21 ock
368 1286 62 25 högst
451 1285 65 21 8000
537 1286 31 20 kr.
585 1286 33 20 till
634 1285 116 21 understöd
766 1286 22 20 åt
803 1285 57 21 vissa
875 1285 101 20 anstalter
992 1284 39 20 och

236 1316 121 25 föreningar
372 1315 33 20 för
421 1322 25 14 av
462 1315 49 21 dem
528 1315 70 21 havda
613 1315 161 21 resekostnader
789 1315 33 20 för
837 1315 118 20 föreläsare.

193 1379 10 16 2
221 1374 74 21 Såsom
320 1375 74 26 bidrag
414 1375 33 20 till
471 1375 105 21 täckande
592 1382 26 14 av
634 1375 143 21 kostnaderna
792 1375 34 20 för
841 1375 26 20 de
883 1374 147 26 föreläsnings-|
1070 1381 8 10 >»
1119 1373 42 21 11:8
1298 1372 12 21 6)
1341 1371 10 21 11
1404 1371 12 21 81
1448 1377 24 16 9618
1491 1372 74 21 Ales]
1595 1371 68 22 20:37
1667 1367 14 36 1
1696 1371 68 22 20:27

236 1405 80 26 kurser,
340 1411 45 14 som
408 1405 47 20 från
479 1406 152 20 universiteten
646 1406 8 19 i
670 1405 95 26 Uppsala
787 1405 40 20 och
846 1404 62 21 Lund
924 1404 65 21 varda
1004 1404 28 26 på
1111 1414 17 17 p.
1133 1407 35 18 246

237 1435 90 25 begäran
350 1441 50 14 vare
423 1435 32 26 sig
478 1442 26 14 av
528 1435 129 26 institution,
680 1441 45 14 som
750 1436 19 26 ej
786 1436 95 26 åtnjuter
896 1434 87 21 särskilt
998 1433 33 21 till

236 1465 252 26 populärvetenskapliga
510 1465 154 26 föreläsningar
683 1465 88 26 beviljat
787 1464 177 24 statsunderstöd,
981 1463 51 21 eller
1361 1468 2 25 |

237 1501 26 14 av
278 1495 43 20 viss
337 1495 105 20 kommun
458 1495 51 20 eller
525 1495 84 20 enskild
625 1502 76 19 person
717 1495 122 20 anordnade
852 1496 32 19 att
894 1494 68 20 under
972 1493 59 21 tiden

238 1524 10 20 1
265 1525 42 26 juli
322 1524 115 20 1923—30
448 1525 48 26 juni
514 1524 57 21 1924
587 1525 52 20 eller
654 1531 73 14 senare
738 1524 69 21 hållas
817 1527 60 18 utom
889 1524 142 20 universitets-
1171 1515 1 23 |

237 1554 105 26 städerna,
358 1555 85 20 anvisas
453 1555 34 20 för
498 1554 125 27 budgetåret
634 1553 127 28 1923/1924
772 1557 31 18 ett
813 1556 60 19 extra
883 1554 147 20 reservations-
1171 1557 1 10 |

236 1584 75 26 anslag
328 1591 26 14 av
371 1584 79 21 14500
466 1584 39 25 kr.,
522 1591 64 14 varav
603 1584 27 21 10
640 1585 42 20 000
699 1585 30 20 kr.
746 1585 33 20 till
795 1584 96 27 Uppsala
906 1584 126 21 universitet
1171 1572 1 26 |

236 1614 40 21 och
292 1614 64 20 4500
372 1615 31 20 kr.
420 1614 33 21 till
470 1614 73 21 Lunds
559 1615 131 20 universitet.
1171 1604 1 30 |

194 1679 7 15 1
218 1673 43 21 Till
277 1674 117 21 understöd
409 1675 23 19 åt
447 1674 103 21 anstalter
566 1675 39 20 och
621 1674 128 26 föreningar,
763 1680 45 14 som
825 1673 96 21 anordna
934 1673 97 27 populär-
1047 1670 56 22 1924]
1119 1671 41 20 1:8
1162 1665 21 39 |
1191 1670 80 22 59/127|
1299 1671 12 20 6)
1341 1670 7 20 11
1404 1670 12 20 8
1434 1675 39 16 17018
1491 1670 82 20 Alis]
1596 1670 69 21 27:87
1677 1688 2 4 |
1690 1670 33 20 27:
1734 1669 42 21 c4d

236 1704 161 26 vetenskapliga
419 1704 160 26 föreläsningar,
602 1704 84 20 anvisas
709 1704 33 20 för
762 1703 124 26 budgetåret
905 1701 126 29 1924/1925
1111 1706 57 23 p.189
1677 1696 2 32 I

236 1735 31 19 ett
285 1735 60 19 extra
364 1734 214 26 reservationsanslag
597 1741 26 13 av
639 1734 42 20 325
691 1733 42 21 000
750 1734 40 23 kr.;
808 1734 39 19 och
863 1733 108 26 medgiver
987 1732 44 25 RD,

236 1765 31 19 att
283 1770 26 14 av
325 1764 59 20 detta
399 1764 74 26 anslag
489 1764 36 20 må
541 1763 108 21 användas
666 1764 61 25 högst
739 1763 26 21 25
774 1763 42 20 000
828 1763 31 20 kr.
871 1763 33 20 till
916 1762 115 21 understöd

236 1794 22 19 åt
281 1794 157 26 centralbyråer
461 1794 39 20 och
520 1794 153 25 undantagsvis
692 1795 54 19 även
762 1794 23 19 åt
800 1793 66 20 andra
881 1792 150 21 sammanslut-

236 1823 75 26 ningar
326 1824 33 19 för
374 1823 130 26 förmedling
520 1830 25 14 av
562 1823 74 27 dylika
651 1823 161 26 föreläsningar,
829 1823 12 20 3
851 1822 42 21 000
910 1822 31 20 kr.
958 1822 33 20 till
1005 1828 26 14 en

236 1853 39 20 hos
299 1853 202 27 skolöverstyrelsen
518 1853 93 21 anställd
626 1852 257 27 föreläsningskonsulent
899 1853 56 19 samt
971 1852 61 25 högst

236 1882 64 21 8000
317 1883 30 20 kr.
365 1883 33 21 till
414 1883 117 21 understöd
547 1884 22 20 åt
579 1884 56 20 vissa
651 1883 103 20 anstalter
769 1883 40 20 och
825 1882 122 26 föreningar
962 1882 33 20 för
1006 1888 26 14 av

236 1912 49 21 dem
302 1913 70 21 havda
387 1913 162 21 resekostnader
564 1913 34 21 för
613 1913 119 20 föreläsare.

1299 1969 11 20 &S

1342 1969 8 20 -—

1404 1969 12 20 oo

193 1977 10 15 2
221 1972 75 21 Såsom
319 1973 74 26 bidrag
416 1973 33 20 till
473 1973 105 20 täckande
597 1980 26 13 av
640 1973 142 20 kostnaderna
794 1972 33 20 för
842 1972 27 20 de
884 1971 147 26 föreläsnings-|
1070 1978 8 11 »
1119 1970 41 20 11:8/
1191 1968 27 21 60
1435 1974 38 16 17418
1493 1968 80 21 Alis]
1598 1968 68 20 27:87
1669 1964 14 35 |
1699 1968 33 20 27:
1743 1973 24 15 69

236 2002 81 25 kurser,
334 2009 47 14 som
397 2003 47 20 från
461 2004 152 19 universiteten
630 2003 7 19 i
650 2002 95 27 Uppsala
760 2003 40 20 och
811 2002 63 20 Lund
885 2002 65 20 varda
960 2002 27 26 på
998 2001 32 20 be-
1111 2005 55 22 p.191

236 2034 64 24 gäran
316 2040 49 13 vare
376 2033 32 26 sig
418 2040 26 13 av
455 2033 129 27 institution,
598 2039 45 14 som
656 2033 19 26 ej
688 2033 94 26 åtnjuter
793 2032 86 21 särskilt
889 2032 34 20 till
934 2031 97 27 populär-
1279 2045 1 16 |

236 2063 160 26 vetenskapliga
412 2063 154 26 föreläsningar
582 2063 90 26 beviljat
687 2062 176 25 statsunderstöd,
881 2061 51 21 eller
947 2068 25 14 av
988 2061 43 21 viss
1279 2067 1 17 |
