1809 2332
143 66 37 19 584

828 69 223 20 SAKREGISTER

156 252 119 20 Jordbruk

158 436 24 15 20

160 1240 23 15 21

161 1924 24 15 22

202 282 56 21 1920
274 282 56 20 eller
346 289 81 14 senare
443 283 25 20 år
484 283 95 21 försålts
595 283 53 20 från
664 284 195 25 kronoegendom,
875 284 84 20 räntan
975 284 45 24 må,
1035 284 7 20 i

201 312 44 20 den
258 312 55 20 mån
326 312 185 26 köpeskillingen
523 313 118 20 förräntas
654 313 71 26 enligt
737 314 122 20 enahanda
871 314 109 25 grunder,
992 320 50 14 som

201 342 56 25 gällt
272 342 56 20 eller
342 343 72 24 gäller
429 342 36 20 för
480 343 44 20 den
541 343 96 21 stående
652 343 66 21 delen
733 349 28 15 av
775 343 50 21 före
840 344 44 20 den
900 344 9 20 1
926 344 44 24 juli
987 344 54 20 1940

199 371 98 26 beviljat
317 372 165 25 egnahemslån
503 372 36 21 för
558 372 270 26 jordbrukslägenheter,
848 374 74 20 under
941 373 26 21 år
987 374 55 20 1959

201 401 55 26 utgå
266 401 59 21 efter
335 402 34 23 3,6
379 403 102 24 procent.

201 431 40 20 RD
257 431 153 26 bemyndigar
426 432 27 20 K.
469 432 45 20 M:t
531 434 33 19 att
581 432 74 21 under
672 432 56 25 maj,
744 433 52 24 juni
812 433 43 20 och
871 433 44 25 juli
932 433 111 21 månader

202 461 56 20 1958
277 461 104 21 utbetala
398 462 152 25 prisrabatter
568 462 13 20 å
598 463 63 19 smör
677 463 7 20 i
701 462 157 26 huvudsaklig
875 464 168 20 överensstäm-

202 491 71 20 melse
286 492 52 19 med
351 492 44 20 vad
407 492 114 20 utskottet
534 492 120 25 föreslagit
667 495 60 18 samt
740 493 93 20 anvisar
846 493 34 20 till
893 493 150 25 prisrabatte-

202 521 52 25 ring
269 527 28 14 av
312 522 63 19 smör
390 521 13 20 å
417 522 140 25 tilläggsstat
572 522 20 20 II
608 521 12 21 5
630 522 40 20 700
680 522 42 21 000
737 522 34 21 kr.
786 523 43 20 och
844 523 34 20 till
893 523 150 25 prisrabatte-

202 551 52 25 ring
267 557 29 14 av
309 552 63 19 smör
386 551 13 20 å
412 551 126 21 riksstaten
553 552 36 20 för
602 552 137 25 budgetåret
756 552 98 24 1958/59,
867 553 12 20 2
889 552 42 21 800
941 553 42 21 000
997 553 44 23 kr.;

202 581 44 19 och
260 580 77 21 avslår
352 581 39 20 RD
406 581 7 20 i
428 581 146 21 motionerna
588 582 19 19 1:
619 582 41 20 422
675 582 43 20 och
734 582 30 20 II:
775 582 40 20 531
831 582 80 25 begärt
924 582 119 26 bemyndi-

203 611 74 24 gande
290 610 36 20 för
338 611 27 20 K.
377 611 45 20 M:t
434 612 33 19 att
478 623 29 3 —
520 612 6 20 i
539 611 61 25 syfte
612 613 34 19 att
658 611 163 22 åstadkomma
832 618 28 14 en
873 612 170 21 skatterestitu-

202 640 49 20 tion
267 652 30 3 —
312 640 73 20 träffa
401 641 61 20 avtal
479 641 52 20 med
548 641 103 20 Svenska
667 641 222 21 sockerfabriksakt.
905 648 38 14 om
960 643 33 20 att
1008 648 36 20 ge-

203 670 108 20 nomföra
324 676 28 14 en
366 670 193 26 prisrabattering
571 677 28 14 av
612 671 81 20 socker
706 672 52 20 med
771 672 59 25 lägst
844 672 26 20 10
882 673 39 19 öre
933 678 41 19 per
987 672 56 20 kilo-

202 705 73 20 gram,
292 700 115 25 yrkandet
422 701 7 19 i
445 701 146 20 motionerna
607 701 19 20 I:
637 700 41 21 422
694 702 43 19 och
752 701 31 20 II:
794 700 40 22 531
851 702 34 20 att
901 701 36 21 för
952 702 92 25 angivet

203 729 109 20 ändamål
327 730 81 20 anvisa
422 731 32 19 ett
468 731 81 24 anslag
563 731 51 20 med
629 731 147 25 erforderligt
789 731 83 26 belopp
886 732 64 20 inom
964 738 80 14 ramen

202 759 37 20 för
254 760 28 20 de
296 764 83 20 genom
395 760 99 25 ändring
508 766 28 14 av
551 760 247 26 fettvaruregleringen
813 761 131 25 inflytande
959 762 85 20 skatte-

202 789 161 20 inkomsterna
383 792 60 19 samt
462 790 146 20 motionerna
628 790 70 21 I:421
719 791 43 19 och
761 785 50 34 II:
816 785 56 34 530,
890 791 70 21 såvitt
978 798 66 14 avser

203 819 116 25 yrkandet
332 825 38 14 om
383 819 140 21 hemställan
538 820 42 20 hos
594 820 26 20 K.
633 820 45 20 M:t
691 826 38 14 om
741 826 65 19 prop.
820 821 35 20 till
868 821 44 20 den
925 822 119 20 nästkom-

202 849 85 20 mande
304 849 75 20 under
396 849 49 20 året
463 850 222 20 sammanträdande
702 850 39 20 RD
759 851 52 20 med
829 850 87 26 förslag
933 857 37 14 om
987 857 57 19 upp-

203 878 107 21 hävande
326 885 28 14 av
369 885 31 14 nu
416 880 107 24 gällande
538 880 123 20 varuskatt
677 880 12 20 å
705 880 81 20 socker
801 881 43 20 och
860 880 73 26 sirap;
949 882 43 19 och
1008 888 37 14 av-

204 908 47 20 slår
263 908 40 21 RD
316 909 146 20 motionerna
474 909 20 20 I:
505 909 42 21 416
560 910 43 19 och
617 910 30 19 II:
658 910 49 24 523,
720 910 70 21 såvitt
802 917 66 14 avser
879 911 116 25 yrkandet
1007 917 37 14 om

202 938 140 25 disposition
356 945 28 13 av
398 939 73 20 medel
487 939 52 20 från
553 940 262 25 reservationsanslaget
828 941 35 19 till
878 941 167 25 Prisregleran-

203 968 27 20 de
247 968 108 25 åtgärder
371 969 30 24 på
417 969 150 25 jordbrukets
584 969 94 21 område
695 969 36 20 för
748 970 136 25 budgetåret
902 970 90 22 1957/58
1009 971 36 20 för

203 998 144 25 rabattering
360 1004 28 14 av
400 999 63 19 smör
475 999 35 20 till
523 999 119 20 allmänna
655 1000 167 25 inrättningar;
836 1000 43 20 och
893 1000 152 26 bemyndigar

203 1028 40 19 RD
256 1028 27 19 K.
296 1028 45 20 M:t
353 1029 34 19 att
399 1028 29 24 på
441 1029 46 19 sätt
499 1029 114 20 utskottet
626 1029 104 20 förordat
743 1035 28 14 av
783 1030 262 26 reservationsanslaget

202 1057 35 20 till
254 1057 187 25 Prisreglerande
457 1058 107 25 åtgärder
579 1058 29 25 på
623 1058 151 25 jordbrukets
790 1059 94 21 område
899 1059 37 20 för
949 1059 96 26 budget-

203 1086 50 21 året
268 1086 90 21 1958/59
373 1087 124 25 disponera
513 1088 62 20 1500
585 1088 42 20 000
640 1088 34 20 kr.
688 1088 37 20 för
738 1088 142 26 rabattering
893 1095 28 14 av
934 1090 63 20 smör
1009 1090 35 20 till

203 1116 119 20 allmänna
335 1117 167 25 inrättningar;
516 1117 43 20 och
571 1117 62 25 giver
646 1118 39 19 RD
697 1118 7 20 i
716 1118 46 20 anl.
774 1124 28 14 av
814 1118 146 21 motionerna
972 1120 20 19 1:
1002 1119 42 20 423

203 1146 44 19 och
261 1146 30 20 II:
302 1146 42 20 533
358 1146 7 20 i
379 1146 112 21 skrivelse
505 1147 34 20 till
554 1147 26 20 K.
594 1147 44 20 M:t
652 1153 50 14 som
716 1148 36 19 sin
765 1148 94 25 mening
872 1148 115 21 tillkänna
1001 1149 43 20 vad

202 1175 115 21 utskottet
333 1176 80 20 anfört
428 1182 38 14 om
484 1177 134 24 avsättning
634 1183 27 14 av
677 1178 207 20 smöröverskottet
900 1178 36 20 för
952 1178 44 21 den
1011 1179 34 20 in-

203 1206 164 20 ternationella
375 1206 247 24 hjälpverksamheten
633 1206 36 20 för
678 1206 66 21 barn.

203 1235 39 20 RD
259 1235 94 20 anvisar
368 1235 35 20 till
419 1236 184 24 prisreglerande
619 1236 107 25 åtgärder
740 1237 30 25 på
784 1236 151 26 jordbrukets
951 1238 94 20 område

204 1264 12 20 å
232 1265 127 20 riksstaten
375 1265 41 20 173
425 1265 42 20 000
477 1265 42 20 000
535 1265 40 24 kr.,
591 1265 152 26 bemyndigar
756 1266 27 21 K.
797 1267 45 20 M:t
856 1268 33 19 att
904 1267 55 25 höja
974 1268 71 20 maxi-

204 1300 64 14 munm
281 1294 36 20 för
330 1295 38 20 det
382 1295 93 25 statliga
487 1295 153 25 pristillägget
652 1296 36 20 för
700 1296 146 25 spånadslin-
858 1297 43 20 och
913 1297 132 25 hampfiber

204 1330 28 14 av
245 1324 55 20 1957
313 1324 43 20 och
368 1331 81 14 senare
461 1325 37 20 års
510 1325 98 20 skördar
620 1325 53 20 från
685 1326 26 20 75
723 1332 60 19 resp.
795 1327 27 19 90
834 1327 38 20 öre
884 1327 36 20 för
931 1327 114 25 kilogram

204 1354 113 25 spinnbar
333 1360 56 14 vara
405 1355 34 19 till
458 1355 26 20 79
501 1360 59 20 resp.
576 1355 49 23 94,5
642 1356 39 20 öre
697 1355 36 21 för
749 1356 121 25 kilogram,
887 1357 116 25 medgiver
1019 1358 26 19 K.

203 1384 45 20 M:t
268 1385 34 19 att
320 1384 94 25 vidtaga
432 1384 151 26 erforderliga
601 1384 108 26 åtgärder
727 1385 36 21 för
781 1386 51 20 stöd
851 1386 23 21 åt
892 1386 108 26 odlingen
1018 1393 28 14 av

202 1413 89 25 oljelin,
312 1413 136 25 spånadslin
468 1414 44 20 och
532 1415 85 24 hampa
637 1415 74 20 under
731 1415 177 26 regleringsåret
929 1416 90 21 1958/59
1039 1417 7 19 i

203 1443 158 25 huvudsaklig
377 1444 231 21 överensstämmelse
625 1445 52 20 med
694 1445 27 20 de
737 1445 126 25 riktlinjer,
880 1452 49 14 som
946 1446 99 26 angivits

204 1479 28 14 av
248 1473 122 23 utskottet,
387 1474 91 19 lämnar
493 1475 57 19 utan
566 1474 94 20 erinran
676 1475 43 20 vad
736 1475 91 21 anförts
842 1475 148 22 beträffande
1006 1482 39 15 an-

204 1503 149 25 vändningen
365 1509 27 14 av
404 1504 27 19 de
443 1504 81 23 medel,
537 1510 50 14 som
599 1504 74 20 under
684 1504 177 26 regleringsåret
874 1505 90 21 1958/59
976 1506 69 25 infly-

204 1533 35 19 ter
251 1538 84 19 genom
347 1533 148 25 upptagande
508 1539 28 14 av
548 1533 198 26 införselavgifter
758 1535 110 20 ävensom
880 1536 73 20 andra
966 1536 7 20 i
985 1542 60 14 sam-

203 1562 62 20 band
278 1563 52 19 med
342 1562 272 26 jordbruksregleringen
626 1563 103 21 influtna
741 1564 55 20 eller
808 1565 74 20 under
893 1565 71 25 sagda
975 1566 70 25 regle-

204 1592 91 25 ringsår
313 1592 130 25 inflytande
462 1592 168 25 avgiftsmedel,
647 1593 136 25 godkänner
799 1595 44 19 vad
860 1594 132 26 föreslagits
1008 1595 37 20 be-

205 1622 119 20 träffande
341 1623 142 24 regleringen
498 1629 28 13 av
541 1623 171 20 skördeskador
726 1623 26 20 år
768 1624 55 20 1958
837 1624 38 20 års
889 1624 78 24 skörd,
981 1626 65 19 anta-

204 1656 40 20 ger
262 1651 137 26 förordning
416 1658 38 14 om
471 1653 89 19 ändrad
578 1652 87 25 lydelse
682 1659 28 14 av
728 1653 11 20 7
759 1653 9 23 8
787 1653 167 26 förordningen
972 1654 44 21 den
1034 1655 11 19 7

204 1681 53 24 juni
273 1681 56 21 1956
346 1681 39 24 (nr
399 1681 52 24 401)
470 1687 51 20 ang.
536 1682 113 25 reglering
664 1688 28 14 av
705 1682 114 21 införseln
833 1689 28 14 av
874 1684 61 20 vissa
950 1684 95 21 levande

205 1711 55 24 djur
271 1711 44 20 och
325 1711 258 25 jordbruksprodukter
593 1718 30 14 m.
635 1718 38 17 m.,
686 1713 95 24 antager
792 1712 138 27 förordning
941 1720 38 14 om
990 1714 55 20 änd-

205 1741 42 19 rad
259 1740 86 25 lydelse
357 1747 27 14 av
397 1741 9 20 1
419 1741 43 20 och
474 1741 12 20 3
500 1741 24 23 $$
537 1741 168 26 förordningen
716 1743 44 19 den
773 1743 25 20 10
810 1743 44 24 juli
867 1743 54 20 1947
938 1744 39 23 (nr
988 1744 53 23 378)

205 1776 38 14 om
256 1770 62 21 vissa
330 1770 97 25 avgifter
440 1770 12 21 å
464 1771 82 24 mjölk,
558 1772 86 24 grädde
658 1772 43 19 och
713 1773 36 19 ost
761 1774 61 18 samt
833 1773 117 25 medgiver
962 1773 26 20 K.
1000 1774 45 20 M:t

204 1800 63 23 eller,
282 1800 59 20 efter
356 1800 26 20 K.
398 1800 56 21 M:ts
469 1801 193 25 bemyndigande,
677 1803 88 19 statens
779 1802 217 24 jordbruksnämnd
1012 1805 33 19 att

204 1829 37 20 för
255 1830 52 19 stöd
322 1829 23 21 åt
359 1830 217 25 fodersädesexport
589 1831 108 20 använda
711 1831 168 25 avgiftsmedel,
894 1839 50 13 som
957 1833 87 20 internt

203 1859 120 26 upptagits
337 1860 64 20 inom
415 1860 138 25 jordbruket
567 1861 64 20 inom
646 1867 80 15 ramen
741 1861 36 20 för
792 1861 253 27 jordbruksreglering-

204 1895 36 18 en,
253 1889 7 20 i
273 1889 157 26 huvudsaklig
442 1891 232 20 överensstämmelse
686 1891 52 20 med
751 1891 101 25 angivna
864 1892 125 25 riktlinjer.

203 1919 119 20 Motionen
338 1919 103 21 AK:257
458 1925 38 15 om
513 1920 126 26 utredning
655 1925 51 21 ang.
722 1921 158 25 uppsättande
896 1928 28 14 av
938 1921 107 22 bärkraf-

203 1949 48 25 tiga
265 1949 44 20 och
324 1949 111 20 moderna
448 1949 214 26 arrendejordbruk
676 1950 29 25 på
720 1950 157 27 samhällsägd
892 1951 53 25 jord
960 1952 84 21 slutbe-

203 1978 130 21 handlades
343 1978 20 26 ej
375 1985 28 14 av
413 1979 46 20 RD.

204 2031 64 20 RD:s
283 2031 125 20 revisorers
423 2032 120 20 uttalande
557 2032 44 20 rör.
616 2032 74 20 större
704 2032 162 20 restriktivitet
879 2032 38 20 vid
931 2033 44 19 den
989 2033 55 19 stat-

203 2060 46 25 liga
260 2060 220 26 bidragsgivningen
492 2061 34 20 till
539 2060 118 26 nyodling,
669 2061 148 26 stenröjning
827 2062 44 20 och
881 2062 163 21 betesförbätt-

203 2090 53 25 ring
267 2090 77 26 lägges
354 2091 35 20 till
399 2090 179 26 handlingarna.

1113 185 52 21 Prop.

1200 161 88 17 Motioner

1353 161 71 17 Utskott

1473 173 57 17 Skriv.

1589 161 91 17 Protokoll

1196 215 29 16 FK
1227 211 27 30 |
1260 215 32 16 AK

1314 214 86 18 SmllAvd|
1424 215 26 17 Nr

1491 202 22 11 nr

1570 215 30 16 FK
1668 215 32 16 AK

1066 434 30 21 58

1069 1237 30 21 58

1117 1239 47 20 1:11

1131 1273 22 16 38

1120 1299 41 20 122

1188 436 44 20 416
1232 432 18 35 |
1254 436 42 21 523

1188 466 41 20 421
1254 466 43 21 1530

1188 496 43 20 422
1232 492 18 35 |
1254 496 41 20 531

1189 526 43 20 423
1254 526 43 20 1532

1188 556 44 20 424
1254 556 43 20 1533

1191 1239 40 21 391
1256 1240 41 20 1491

1324 432 44 36 10]
1373 432 35 36 —I
1429 436 28 21 26

1327 1235 46 36 101
1376 1252 26 2 —
1431 1240 28 20 24

1438 2071 22 16 76

1479 436 42 21 287

1481 1240 43 20 285

1539 437 34 20 18:
1589 436 85 21 40dl15:
1689 437 41 20 32d

1539 466 34 21 18:
1589 471 22 15 75
1640 467 34 20 118:
1691 467 40 20 15d

1539 496 34 21 18:
1589 501 22 15 78
1640 497 34 20 118:
1689 497 42 20 92d

1640 526 34 20 18:
1690 531 22 15 95

1640 556 34 20 18:
1690 561 22 15 98

1541 1240 34 20 18:
1591 1244 22 16 72
1642 1240 90 20 I18:112d

1556 2037 20 20 3:
1591 2041 22 15 36
1620 2032 26 34 |
1656 2036 56 21 3:101
