1847 2358
162 155 44 20 494

183 475 10 15 9

183 1531 9 14 o

898 161 135 15 SAKREGISTER

181 439 203 27 Fiskerinäringen.

210 470 38 20 RD
265 472 86 25 antager
374 470 79 26 förslag
476 470 32 21 till
531 470 34 26 lag
583 477 46 19 ang.
647 472 42 19 rätt
704 470 33 20 för
754 471 118 26 Konungen
888 472 29 19 att
934 470 85 21 utfärda

225 501 57 20 vissa
297 500 132 21 föreskrifter
444 502 39 18 rör.
502 500 62 21 fisket
579 501 59 19 inom
655 500 68 21 Torne
739 500 45 21 älvs
800 500 146 21 fiskeområde.

211 560 42 20 Till
268 561 117 20 understöd
404 562 22 19 åt
442 560 66 21 Södra
524 561 95 25 Sveriges
635 560 170 27 fiskeriförening
820 561 84 20 anvisas
920 561 33 20 för
969 560 50 21 bud-

226 591 80 25 getåret
326 589 125 29 1928/1929
475 591 70 20 såsom
570 592 60 18 extra
653 590 81 26 anslag:
752 591 70 20 såsom
842 590 74 27 bidrag
930 590 34 21 till
980 591 39 20 för-

226 621 101 25 eningens
343 620 279 28 upplysningsverksamhet
637 620 13 20 8
660 620 42 20 650
718 620 39 25 kr.,
769 621 70 20 såsom
851 620 74 27 bidrag
936 620 33 21 till
980 620 39 21 för-

226 651 102 26 eningens
339 651 191 26 fiskeribiologiska
541 650 183 26 undersöknings-,
736 651 90 20 försöks-
837 651 39 20 och
888 650 131 26 fiskodlings-

225 681 136 21 verksamhet
386 680 79 21 17350
489 681 37 24 kr.,
543 680 51 21 eller
610 680 90 27 tillhopa
716 680 28 21 26
755 680 42 21 000
814 681 38 24 kr.;
872 681 39 20 och
931 680 89 27 beviljar

226 711 37 20 RD
287 711 33 21 för
343 711 137 21 anordnande
503 712 12 19 å
533 711 33 20 för
584 710 123 21 ändamålet
726 718 26 13 av
768 711 124 26 föreningen
908 710 112 22 förvärvad

225 741 102 26 fastighet
344 748 26 14 av
393 741 214 26 dammbhushållning
625 741 50 20 med
691 747 15 15 s.
723 741 20 20 k.
764 741 118 20 växelbruk
901 743 31 18 ett
947 741 74 26 anslag

226 778 26 13 av
269 771 27 20 18
306 771 42 20 000
365 771 41 25 kr.;
423 771 39 21 och
481 771 85 20 anvisas
582 770 64 21 därav
662 771 33 20 för
706 771 124 26 budgetåret
847 769 126 28 1928/1929
990 772 31 19 ett

226 803 61 19 extra
302 801 74 26 anslag
391 808 26 14 av
433 801 12 20 9
455 800 43 22 000
514 801 31 20 kr.

211 862 41 20 För
275 861 156 21 stationerande
454 861 68 21 under
540 861 200 21 vintermånaderna
760 860 125 27 1928/1929
902 868 26 14 av
944 861 75 20 bevak-

227 892 133 26 ningsfartyg
376 891 36 21 vid
427 892 65 20 rikets
508 891 73 21 kuster
596 891 33 20 för
639 891 192 21 åstadkommande
843 898 26 14 av
879 891 91 26 ordning
980 891 39 20 och

227 922 70 26 skydd
317 922 36 20 vid
369 922 72 20 fiskets
457 921 130 21 bedrivande
603 922 84 20 anvisas
703 921 33 21 för
752 921 125 27 budgetåret
894 920 125 28 1928/1929

226 954 31 19 ett
272 954 60 19 extra
348 951 214 26 reservationsanslag
577 958 26 14 av
619 951 78 20 41400
713 951 31 20 kr.

210 1013 38 20 RD
264 1012 94 20 besluter
373 1012 67 20 sådan
455 1011 91 27 ändring
561 1018 26 14 av
603 1011 120 27 grunderna
738 1012 33 20 för
787 1011 35 21 lån
837 1012 47 19 från
895 1011 80 20 fonden
987 1011 33 20 för

225 1042 186 25 fiskerinäringens
427 1041 153 26 befrämjande,
596 1043 31 18 att
643 1041 35 20 lån
694 1042 36 19 må
744 1041 118 21 innehavas
873 1041 146 25 amorterings-

225 1071 48 21 fritt
288 1073 31 19 ett
334 1072 23 19 år
372 1071 47 20 från
436 1070 173 28 lyftningsdagen
625 1072 55 19 samt
696 1071 127 20 återbetalas
838 1071 59 20 inom
914 1071 62 25 högst
992 1070 27 20 10

225 1102 23 19 år
271 1101 92 21 därefter
386 1101 50 20 med
459 1101 44 20 lika
526 1100 162 27 kapitalbelopp
706 1101 59 26 varje
784 1101 23 20 år
825 1101 67 26 jämte
908 1100 111 27 upplupen

225 1133 67 19 ränta.

210 1197 41 20 För
266 1196 125 26 budgetåret
408 1195 125 29 1928/1929
551 1196 101 27 uppföras
668 1196 105 20 ordinarie
784 1196 236 26 reservationsanslaget

224 1226 35 20 till
282 1226 73 20 fiskets
379 1226 148 27 befrämjande
546 1226 7 20 i
570 1226 26 20 de
612 1226 104 20 särskilda
732 1228 84 18 orterna
832 1226 49 20 med
897 1225 122 21 oförändrat

226 1256 78 27 belopp
328 1256 80 21 78500
432 1256 31 21 kr.
488 1258 57 18 samt
563 1256 105 20 ordinarie
684 1256 236 26 reservationsanslaget
936 1256 33 20 till
986 1256 33 20 be-

225 1286 121 27 främjande
362 1286 7 20 i
385 1286 119 20 allmänhet
520 1293 25 13 av
561 1286 175 26 fiskerinäringen
747 1285 50 21 med
807 1286 124 20 oförändrat
941 1285 78 27 belopp

226 1316 27 20 30
263 1316 42 20 000
322 1316 38 25 kr.;
377 1316 82 20 motion
475 1323 36 13 om
528 1316 74 26 anslag
617 1316 11 20 å
645 1316 13 19 4
670 1315 42 21 000
729 1316 30 20 kr.
777 1314 116 30 att'ställas
904 1316 32 20 till
947 1316 72 20 KM:ts

225 1346 125 26 förfogande
365 1348 32 19 att
412 1346 44 20 lika
471 1346 92 20 fördelas
579 1345 80 21 mellan
676 1345 137 27 Gävleborgs,
824 1345 194 25 Västernorrlands,

226 1376 161 21 Västerbottens
409 1376 40 21 och
472 1376 140 20 Norrbottens
631 1376 244 26 hushållningssällskap
890 1376 33 20 för
939 1377 31 19 att
986 1376 33 20 be-

226 1406 79 27 främja
320 1406 280 27 upplysningsverksamhet
615 1407 40 19 rör.
672 1405 92 21 behovet
779 1412 27 14 av
816 1405 102 21 bildande
929 1413 26 13 av
965 1412 53 14 sam-

226 1436 170 26 manslutningar
412 1436 79 20 mellan
508 1436 93 20 fiskarna
616 1435 37 21 vid
669 1435 40 21 den
726 1435 140 21 norrländska
881 1436 78 20 kusten
970 1435 49 21 med

226 1466 86 27 uppgift
327 1468 32 19 att
374 1466 100 21 utveckla
489 1466 40 20 och
545 1465 99 21 befordra
659 1465 71 21 denna
745 1466 137 26 näringsgren
898 1466 76 20 avslås.

210 1526 42 20 För
268 1526 124 26 budgetåret
404 1524 126 29 1928/1929
542 1526 85 20 anvisas
638 1525 33 21 till
682 1525 152 21 omkostnader
843 1526 33 19 för
887 1525 26 21 de
924 1532 26 13 av
961 1532 57 13 sven-

226 1556 39 20 ska
290 1555 273 27 hydrografisk-biologiska
588 1555 168 20 kommissionen
780 1555 102 21 bedrivna
905 1555 114 20 undersök-

226 1586 103 25 ningarna
345 1592 26 14 av
387 1585 26 21 de
430 1586 84 25 Sverige
530 1585 127 26 omgivande
673 1585 68 20 haven
758 1587 30 18 ett
802 1587 60 19 extra
872 1585 146 20 reservations-

225 1616 75 26 anslag
315 1622 26 14 av
357 1615 27 21 30
394 1616 42 20 250
453 1616 39 24 kr.,
509 1615 33 20 till
558 1615 152 20 omkostnader
725 1615 33 20 för
773 1616 56 20 vissa
845 1622 26 13 av
886 1615 132 20 kommissio-

225 1652 42 13 nen
286 1646 47 19 från
352 1645 271 26 nautisk-meteorologiska
642 1645 66 26 byrån
724 1647 114 24 övertagna
853 1645 166 26 havshydrogra-

226 1675 54 20 fiska
295 1676 122 25 mätningar
432 1682 28 13 m.
478 1682 28 13 m.
518 1677 31 18 ett
564 1677 60 18 extra
639 1675 214 26 reservationsanslag
871 1681 26 14 av
911 1674 12 21 9
934 1674 42 21 000
987 1674 30 20 kr.

226 1707 56 19 samt
297 1705 34 21 till
347 1705 104 21 täckande
467 1712 26 14 av
510 1705 95 25 Sveriges
621 1704 63 21 andel
700 1705 7 20 i
720 1704 143 21 kostnaderna
878 1705 33 20 för
920 1711 26 14 en
956 1705 62 20 inter-

226 1735 103 20 nationell
348 1735 260 27 hydrografisk-biologisk
624 1735 161 20 centralanstalt
800 1735 50 20 med
865 1735 153 20 laboratorium

226 1767 30 19 ett
272 1767 60 18 extra
347 1765 74 26 anslag
437 1772 26 14 av
480 1765 77 20 10000
574 1765 31 20 kr.

210 1825 42 20 Till
278 1825 132 21 underhålls-
434 1825 39 20 och
497 1825 167 20 driftkostnader
687 1825 33 20 för
742 1825 92 27 fartyget
856 1824 106 27 Skagerak
984 1831 34 13 an-

226 1855 56 20 visas
300 1855 34 20 för
352 1855 125 26 budgetåret
497 1853 125 27 1928/1929
641 1857 30 18 ett
689 1856 61 19 extra
764 1854 214 26 reservationsanslag
993 1860 26 14 av

226 1884 27 21 92
263 1884 43 21 000
322 1885 31 20 kr.

211 1944 42 20 Till
269 1944 131 21 underhålls-
411 1945 39 20 och
459 1944 144 21 driftkostnad
614 1945 33 20 för
657 1945 93 26 fartyget
764 1944 119 27 Eystrasalt
894 1944 84 20 anvisas
986 1944 33 19 för

226 1974 125 26 budgetåret
368 1973 126 28 1928/1929
511 1976 30 19 ett
557 1976 60 19 extra
627 1974 214 26 reservationsanslag
851 1981 27 13 av
893 1973 77 21 14500
986 1973 31 20 kr.

211 2034 38 20 RD
264 2034 111 25 förklarar,
392 2036 31 19 att
438 2035 38 20 RD
491 2034 47 21 icke
553 2034 74 21 funnit
642 2034 115 26 anledning
772 2033 33 21 till
814 2033 83 21 erinran
905 2035 46 18 mot
962 2034 56 19 anta-

225 2063 79 27 gandet
327 2071 26 13 av
376 2066 31 19 ett
429 2071 26 14 av
474 2064 97 27 Lysekils
582 2064 48 20 stad
645 2065 56 26 gjort
718 2063 138 28 erbjudande,
874 2065 31 18 att
920 2064 27 25 på
963 2063 56 20 vissa

1057 215 34 1 =
1109 223 40 35 om
1490 230 54 17 Riks-

1051 249 21 36 zz
1109 256 40 33 26
1208 277 4 4 g
1325 248 47 46 Hr
1480 253 73 33 dagens
1610 260 118 18 Kamrarnas

1055 284 65 26 Gola
1133 290 16 29 =
1166 278 167 17 Sonera
1340 277 85 34 bAtenNen
1451 273 13 50 a
1494 290 47 17 örn]
1595 290 145 22 terkandlingar

1055 314 17 28 2
1109 310 35 34 32
1288 307 46 18 eller
1347 308 98 17 memorial
1487 320 62 17 völker

1050 346 17 24 GT
1109 343 39 23 25
1308 362 1 23 |

1112 356 8 39 Zz
1281 367 18 12 2
1601 376 7 3 z

1055 374 17 25 >
1109 371 36 49 153
1170 386 87 17 [rag
1258 367 18 69 |
1281 373 58 59 blä]
1376 385 17 28 2
1400 367 27 69 |
1435 376 18 45 E|
1489 385 16 27 7
1536 376 18 45 |E]
1579 374 71 42 kamm:
1650 367 18 69 |
1684 374 68 42 kamm.

1349 440 2 18 |
1666 441 1 25 |

1034 470 55 21 1927]
1106 470 40 21 251
1266 440 33 56 5
1349 459 2 45 |
1377 471 26 20 85
1476 471 42 20 329
1583 471 70 21 41:53
1665 472 2 26 |
1685 471 69 21 39:58

1273 483 68 90 SR
1665 512 1 46 |

1034 559 57 23 1928]
1108 561 40 20 1:
1129 543 21 53 9
1273 560 26 20 10]
1349 546 2 39 |
1391 561 69 20 2/25)
1491 560 61 21 501]
1584 560 82 31 12:21]
1686 561 68 20 12:45

1105 596 56 22 os
1665 583 103 48 SS

1159 621 2 12 I
1266 622 1 7 |

1160 636 1 3 |
1266 635 2 17 |
1349 658 2 2 |
1766 637 2 21 |

1766 662 2 14 I

1350 680 1 14 I

1350 712 1 24 |
1766 680 2 57 |

1350 740 1 12 I
1766 740 2 6 I

1058 868 8 11 5
1108 860 40 21 ola
1266 860 32 24 110
1350 827 1 61 |
1392 860 12 20 21
1436 865 24 16 27)
1492 859 61 21 5012]
1584 859 66 21 12:21
1665 842 1 43 |
1686 836 67 59 12:45
1752 836 15 59 |

1093 886 57 38 p-99
1350 889 1 33 |
1767 896 1 3 |

1213 963 1 20 Säve

1058 1018 8 11 »
1159 986 101 80 14125
1275 1010 34 28 LON:
1361 1005 35 37 NB
1492 1009 27 21 60
1586 1009 32 21 12:
1629 1015 24 14 22
1666 1021 1 3 |
1688 1010 31 20 12:
1730 1015 25 15 50

1159 1040 2 12 I
1308 1047 2 15 |
1350 1037 1 37 |
1767 1050 1 21 |

1159 1068 2 37 |
1266 1092 2 11 |
1308 1074 2 32 |
1350 1088 1 45 |
1767 1072 1 21 |

1107 1195 41 21 RRD
1221 1194 78 21 124110
1350 1174 2 35 |
1393 1194 9 20 11
1437 1198 24 16 84
1584 1193 70 21 21:40
1654 1189 19 36 |
1678 1193 33 21 20:
1723 1194 41 20 35d

1099 1226 45 31 sid.
1350 1223 2 29 I
1665 1253 2 3 I

1110 1260 35 18 214
1350 1253 2 23 |
1665 1257 2 41 |

1159 1304 2 14 |
1351 1300 1 3 |
1665 1301 2 21 |

1159 1319 2 15 I
1309 1328 1 3 I

1308 1332 2 13 |
1665 1332 2 7 |

1159 1348 2 20 |
1308 1350 2 3 I
1522 1367 2 3 |
1665 1342 2 10 I

1057 1531 8 11 >
1107 1523 40 21 11:9
1272 1522 26 21 10
1392 1522 10 20 1/
1436 1527 24 16 86/9
1480 1521 73 21 Ale]
1583 1521 70 21 21:40
1653 1507 20 50 |
1684 1512 84 41 20:39]

1105 1558 45 23 p-96
1766 1559 2 49 |

1765 1724 1 25 |

1159 1756 1 32 |
1765 1760 1 17 |

1057 1831 8 10 än
1107 1822 40 20 AR
1272 1821 26 21 10
1392 1820 11 20 11
1436 1825 24 17 87)
1481 1820 11 20 9
1501 1820 51 20 Aj1ö
1660 1784 106 63 Re

1104 1857 45 23 p-97
1664 1836 2 32 |
1765 1849 1 47 |

1158 1929 2 7 |
1265 1912 2 29 |
1765 1907 1 31 |

1057 1941 103 21 +
1265 1941 32 28 10
1392 1940 11 20 11
1436 1944 24 16 889
1481 1940 72 20 Alis)
1584 1939 70 21 21:40]
1685 1940 81 26 20:39]

1104 1976 42 23 p.98
1158 1965 2 12 |
1265 1976 2 40 |
1665 1966 2 10 |

1057 2040 8 10 »
1106 2031 42 21 1108
1272 2030 26 21 10
1377 2030 26 20 22
1479 2029 39 21 178
1584 2029 34 20 23:
1629 2033 24 16 68
1658 2025 19 35 |
1685 2030 69 20 24:40
