1806 2325
753 66 223 20 SAKREGISTER

1623 67 39 18 585

81 245 120 20 Jordbruk

99 281 9 14 2
127 276 39 19 RD
182 275 94 20 anvisar
291 275 52 20 med
358 275 100 25 ändring
472 281 28 15 av
516 275 55 21 1958
586 275 38 20 års
640 275 63 21 förra
718 275 63 20 RD:s
795 275 76 21 beslut
885 276 34 20 att
933 275 35 20 till

126 305 194 25 prisrabattering
334 311 28 14 av
376 306 62 19 smör
453 305 13 20 å
480 305 127 20 riksstaten
621 305 36 20 för
670 305 136 25 budgetåret
821 305 91 21 1958/59
926 311 42 14 un-

126 335 40 20 der
182 335 39 20 9:e
235 335 41 20 HT
292 335 81 20 anvisa
388 336 33 19 ett
436 335 183 25 förslagsanslag
636 341 28 14 av
678 335 64 20 2800
752 335 41 20 000
809 335 34 20 kr.
858 335 110 20 ävensom

125 365 52 20 med
198 365 171 25 godkännande
390 371 27 14 av
436 365 44 20 vad
500 365 7 20 i
527 364 236 21 utskottsutlåtandet
782 364 131 26 föreslagits
932 364 37 20 be-

125 394 121 21 träffande
265 394 95 21 fortsatt
378 394 194 25 prisrabattering
590 400 27 14 av
635 395 63 19 smör
715 394 74 21 under
807 394 63 21 tiden
888 399 81 20 aug.—

126 430 52 14 nov.
197 424 63 23 1958,
277 424 34 20 till
329 424 194 25 prisrabattering
539 430 28 14 av
583 425 63 19 smör
665 424 25 20 15
700 424 42 20 300
752 424 41 21 000
810 424 45 23 kr.;
872 424 44 20 och
931 430 38 14 av-

127 454 47 19 slår
190 453 39 21 RD
246 454 114 20 motioner
375 460 38 13 om
427 454 99 25 höjning
541 460 28 14 av
584 453 230 26 regleringsavgiften
829 454 13 20 å
857 453 112 21 fettvaror

127 484 52 19 med
196 483 27 20 50
240 484 39 19 öre
294 489 41 19 per
351 484 121 24 kilogram,
489 484 114 20 motioner
618 490 38 14 om
672 484 185 25 bemyndigande
872 484 36 20 för
924 485 45 19 sta-

127 514 51 19 tens
192 513 217 24 jordbruksnämnd
424 514 33 20 att
472 514 52 19 med
538 514 51 19 stöd
603 520 28 13 av
643 513 172 21 vederbörande
828 513 141 25 författning

127 543 94 24 vidtaga
234 543 47 19 viss
296 543 99 24 ändring
409 548 28 14 av
451 543 230 24 regleringsavgiften
695 542 12 20 å
721 542 120 24 fettvaror,
855 543 114 19 motioner

127 578 38 13 om
177 572 111 20 fullmakt
301 572 35 19 för
348 572 26 20 K.
385 572 45 20 M:t
442 573 34 19 att
486 572 74 20 under
571 572 64 20 tiden
646 577 135 20 aug.—nov.
793 572 56 20 1958
860 572 108 21 avskaffa

128 601 44 20 den
186 601 94 25 statliga
293 601 223 25 prisrabatteringen
529 608 27 13 av
569 602 63 19 smör
644 602 52 20 med
711 602 26 20 50
751 602 38 20 öre
801 607 41 19 per
854 602 114 25 kilogram

127 631 43 20 och
187 631 8 20 i
212 631 78 20 stället
307 631 93 25 vidtaga
416 631 47 20 viss
480 631 99 25 höjning
596 637 28 14 av
640 631 231 25 regleringsavgiften
887 631 13 20 å
916 631 53 21 fett-

127 666 68 14 varor
213 660 78 20 därest
310 660 189 26 marknadsläget
517 661 7 20 i
542 660 66 26 fråga
625 666 38 14 om
681 661 246 20 smörkonsumtionen
944 661 25 20 så

127 690 47 20 kan
190 689 111 21 bedömas
318 690 113 25 medgiva,
448 690 115 20 motioner
579 696 38 14 om
633 690 156 21 avskaffande
804 697 28 14 av
848 690 122 21 varuskat-

128 721 39 19 ten
180 719 30 25 på
223 719 88 24 socker,
325 720 114 20 motioner
452 720 51 20 med
516 720 140 20 hemställan
669 722 33 19 att
715 720 38 21 RD
767 720 71 21 måtte
851 726 50 15 som
913 721 56 20 rikt-

127 749 57 25 linje
204 749 37 20 för
260 749 139 25 åtgärderna
418 750 34 20 till
472 750 55 20 ökat
546 750 263 25 avsättningsutrymme
829 750 36 20 för
884 751 85 19 smöret

127 779 30 25 på
173 779 240 20 hemmamarknaden
430 780 81 22 uttala,
528 780 33 20 att
577 779 302 25 margarinkonsumtionen
896 781 7 19 i
918 780 51 20 vårt

128 809 54 20 land
199 809 7 20 i
222 809 136 20 nuvarande
374 809 49 25 läge
438 809 51 20 icke
505 809 38 20 må
558 809 114 25 överstiga
687 809 27 20 80
731 809 109 25 miljoner
855 809 114 26 kilogram

128 844 41 19 per
181 838 33 24 år,
227 838 115 21 motioner
354 844 38 15 om
404 838 128 21 anvisande
544 845 28 14 av
583 840 33 19 ett
627 839 81 25 anslag
720 845 28 14 av
759 839 13 21 2
781 839 43 21 000
833 839 42 21 000
887 839 35 21 kr.
934 839 34 21 till

127 868 199 25 undersöknings-
339 868 44 20 och
395 868 243 21 försöksverksamhet
650 869 6 20 i
668 869 66 25 fråga
745 875 38 14 om
795 869 174 26 framställning

127 904 28 14 av
173 904 18 14 s.
209 897 22 20 k.
249 898 123 25 smörolja;
391 898 44 20 och
452 899 96 24 antager
565 898 39 20 RD
622 898 138 26 förordning
776 905 38 14 om
831 899 89 20 ändrad
937 899 32 25 ly-

129 928 62 19 delse
204 933 28 15 av
245 927 12 21 2
273 927 9 23 $
298 927 166 26 förordningen
479 928 44 20 den
537 928 10 20 7
561 928 52 25 juni
628 928 55 20 1956
699 928 39 23 (nr
751 928 53 25 406)
821 933 51 20 ang.
885 929 84 25 mjölk-

129 957 73 25 avgift
216 963 29 14 m.
260 963 37 18 m.,
313 956 138 26 förordning
463 963 52 19 ang.
529 958 88 20 ändrad
632 958 85 25 lydelse
730 964 28 14 av
772 958 36 23 1.8
823 958 146 25 förordning-

128 993 28 14 en
170 987 45 20 den
230 987 26 20 10
269 987 45 24 juli
329 987 54 20 1947
401 987 39 23 (nr
454 987 53 24 378)
524 993 38 14 om
575 987 62 20 vissa
650 987 99 25 avgifter
762 988 13 20 å
789 988 81 24 mjölk,
884 988 85 25 grädde

128 1016 43 20 och
186 1017 37 19 ost
237 1016 43 20 och
296 1016 138 25 förordning
448 1023 38 13 om
501 1017 89 20 ändrad
605 1017 86 25 lydelse
706 1023 27 14 av
747 1017 13 20 2
776 1018 10 22 8
802 1017 167 26 förordningen

128 1046 44 20 den
189 1046 13 20 3
217 1046 53 24 juni
287 1046 55 20 1955
361 1046 39 23 (nr
415 1046 53 24 284)
488 1051 51 20 ang.
555 1047 205 25 slaktdjursavgift
774 1053 30 14 m.
819 1053 41 17 m.;
875 1048 43 19 och
932 1048 38 19 be-

127 1075 124 25 myndigar
268 1075 39 21 RD
326 1076 26 20 K.
370 1076 45 20 M:t
431 1076 63 23 eller,
511 1075 59 21 efter
587 1076 26 20 K.
631 1076 57 21 M:ts
705 1076 159 26 medgivande,
881 1078 88 19 statens

126 1105 218 24 jordbruksnämnd
364 1106 34 20 att
418 1105 60 20 intill
498 1105 117 25 utgången
635 1111 27 15 av
682 1106 177 25 regleringsåret
879 1106 90 21 1958/59

126 1135 81 24 uttaga
227 1134 86 26 rörliga
332 1135 198 25 införselavgifter
549 1135 36 20 för
604 1136 140 20 fodermedel
764 1136 44 20 och
827 1136 73 21 andra
918 1142 52 20 pro-

128 1164 85 20 dukter
225 1166 61 18 samt
298 1166 34 19 att
345 1165 58 19 utan
414 1165 84 20 hinder
510 1171 27 14 av
548 1165 207 21 bestämmelserna
766 1172 39 14 om
816 1166 153 25 maximering

126 1200 29 14 av
173 1193 260 26 förmalningsavgiften
451 1195 7 20 i
476 1194 12 21 2
508 1194 10 23 $
537 1194 167 26 förordningen
730 1195 44 21 den
799 1196 12 20 5
836 1196 52 25 juni
914 1196 56 20 1953

131 1224 40 23 (nr
184 1224 53 24 375)
255 1224 52 20 med
321 1224 62 20 vissa
395 1224 176 21 bestämmelser
583 1230 52 20 ang.
648 1225 164 26 prisreglering
825 1225 36 21 för
874 1225 40 26 råg
926 1226 42 20 och

127 1254 51 20 vete
192 1253 112 21 förordna
318 1260 38 14 om
369 1254 99 25 höjning
481 1260 28 14 av
524 1254 259 26 förmalningsavgiften
797 1256 7 19 i
818 1256 44 19 den
875 1256 94 20 omfatt-

128 1283 63 25 ning,
204 1289 50 14 som
267 1283 46 21 kan
325 1283 108 21 befinnas
445 1284 137 25 erforderlig
594 1284 36 20 för
642 1286 34 19 att
687 1285 136 25 genomföra
834 1291 28 14 en
874 1285 95 26 lämplig

127 1313 100 25 ändring
245 1319 29 14 av
291 1313 229 25 brödsädspriserna,
538 1314 77 20 därest
633 1315 43 19 den
695 1321 17 14 s.
731 1315 22 20 k.
771 1315 198 25 6-procentregeln

128 1343 79 20 träder
221 1343 6 20 i
242 1343 159 25 tillämpning;
417 1344 44 20 och
475 1343 77 20 avslår
567 1343 39 21 RD
621 1344 114 20 motioner
748 1350 39 14 om
801 1345 127 21 anvisande
942 1351 27 14 av

127 1373 33 19 ett
176 1372 239 26 reservationsanslag
431 1379 28 14 av
474 1373 27 20 30
511 1373 41 20 000
562 1373 42 20 000
620 1373 35 21 kr.
671 1375 34 19 att
720 1374 136 25 disponeras
872 1374 36 20 för
924 1374 46 21 för-

128 1402 113 25 dubbling
255 1408 28 14 av
296 1402 38 21 det
348 1404 65 19 extra
427 1403 230 25 mjölkpristillägget
671 1403 36 21 för
720 1404 123 20 Norrland.

100 1437 9 14 3
128 1431 40 20 RD
181 1431 153 26 bemyndigar
347 1432 26 20 K.
387 1432 45 20 M:t
444 1432 95 20 utfärda
553 1432 175 21 bestämmelser
741 1434 7 19 i
761 1433 66 26 fråga
840 1440 37 14 om
890 1435 79 24 gräns-

127 1461 144 25 dragningen
292 1461 85 21 mellan
396 1462 326 25 jordbruksregleringsvaror
741 1463 43 20 och
803 1463 73 21 andra
895 1469 74 18 varor,

128 1497 30 13 m.
175 1497 40 17 m.;
233 1491 43 20 och
291 1491 153 25 bemyndigar
460 1491 39 20 RD
515 1492 27 19 K.
558 1492 44 20 M:t
617 1492 62 23 eller,
695 1492 59 21 efter
770 1492 26 21 K.
812 1493 57 20 M:ts
884 1494 86 25 medgi-

127 1521 82 23 vande,
228 1521 89 20 statens
334 1521 217 25 jordbruksnämnd
570 1522 33 20 att
620 1522 38 20 vid
677 1522 96 20 införsel
791 1528 28 14 av
835 1523 7 20 i
860 1528 65 20 prop.
942 1529 28 14 nr

129 1550 41 20 122
181 1550 35 20 till
228 1550 61 20 årets
302 1550 63 21 förra
376 1551 39 20 RD
427 1551 100 25 angivna
538 1551 58 24 såer,
607 1551 186 21 fettemulsioner
803 1558 30 14 m.
843 1552 24 21 fl.
879 1553 91 20 socker-

127 1580 89 25 haltiga
231 1580 129 25 produkter
375 1580 36 20 för
426 1581 210 21 sockerinnehållet
650 1582 8 19 i
672 1587 99 15 varorna
785 1582 80 25 uttaga
879 1582 90 25 belopp,

127 1615 50 14 som
196 1610 131 19 motsvarar
353 1610 147 20 sockerskatt
524 1611 7 19 i
557 1610 157 26 huvudsaklig
739 1612 231 20 överensstämmelse

128 1639 52 20 med
190 1640 44 19 vad
245 1645 50 14 som
305 1640 100 25 angivits
415 1646 28 14 av
451 1640 122 20 utskottet.

100 1674 10 15 4
128 1669 40 20 RD
184 1669 94 20 anvisar
293 1669 34 20 till
344 1669 95 20 fortsatt
453 1669 193 26 prisrabattering
660 1676 28 14 av
702 1671 63 20 smör
780 1671 13 20 å
807 1671 140 25 tilläggsstat
961 1672 8 19 I

128 1699 27 20 30
165 1698 42 21 500
218 1699 41 20 000
277 1699 35 20 kr.
330 1700 34 20 att
381 1699 34 20 till
433 1700 33 19 ett
483 1699 83 25 belopp
584 1705 27 14 av
631 1699 62 21 1500
703 1700 41 20 000
763 1700 41 24 kr.,
821 1700 73 26 jämte
911 1701 59 21 före-

129 1728 78 26 fintlig
221 1728 135 26 behållning
370 1728 13 21 å
397 1729 81 23 medel,
492 1735 51 14 som
556 1729 98 25 tidigare
667 1730 76 20 ställts
757 1730 34 20 till
806 1731 88 20 statens
907 1731 63 25 jord-

127 1758 176 20 bruksnämnds
320 1758 137 25 förfogande
472 1758 37 20 för
524 1759 143 25 rabattering
682 1765 28 14 av
724 1760 63 20 smör
802 1760 34 20 till
852 1761 118 20 allmänna

127 1788 165 25 inrättningar,
313 1788 120 20 användas
453 1788 37 20 för
511 1788 64 25 dylik
595 1789 143 25 rabattering
757 1789 71 26 enligt
847 1790 123 20 hittillsva-

128 1818 73 20 rande
218 1818 102 25 grunder
336 1818 75 20 under
428 1818 63 20 tiden
508 1818 132 26 jan.—aug.
659 1819 61 23 1959,
738 1821 61 19 samt
816 1820 7 20 i
840 1820 74 25 övrigt
931 1826 39 14 an-

128 1848 89 20 vändas
230 1847 36 20 för
277 1848 87 20 allmän
376 1847 194 26 prisrabattering
581 1854 28 14 av
619 1849 63 20 smör
693 1849 74 20 under
778 1849 63 20 tiden
854 1850 47 20 dec.
914 1850 55 20 1958

128 1882 83 20 —aug.
225 1877 55 20 1959
293 1877 7 20 i
313 1877 44 20 den
369 1877 143 26 omfattning
523 1878 44 20 och
579 1878 74 20 under
665 1879 27 20 de
704 1879 91 24 villkor,
808 1885 50 14 som
870 1879 99 26 angivits

129 1913 28 14 av
173 1907 50 23 RD;
240 1907 43 20 och
299 1907 77 20 avslår
391 1907 39 20 RD
446 1907 115 21 motioner
576 1907 70 21 såvitt
660 1908 28 21 de
704 1914 66 15 avser
785 1908 185 27 bemyndigande

128 1936 38 20 för
180 1937 90 20 statens
283 1936 218 25 jordbruksnämnd
515 1938 34 20 att
563 1938 52 20 med
630 1938 51 20 stöd
696 1944 28 14 av
737 1938 173 21 vederbörande
924 1939 46 20 för-

129 1966 103 25 fattning
245 1966 93 25 vidtaga
350 1967 44 19 den
407 1967 100 25 ändring
519 1972 28 15 av
559 1967 230 26 regleringsavgiften
802 1968 36 20 för
851 1968 119 24 fettvaror,

129 2002 50 14 som
196 1995 100 26 angivits
313 1997 6 19 i
337 1996 147 20 motionerna
500 1998 60 19 samt
577 1997 114 20 motioner
707 1997 69 21 såvitt
792 1998 28 20 de
836 2004 65 14 avser
917 1998 53 20 full-

129 2025 66 20 makt
210 2025 36 20 för
262 2025 27 21 K.
304 2025 45 21 M:t
363 2026 34 20 att
411 2026 7 20 i
432 2026 102 25 enlighet
548 2026 52 20 med
614 2027 43 20 vad
672 2027 6 20 i
693 2027 146 21 motionerna
853 2027 117 21 förordats

128 2055 94 25 vidtaga
242 2055 73 20 sådan
334 2055 100 25 höjning
453 2061 28 14 av
501 2056 230 25 regleringsavgiften
750 2056 37 21 för
806 2057 112 21 fettvaror
937 2058 34 20 att

989 178 25 20 År

1038 182 52 21 Prop.

1125 158 88 16 Motioner

1278 158 70 17 Utskott

1397 170 57 17 Skriv.

1514 158 91 17 Protokoll

1120 212 30 16 FK

1239 211 85 18 SmliAvd|
1349 212 25 17 Nr

1415 199 22 12 nr

1494 212 30 17 FK
1592 213 32 16 AK

129 2085 194 25 margarinpriset
337 2084 68 26 höjes
420 2085 52 20 med
488 2085 27 21 50
530 2086 39 20 öre
585 2091 41 20 per
640 2086 125 25 kilogram;
781 2086 43 21 och
839 2087 77 21 avslår
931 2087 39 20 RD

1057 278 28 20 39

1059 1438 24 19 11

1058 1675 28 21 50

1115 279 42 19 173

1115 308 42 21 189

1115 338 42 21 196

1111 368 52 21 -202

1116 1438 40 20 127

1117 1675 41 20 153

1116 1705 42 21 190

1115 1735 43 20 203

1112 1765 53 20 -206

1181 1438 42 19 164

1182 1675 41 20 192

1180 1705 43 20 248

1180 1735 43 20 262

1178 1765 51 19 -267

1249 279 132 20 10]:—1L,
1358 275 27 35 8

1250 1434 45 35 10]
1299 1434 37 35 —I
1356 1438 26 20 12

1251 1671 45 35 10j
1300 1671 33 35 —|
1356 1675 27 20 14

1418 279 28 21 80

1420 1439 28 20 99

1407 1676 42 20 116

1476 279 20 20 5:
1512 279 41 20 29d)
1577 279 20 21 5:
1613 279 41 20 59d

1479 1438 57 20 7:104
1543 1434 26 34 |
1580 1439 57 20 7:190

1465 1676 34 20 12:
1515 1676 85 20 57dl12:
1616 1676 41 21 93d
