1820 2354
159 151 41 21 226

855 151 224 17 SAKREGISTER

179 444 179 26 Bevillningarna.

220 474 212 27 partihandelsbolag
451 474 73 20 10000
533 474 41 20 000
591 475 40 22 kr.,
650 473 223 27 detaljhandelsbolag
890 473 27 21 20
925 473 41 20 000
974 472 41 21 000

220 505 40 23 kr.,
271 504 154 26 omsättnings-
434 504 39 20 och
483 504 221 26 utskänkningsskatt
713 504 12 20 å
736 504 147 26 spritdrycker
891 503 26 20 86
926 503 40 20 000
974 502 41 20 000

219 535 40 23 kr.,
268 535 116 19 maltskatt
391 534 26 20 28
426 534 41 20 000
475 534 41 20 000
524 535 40 22 kr.,
573 534 128 26 postverket
709 533 131 27 (överskott)
850 533 25 20 18
884 533 41 20 500
933 532 40 20 000
982 533 32 20 kr.

205 594 43 20 RD
264 594 95 21 beslutar
374 594 49 20 med
438 594 75 26 avslag
528 594 12 20 å
556 594 73 20 KM:ts
644 594 7 20 i
666 600 61 20 prop.
744 600 25 13 nr
783 593 40 21 267
838 593 120 26 framlagda
973 593 43 20 för-

219 624 45 27 slag
280 630 49 21 ang.
347 625 198 26 skatteprocenten,
563 626 35 18 att
613 624 106 20 inkomst-
736 624 40 20 och
792 623 224 26 förmögenhetsskatt

219 654 33 20 för
267 655 24 19 år
307 654 53 20 1936
375 654 55 20 skall
445 654 52 26 utgå
513 654 49 20 med
579 653 38 21 170
633 655 90 25 procent
737 660 29 13 av
781 654 26 19 de
822 653 7 20 i
846 653 25 20 18
886 653 10 25 $
911 653 7 19 i
932 652 84 21 förord-

219 684 79 26 ningen
321 690 35 14 om
379 684 75 26 statlig
476 684 106 20 inkomst-
604 684 40 20 och
666 684 223 25 förmögenhetsskatt
911 682 104 27 stadgade

218 714 185 27 grundbeloppen;
419 714 39 20 och
473 714 107 20 beräknar
595 714 42 19 RD
652 714 172 25 bevillningarna
838 713 34 20 för
886 713 129 26 budgetåret

221 744 116 25 1936/1937
352 744 98 20 sålunda:
465 744 106 20 inkomst-
585 744 39 20 och
639 743 224 27 förmögenhetsskatt
878 743 39 20 172
925 742 41 21 000
974 742 41 20 000

219 774 40 24 kr.,
273 774 91 20 särskild
378 775 61 19 skatt
453 774 12 20 å
478 774 151 26 förmögenhet
643 773 25 21 13
676 773 41 20 000
726 773 41 20 000
780 774 41 23 kr.,
835 774 61 19 extra
910 773 106 19 inkomst-

219 804 40 20 och
271 804 223 26 förmögenhetsskatt
506 804 26 20 23
541 804 40 20 000
590 803 40 20 000
643 804 40 23 kr.,
696 803 197 26 utjämningsskatt
905 802 12 20 9
926 802 41 20 700
975 802 40 20 000

218 834 41 24 kr.,
278 834 206 26 utskiftningsskatt
502 834 40 20 och
561 833 194 27 ersättningsskatt
773 833 41 20 250
822 833 41 20 000
881 833 41 23 kr.,
941 832 75 20 bevill-

219 864 156 26 ningsavgifter
388 864 34 20 för
435 864 104 20 särskilda
553 864 109 20 förmåner
676 864 39 19 och
729 863 130 26 rättigheter
872 862 40 21 350
920 862 41 20 000
974 862 41 24 kr.,

219 894 163 26 stämpelmedel
394 894 77 26 (därav
481 894 112 20 arvsskatt
604 894 39 19 och
655 894 61 19 skatt
726 893 34 20 för
770 893 55 26 gåva
837 893 26 20 29
872 892 41 20 000
921 892 41 20 000
973 892 42 26 kr.)

219 924 26 20 63
254 924 40 20 000
303 924 41 20 000
355 925 41 23 kr.,
408 923 272 21 automobilskattemedel:
694 923 22 26 a)
728 923 151 20 fordonsskatt
890 922 27 20 28
925 921 41 21 000
975 921 41 21 000

218 954 40 23 kr.,
271 954 23 25 b)
305 954 204 26 gummiringsskatt
522 954 24 19 16
555 953 41 20 000
604 953 41 20 000
656 954 41 23 kr.,
710 954 19 25 c)
742 953 138 20 bensinskatt
891 952 26 20 59
926 952 41 20 000
975 951 41 20 000

218 984 32 20 kr.
273 984 51 20 eller
344 984 91 26 tillhopa
459 983 88 21 103000
555 983 41 20 000
618 984 40 23 kr.,
680 983 112 20 tullmedel
815 982 88 21 152000
912 981 41 21 000
974 982 41 23 kr.,

219 1013 55 20 accis
287 1015 12 19 å
311 1014 52 20 silke
376 1014 13 20 2
397 1014 41 20 000
446 1013 41 20 000
499 1014 40 23 kr.,
551 1013 56 20 accis
619 1013 12 20 å
643 1013 107 26 margarin
763 1013 40 20 och
815 1013 57 19 vissa
884 1012 68 20 andra
964 1011 52 20 fett-

219 1049 64 14 varor
301 1044 24 20 15
334 1043 41 20 000
383 1043 41 20 000
441 1044 40 22 kr.,
498 1044 141 19 tobaksskatt
655 1043 26 20 85
690 1043 41 19 000
740 1042 40 20 000
797 1043 40 22 kr.,
854 1041 162 21 brännvinstill-

219 1073 178 26 verkningsskatt
412 1073 25 19 14
446 1072 40 21 500
494 1072 41 24 000
548 1073 40 23 kr.,
602 1071 333 27 rusdrycksförsäljningsmedel:
949 1071 67 26 parti-

219 1103 154 26 handelsbolag
392 1102 75 22 12000
475 1102 41 20 000
533 1103 40 23 kr.,
592 1102 223 26 detaljhandelsbolag
832 1101 27 20 20
867 1101 41 20 000
916 1100 41 20 000
974 1101 40 23 kr.,

219 1133 155 26 omsättnings-
383 1133 40 19 och
432 1132 222 26 utskänkningsskatt
662 1132 12 20 å
684 1132 148 26 spritdrycker
840 1131 27 20 89
875 1130 41 21 000
924 1130 41 20 000
975 1131 40 22 kr.,

219 1162 116 20 maltskatt
351 1163 26 19 28
386 1162 41 20 000
435 1162 41 20 000
492 1163 40 22 kr.,
550 1162 127 26 postverket
694 1161 130 26 (överskott)
841 1160 27 21 20
876 1160 41 20 000
925 1160 41 20 000
982 1160 33 20 kr.

205 1222 42 19 RD
267 1222 103 24 beslutar,
390 1224 35 18 att
443 1222 105 20 inkomst-
568 1222 38 20 och
626 1221 223 26 förmögenhetsskatt
867 1220 34 20 för
919 1220 24 20 år
963 1219 52 21 1937

218 1252 54 20 skall
285 1252 51 26 utgå
348 1252 49 20 med
410 1252 39 20 170
460 1253 89 25 procent
560 1258 28 14 av
600 1252 25 19 de
637 1251 6 20 i
656 1251 24 20 18
692 1251 27 25 $i
730 1250 152 27 förordningen
895 1256 35 14 om
941 1249 74 27 statlig

219 1282 105 20 inkomst-
335 1282 39 20 och
384 1282 224 26 förmögenhetsskatt
618 1281 105 26 stadgade
733 1280 184 27 grundbeloppen;
930 1279 41 21 och
979 1280 37 19 be-

218 1312 80 19 räknar
311 1312 42 20 RD
367 1312 171 26 bevillningarna
551 1311 33 20 för
597 1311 131 26 budgetåret
743 1310 117 27 1937/1938
873 1310 97 20 sålunda:
984 1309 32 20 in-

218 1341 83 20 komst-
317 1342 39 20 och
371 1342 224 25 förmögenhetsskatt
610 1341 40 20 200
659 1341 41 19 000
708 1340 41 20 000
764 1341 40 23 kr.,
820 1340 92 20 särskild
927 1339 61 20 skatt
1003 1339 12 20 å

218 1371 151 26 förmögenhet
387 1371 25 21 15
420 1371 41 20 000
470 1371 41 20 000
528 1372 40 23 kr.,
587 1372 61 19 extra
666 1371 105 20 inkomst-
789 1370 39 20 och
845 1369 171 26 förmögenhets-

219 1401 60 20 skatt
299 1401 75 21 27500
383 1401 41 20 000
443 1402 41 23 kr.,
505 1401 197 26 utjämningsskatt
723 1400 74 21 12000
805 1400 41 20 000
866 1400 40 23 kr.,
927 1398 89 21 utskift-

219 1431 124 26 ningsskatt
360 1432 39 19 och
417 1431 194 26 ersättningsskatt
628 1431 41 19 250
677 1430 41 20 000
735 1431 41 23 kr.,
794 1428 222 27 bevillningsavgifter

219 1460 33 20 för
264 1461 104 20 särskilda
381 1461 110 20 förmåner
504 1461 39 20 och
556 1461 129 25 rättigheter
697 1460 41 20 350
746 1460 41 20 000
799 1460 40 23 kr.,
853 1458 163 27 stämpelmedel

219 1490 26 21 65
254 1490 41 21 000
303 1491 41 20 000
356 1491 40 23 kr.,
409 1490 272 21 automobilskattemedel:
694 1490 22 26 a)
728 1490 151 20 fordonsskatt
890 1489 27 20 29
925 1488 41 20 000
975 1488 41 20 000

219 1520 40 24 kr.,
272 1521 22 25 b)
306 1521 204 26 gummiringsskatt
522 1520 25 21 15
555 1520 41 20 000
605 1520 41 20 000
658 1520 40 23 kr.,
711 1520 19 25 c)
742 1520 138 20 bensinskatt
891 1519 27 20 62
926 1518 41 20 000
975 1517 41 21 000

219 1550 32 20 kr.
274 1551 50 19 eller
345 1551 91 26 tillhopa
460 1550 39 20 106
508 1550 41 20 000
557 1550 41 20 000
619 1550 40 23 kr.,
681 1549 112 21 tullmedel
816 1549 38 20 165
863 1548 41 21 000
912 1548 42 20 000
975 1548 40 23 kr.,

219 1580 56 20 accis
287 1581 12 19 å
311 1581 53 19 silke
375 1581 13 19 2
397 1580 40 20 500
446 1580 41 20 000
498 1581 40 23 kr.,
551 1580 55 20 accis
618 1580 12 20 å
642 1579 108 26 margarin
764 1579 39 20 och
815 1579 57 20 vissa
885 1578 67 20 andra
964 1578 52 19 fett-

220 1616 63 14 varor
301 1610 24 21 15
334 1610 41 20 000
383 1610 41 20 000
440 1611 40 22 kr.,
497 1610 142 20 tobaksskatt
655 1609 76 20 92000
739 1609 41 20 000
797 1610 40 22 kr.,
854 1607 162 22 brännvinstill-

220 1640 179 26 verkningsskatt
413 1640 25 20 15
446 1640 41 20 000
496 1640 40 20 000
549 1640 40 23 kr.,
603 1638 332 27 rusdrycksförsäljningsmedel:
949 1637 67 27 parti-

220 1670 154 26 handelsbolag
392 1670 25 19 14
426 1670 41 20 500
475 1669 41 20 000
533 1670 40 23 kr.,
592 1669 222 26 detaljhandelsbolag
834 1668 74 20 21000
916 1667 41 20 000
974 1667 40 23 kr.,

220 1700 154 26 omsättnings-
383 1700 39 20 och
432 1700 221 25 utskänkningsskatt
661 1699 12 20 å
683 1699 148 26 spritdrycker
840 1698 26 20 93
875 1697 41 21 000
924 1697 41 20 000
974 1697 40 23 kr.,

219 1729 117 20 maltskatt
352 1730 26 19 28
387 1729 40 20 500
436 1729 41 20 000
492 1730 41 22 kr.,
550 1729 128 26 postverket
694 1728 130 27 (överskott)
843 1728 24 20 18
876 1727 41 20 000
925 1727 41 20 000
982 1727 32 19 kr.

206 1789 42 20 RD
268 1790 102 23 beslutar,
389 1791 35 18 att
443 1789 105 20 inkomst-
567 1789 39 20 och
626 1788 223 26 förmögenhetsskatt
867 1788 34 20 för
919 1787 24 20 år
963 1786 52 21 1938

219 1819 54 20 skall
287 1820 51 25 utgå
351 1819 49 20 med
414 1819 39 20 180
466 1821 89 24 procent
567 1825 28 14 av
608 1819 26 20 de
646 1818 6 20 i
666 1818 43 26 18$
720 1818 5 20 i
736 1818 152 26 förordningen
898 1823 35 14 om
942 1816 73 26 statlig

220 1849 105 20 inkomst-
344 1849 40 20 och
403 1849 224 26 förmögenhetsskatt
646 1848 104 26 stadgade
770 1847 184 27 grundbeloppen;
975 1846 40 20 och

220 1879 106 20 beräknar
342 1879 42 20 RD
400 1879 170 26 bevillningarna
587 1879 34 19 för
636 1878 130 26 budgetåret
783 1877 117 27 1938/1939
916 1876 98 21 sålunda:

220 1909 105 20 inkomst-
341 1909 39 20 och
396 1909 223 26 förmögenhetsskatt
635 1908 40 20 255
684 1907 41 21 000
733 1907 41 21 000
790 1908 40 23 kr.,
847 1906 92 21 särskild
955 1906 61 20 skatt

220 1939 11 19 å
245 1939 150 26 förmögenhet
408 1938 26 20 30
442 1938 41 20 000
492 1938 41 20 000
545 1939 40 22 kr.,
599 1939 62 19 extra
674 1938 106 20 inkomst-
793 1937 40 20 och
845 1936 171 26 förmögenhets-

219 1969 61 19 skatt
290 1968 69 20 30000
359 1961 43 36 000
414 1969 41 23 kr.,
463 1968 91 20 särskild
562 1969 60 19 skatt
631 1968 12 20 å
651 1967 134 26 aktiebolags
793 1967 96 20 inkomst
898 1966 71 20 21000
968 1961 48 36 000

220 1999 39 23 kr.,
280 1998 197 26 utjämningsskatt
497 1998 25 20 15
530 1997 41 21 000
579 1997 41 20 000
640 1998 40 23 kr.,
701 1997 205 26 utskiftningsskatt
925 1996 39 20 och
984 2001 32 14 er-

219 2028 170 26 sättningsskatt
404 2028 41 20 300
453 2028 41 20 000
509 2028 40 23 kr.,
566 2027 223 26 bevillningsavgifter
804 2026 33 21 för
852 2026 106 20 särskilda
973 2025 43 20 för-

219 2058 75 20 måner
307 2058 38 20 och
360 2058 129 25 rättigheter
502 2057 41 20 300
551 2057 41 20 000
605 2058 40 22 kr.,
660 2056 163 27 stämpelmedel
836 2056 27 20 65
871 2055 41 21 000
921 2055 41 20 000
974 2055 41 23 kr.,

1302 225 106 30 Utskotts-
1480 229 55 16 Riks-

1096 251 50 33 Kungl.
1206 277 3 3 s
1300 250 118 33 utlåtanden,
1460 250 83 33 dagens
1605 247 115 16 Kamrarnas

1100 284 53 19 Maj:ts]
1165 277 92 16 Motioner]
1283 289 95 16 memorial
1391 288 44 17 eller
1484 289 46 16 skri
1592 276 140 21 förhandlingar

1044 308 26 20 År
1099 318 51 14 [prop:r
1280 312 146 33 betänkanden
1466 312 71 33 velser
1618 306 87 22 (prot.nr)

1107 344 36 14 eller

1091 368 61 30 skriv:r
1274 373 16 5 tl
1316 372 17 19 5
1576 373 67 16 Första
1648 369 24 30 |
1679 373 65 16 Andra

1167 384 33 16 FK
1218 384 35 17 |AK
1274 380 16 43 å
1316 392 16 30 å
1356 385 90 16 Nummer|
1463 385 91 16 Nummer
1552 377 10 40 |
1576 397 69 16 kamm.
1647 377 25 40 |
1677 397 69 16 kamm.

1032 474 54 20 1935

1033 594 54 20 19361
1103 592 41 21 267]
1172 605 28 2 —I|
1226 606 28 2 —I
1281 594 62 19 71—
1395 593 27 20 50
1488 594 41 19 378
1564 593 33 21 147:
1609 596 24 17 49
1644 593 100 20 dl41:
1705 589 17 34 3
1724 589 22 34 d

1665 623 33 20 49:
1710 625 24 17 22
1745 622 13 20 d

1661 845 1 27 |

1661 890 1 21 |

1661 912 1 9 |

1033 1219 53 21 1937]
1111 1233 28 3 —
1149 1215 23 35 1
1172 1231 28 2 —1
1226 1232 28 2 —1
1281 1220 63 20 71—
1395 1220 24 19 41
1488 1219 40 20 443
1563 1219 70 20 143:18
1648 1213 50 35 143:
1707 1213 37 35 4d

1661 1289 1 31 |

1661 1552 2 9 I

1033 1786 54 20 1938]
1103 1786 38 21 321
1146 1780 18 36 |
1179 1785 80 21 931187]
1281 1784 62 21 71—
1395 1785 27 20 39
1488 1784 40 20 397
1564 1784 69 19 142:53
1641 1779 57 34 143:
1710 1785 22 17 41

1346 2069 2 10 I
