1861 2359
830 163 135 15 SAKREGISTER

981 255 22 145 IBSTEPSAIA

1039 302 18 104 T98S[9ALLYS
1039 243 18 47 IOI9

1058 372 17 54 "doad
1059 306 22 59 sy:fer
1059 244 21 48 [Bun

1098 279 94 17 Motioner

1255 249 94 17 Utskotts-

1243 279 112 17 utlåtanden

1219 309 47 17 eller
1279 309 98 17 memorial

1421 231 54 17 Riks-

1412 261 72 22 dagens

1426 291 46 17 skri-

1418 321 62 17 velser

1656 157 42 21 267

1541 261 117 17 Kamrarnas

1526 291 144 22 förhandlingar

1101 387 32 17 FK
1143 371 45 33 JAK

1213 369 17 12 am

1213 382 11 11 2

1212 395 17 24 2

1254 375 17 48 "PAV

1368 377 17 45 BPIS

1421 386 17 28 IN

1468 377 18 45 BPpIS

1515 375 67 17 Första

1512 399 69 17 kamm.

1615 375 66 17 Andra

1613 399 69 17 kamm.

104 436 170 37 Bevillningar.
959 435 1 55 |

91 464 2 15 I
156 472 37 23 kr.;
221 472 121 20 maltskatt:
370 472 112 20 maltskatt
510 471 25 20 11
547 471 42 20 000
599 471 42 20 000
665 471 38 25 kr.,
727 471 90 20 särskild
839 471 112 21 maltskatt

158 501 10 20 1
182 501 41 21 000
233 501 42 20 000
292 502 38 23 kr.;
348 502 148 25 omsättnings-
512 502 40 19 och
564 501 215 26 utskänkningsskatt
787 502 13 19 å
808 489 141 58 spritdrycker
959 493 2 50 |

156 532 28 19 43
195 531 41 21 700
246 531 42 20 000
305 532 38 23 kr.;
361 531 134 27 postmedlen
513 531 26 20 10
549 531 42 21 000
602 531 42 20 000
661 531 30 20 kr.
960 547 1 16 |

114 602 7 14 1
141 596 41 20 Till
207 596 74 26 bidrag
304 596 32 20 till
356 596 109 25 landsting
484 597 39 19 och
541 596 76 24 städer,
634 603 46 13 som
696 596 46 20 icke
759 596 83 25 deltaga
858 597 6 19 i
881 596 80 22 lands-|

156 627 52 25 ting,
225 627 83 20 anvisas
325 627 32 19 för
373 626 125 25 budgetåret
515 624 127 29 1924/1925
659 627 30 19 ett
705 628 60 18 extra
773 624 188 22 reservationsan-|

156 656 46 25 slag
217 663 26 13 av
260 656 60 20 3000
329 656 42 20 000
388 656 39 24 kr.,
443 658 31 18 att
490 655 71 20 direkt
576 656 51 25 utgå
636 662 26 14 av
674 655 116 26 bevillning
801 662 26 13 av
837 656 43 19 fast
891 662 58 19 egen-
960 648 1 19 |

157 686 49 20 dom
223 688 56 18 samt
295 692 25 13 av
337 686 100 19 inkomst.

115 757 9 14 2
142 751 172 26 Bevillningarna
336 752 32 19 för
392 751 125 25 budgetåret
544 751 125 27 1924/1925
686 750 104 21 beräknas
806 750 99 21 sålunda:
921 751 29 19 in-
960 756 1 28 |

157 781 77 20 komst-
259 781 40 20 och
319 781 227 25 förmögenhetsskatt:
563 788 19 12 a.
600 781 58 20 skatt
673 781 12 19 å
701 780 101 20 inkomst-
819 780 39 20 och
875 781 86 19 förmö-
949 776 9 35 |

92 807 1 32 |
156 811 77 26 genhet
251 810 40 20 133
302 810 42 21 000
354 810 42 21 000
413 811 39 24 kr.,
467 810 21 27 8.
506 810 82 21 B-skatt
604 811 12 19 å
632 810 120 26 aktiebolag
763 817 28 13 m.
801 810 21 20 fl.
835 810 12 20 2
857 810 42 20 000
909 810 52 24 000]

91 846 2 3 I
156 841 38 23 kr.;
212 841 51 19 eller
279 840 144 21 tillsammans
444 840 41 20 135
494 840 42 20 000
546 840 42 20 000
605 840 38 24 kr.;
660 840 118 25 bevillning
793 847 26 13 av
834 840 43 20 fast
893 842 68 24 egen-|

156 870 50 20 dom
233 872 56 18 samt
311 877 26 13 av
361 870 95 20 inkomst
481 870 11 20 3
503 870 94 20 000000
621 870 38 24 kr.;
684 870 218 26 bevillningsavgifter
920 870 41 20 för!

157 900 104 20 särskilda
283 901 108 19 förmåner
414 900 40 20 och
478 900 124 26 rättigheter
626 899 42 20 350
678 899 41 21 000
744 900 38 24 kr.;
802 900 148 26 stämpelmed-

157 930 33 20 len
215 930 28 20 40
253 930 42 20 000
305 930 42 20 000
372 930 38 23 kr.;
435 930 187 26 lastpenningarna
647 929 41 21 600
698 929 42 21 000
767 930 37 23 kr.;
824 928 138 30 tullmedlen
946 924 15 38 |

158 960 41 20 123
209 960 42 20 500
262 959 42 21 000
331 960 37 24 kr.;
409 960 159 20 sockerskatten
596 960 27 20 25
633 959 42 21 000
685 959 42 21 000
754 960 39 23 kr.;
818 960 134 20 tobaksskatt

158 989 27 20 50
196 989 42 20 000
248 989 42 20 000
308 990 37 23 kr.;
360 989 351 26 brännvinstillverkningsskatten
721 989 27 20 14
757 989 42 20 000
809 989 42 20 000
860 990 38 23 kr.;
908 996 42 14 rus-
960 979 2 40 |

157 1019 303 27 drycksförsäljningsmedlen
479 1019 25 20 15
515 1019 41 20 000
568 1019 42 20 000
618 1019 39 24 kr.;
671 1019 139 20 maltskatten
822 1019 24 20 15
857 1019 41 20 000
909 1019 41 21 000
960 1021 2 23 |

157 1049 38 24 kr.;
205 1050 149 25 omsättnings-
366 1049 39 20 och
417 1049 215 26 utskänkningsskatt
644 1050 12 19 å
667 1049 143 26 spritdrycker
822 1049 27 20 38
857 1049 42 20 000
909 1048 53 30 000
946 1044 20 38 |

157 1079 38 24 kr.;
213 1079 135 26 postmedlen
366 1079 25 20 15
402 1079 42 20 000
455 1079 41 20 000
514 1079 29 20 kr.
960 1079 1 14 I

115 1155 6 15 1
142 1150 42 19 Till
200 1149 74 26 bidrag
290 1150 33 20 till
340 1149 108 26 landsting
463 1150 40 20 och
519 1150 76 24 städer,
610 1157 45 13 som
672 1150 46 20 icke
727 1150 98 26 deltaga
808 1145 19 35 i
836 1150 114 26 landsting,

157 1180 84 20 anvisas
257 1180 33 19 för
306 1179 124 26 budgetåret
447 1178 125 28 1925/1926
589 1182 30 18 ett
634 1182 59 18 extra
704 1180 214 26 reservationsanslag
925 1187 26 13 av

158 1209 12 20 3
180 1209 42 20 400
232 1209 42 20 000
291 1209 31 20 kr.
340 1211 31 18 att
382 1209 70 20 direkt
467 1210 50 25 utgå
526 1216 26 14 av
563 1210 118 26 bevillning
691 1216 26 14 av
728 1210 41 20 fast
781 1210 103 26 egendom
895 1212 56 18 samt

157 1246 26 13 av
200 1239 101 20 inkomst.

114 1309 9 15 2
142 1304 174 26 Bevillningarna
338 1304 33 20 för
393 1304 125 26 budgetåret
542 1303 125 29 1925/1926
687 1304 103 21 beräknas
809 1304 96 21 sålunda:
921 1305 29 19 in-

157 1334 78 20 komst-
252 1334 39 20 och
308 1334 226 26 förmögenhetsskatt:
547 1342 19 12 a.
578 1334 58 20 skatt
644 1335 12 19 å
671 1334 101 21 inkomst-
784 1335 39 19 och
834 1335 116 25 förmögen-

157 1364 36 20 het
218 1364 94 20 137000
322 1363 43 21 000
391 1364 37 24 kr.,
444 1363 20 27 8.
484 1364 83 20 B-skatt
583 1365 12 19 å
614 1364 120 26 aktiebolag
749 1371 29 13 m.
795 1364 21 20 fl.
834 1364 64 20 1000
909 1363 53 34 000

157 1394 38 24 kr.,
212 1393 52 21 eller
279 1394 144 20 tillsammans
444 1393 41 21 138
494 1394 42 20 000
546 1393 41 21 000
605 1394 37 24 kr.;
660 1394 117 26 bevillning
793 1401 26 13 av
835 1394 42 20 fast
892 1400 70 20 egen-|

156 1423 50 20 dom
230 1426 57 18 samt
311 1430 25 13 av
357 1424 97 20 inkomst
477 1423 63 20 3400
550 1423 42 21 000
616 1424 38 24 kr.;
679 1424 218 26 bevillningsavgifter
920 1424 32 20 för

156 1453 105 20 särskilda
284 1453 109 20 förmåner
416 1454 39 20 och
472 1454 124 25 rättigheter
614 1454 43 20 450
667 1454 42 20 000
718 1454 38 24 kr.;
774 1454 177 26 stämpelmedlen

92 1498 1 4 I
156 1483 29 20 44
194 1483 42 20 000
246 1483 42 20 000
313 1483 38 24 kr.;
376 1483 189 26 lastpenningarna
588 1483 42 21 600
640 1483 43 20 000
699 1484 38 24 kr.;
755 1484 195 20 automobilskatte-

92 1506 1 30 |
157 1513 70 20 medel
245 1513 25 20 15
281 1513 42 20 000
332 1513 42 20 000
391 1513 38 24 kr.;
445 1513 128 20 tullmedlen
584 1513 41 20 133
637 1513 42 21 000
689 1513 42 21 000
742 1514 39 23 kr.;
793 1514 158 20 sockerskatten

92 1545 1 40 |
157 1543 27 20 25
194 1543 43 19 400
247 1542 41 21 000
320 1543 38 23 kr.;
390 1543 162 20 tobaksskatten
585 1543 27 20 50
621 1543 43 20 000
674 1543 42 21 000
725 1544 41 23 kr.;
794 1543 156 21 brännvinstill-

157 1572 199 26 verkningsskatten
391 1572 78 21 14500
478 1572 42 21 000
547 1573 38 24 kr.;
612 1573 338 27 rusdrycksförsäljningsmedlen

159 1602 26 20 14
195 1602 42 20 000
247 1602 42 20 000
301 1602 38 24 kr.;
363 1602 138 21 maltskatten
527 1603 26 19 15
563 1602 42 20 000
615 1602 42 21 000
681 1603 38 23 kr.;
744 1603 148 26 omsättnings-
911 1603 39 20 och

156 1632 216 26 utskänkningsskatt
396 1633 13 19 å
430 1632 144 26 spritdrycker
597 1632 27 20 38
637 1632 41 21 000
687 1632 42 21 000
753 1633 39 23 kr.;
817 1632 134 27 postmedlen

159 1661 25 20 13
195 1661 42 21 000
247 1661 43 20 000
307 1662 30 20 kr.

93 1726 1 26 |
115 1726 7 15 1
142 1721 42 20 Till
200 1720 75 26 bidrag
290 1721 33 20 till
339 1721 109 26 landsting
464 1721 38 20 och
519 1721 76 24 städer,
615 1728 45 13 som
672 1722 46 20 icke
729 1721 221 27 deltaga
809 1716 20 40 i
831 1721 119 27 landsting,

93 1753 1 3 |
163 1751 85 20 anvisas
272 1751 32 20 för
329 1750 124 27 budgetåret
474 1750 124 28 1926/1927
615 1753 30 19 ett
661 1753 60 19 extra
736 1752 215 26 reservationsanslag

157 1787 26 13 av
200 1780 11 20 3
223 1780 41 20 500
275 1780 42 20 000
333 1781 31 19 kr.
382 1782 31 19 att
429 1781 70 20 direkt
515 1782 50 24 utgå
581 1788 26 13 av
624 1781 116 26 bevillning
754 1788 26 14 av
791 1782 43 20 fast
847 1781 102 26 egendom

157 1812 57 18 samt
229 1817 27 14 av
272 1811 100 20 inkomst.

115 1881 9 15 2
142 1876 175 26 Bevillningarna
340 1876 33 20 för
397 1876 124 26 budgetåret
541 1876 125 26 1926/1927
684 1877 103 20 beräknas
803 1877 100 20 sålunda:
920 1878 29 19 in-

158 1906 77 20 komst-
253 1906 39 20 och
309 1906 226 26 förmögenhetsskatt:
547 1913 20 13 a.
584 1906 58 20 skatt
657 1907 12 19 å
680 1907 95 20 inkomst
785 1908 39 19 och
833 1907 116 26 förmögen-

157 1936 37 19 het
219 1935 93 21 139000
323 1936 42 20 000
388 1936 38 24 kr.,
449 1935 21 27 £.
487 1936 84 20 B-skatt
586 1937 12 19 å
613 1936 121 26 aktiebolag
749 1944 29 13 m.
795 1937 20 20 fl.
833 1937 12 20 3
855 1937 42 20 000
907 1937 42 20 000

93 1974 1 26 |
158 1965 38 24 kr.,
213 1965 52 20 eller
281 1965 153 21 tilllsammans
451 1965 41 21 142
502 1966 42 20 000
554 1965 42 21 000
613 1966 38 24 kr.;
669 1966 117 26 bevillning
801 1974 26 12 av
838 1967 42 20 fast
891 1974 58 18 egen-

93 2004 1 6 |
157 1995 50 20 dom
224 1997 56 18 samt
296 2002 26 13 av
338 1995 96 21 inkomst
450 1995 12 20 3
473 1995 41 21 500
524 1995 42 21 000
583 1995 38 24 kr.;
640 1996 218 26 bevillningsavgifter
869 1997 32 19 för
910 1998 39 19 sär-

93 2031 1 21 |
157 2024 71 21 skilda
251 2025 108 20 förmåner
384 2025 40 20 och
450 2025 124 26 rättigHeter
597 2025 42 20 500
649 2025 42 20 000
715 2026 36 24 kr.;
772 2026 177 26 stämpelmedlen

92 2064 2 14 I
158 2054 27 20 45
196 2054 42 21 000
248 2054 42 20 000
315 2055 38 23 kr.;
378 2055 187 26 lastpenningarna
588 2055 41 20 700
639 2055 42 20 000
698 2056 38 24 kr.;
754 2056 195 20 automobilskatte-

966 471 55 20 1923

966 595 56 22 1924

990 759 8 10 »

966 1149 57 23 1925)

966 1721 56 22 1926

1068 596 10 20 -

1051 612 18 36 [CR

1071 631 11 17 &

1039 1150 40 20 107

1037 1185 45 22 p-26

1038 1335 42 20 232

1039 1722 39 20 17

1036 1757 56 22 p.-23
1080 1753 16 30 |

1037 1907 43 20 224

1037 1937 41 20 227

1150 1877 39 20 161

1239 440 2 11 i

1239 454 2 14 I

1239 474 1 24 |

1239 499 2 19 I

1239 521 1 17 I

1239 543 2 49 |

1218 588 30 38 6)
1260 596 7 20 1
1347 592 1 3 |
1369 602 23 15 24

1309 752 27 20 56

1369 1155 24 16 28

1413 1151 38 20 TA

1409 1306 41 20 332

1412 1723 11 20 7
1433 1724 51 19 Al

1408 1879 47 20 383

1517 596 32 20 12:
1561 602 9 15 3
1619 596 51 21 11:
1653 592 13 34 3

1516 752 69 20 45:93

1517 1151 68 21 21:65
1587 1147 18 34 |
1618 1151 68 20 24:49

1515 1306 35 20 41:
1562 1311 24 16 78
1593 1302 14 34 |
1610 1306 33 20 45:
1654 1306 42 21 27d

1618 1723 17 20 7:
1647 1728 25 16 20

1508 1879 33 20 42:
1552 1884 9 15 9
1567 1875 68 45 20/44:
1647 1879 48 20 104d
