1857 2360
164 151 41 21 384

860 152 224 17 SAKREGISTER

183 444 130 27 Ersättning.

185 476 11 18 9
211 474 42 20 RD
266 474 117 27 medgiver,
397 475 21 26 a)
431 477 35 18 att
478 475 68 20 sådan
559 475 183 20 ämneslärarinna
755 475 49 20 med
817 475 39 20 full
870 474 151 27 tjänstgöring,

224 510 46 14 som
284 505 58 20 varit
356 505 94 20 anställd
464 505 37 20 vid
515 505 192 20 statsunderstödd
721 505 83 20 enskild
818 505 140 20 mellanskola
973 504 50 21 eller

225 534 65 26 högre
308 540 58 21 goss-
385 535 39 20 och
442 535 116 24 samskola,
577 535 39 20 och
635 541 47 14 som
700 535 64 20 blivit
781 535 123 26 entledigad
923 535 48 20 från
989 535 32 20 sin

224 564 125 27 befattning
363 565 38 20 vid
417 565 75 20 skolan
509 565 27 26 på
553 565 40 20 den
609 565 70 26 grund
695 566 34 19 att
744 565 167 20 verksamheten
928 565 36 19 vid
981 565 40 19 den

224 594 67 24 skola,
305 595 39 20 där
357 595 42 20 hon
413 595 58 20 varit
483 595 101 24 anställd,
598 595 114 26 nedlägges
724 595 34 20 till
769 595 55 26 följd
837 601 28 14 av
878 595 41 20 den
932 595 24 20 år
970 595 52 20 1927

224 624 113 21 beslutade
354 625 211 26 omorganisationen
580 631 28 14 av
624 625 37 20 det
676 625 65 26 högre
756 625 154 20 skolväsendet
925 625 50 20 eller
990 624 32 21 till

224 654 54 26 följd
293 660 29 15 av
336 655 126 20 inrättande
477 655 12 20 å
505 656 61 19 orten
581 661 28 14 av
623 655 128 20 kommunal
765 655 113 20 flickskola
893 654 50 21 eller
957 655 65 26 högre

224 684 92 20 allmänt
327 685 100 20 läroverk
438 685 33 20 för
482 685 77 20 flickor
569 685 43 23 må,
624 685 74 20 därest
708 685 43 20 hon
762 685 50 26 fyllt
824 684 26 21 50
861 685 24 20 år
896 685 37 19 vid
945 685 76 26 början

224 720 28 14 av
266 714 156 27 avvecklingen
437 721 28 14 av
479 715 41 20 den
535 715 204 20 statsunderstödda
754 714 97 21 enskilda
866 714 155 21 mellanskolan

224 744 50 20 eller
289 744 65 27 högre
368 750 59 21 goss-
442 745 39 20 och
496 744 124 21 samskolan
635 746 57 19 samt
706 745 80 20 vunnit
800 744 68 21 sådan
883 744 138 27 anställning,

224 780 46 14 som
282 780 30 14 nu
323 774 102 26 angivits,
437 774 37 20 vid
486 774 191 21 statsunderstödd
689 774 83 20 enskild
784 774 128 21 läroanstalt
923 774 46 20 före
981 775 41 20 den

226 804 8 19 1
248 810 58 14 mars
320 804 52 20 1927
384 804 51 21 eller
447 805 73 20 därest
532 805 41 20 den
585 804 98 20 enskilda
696 804 166 21 läroanstaltens
874 804 148 27 nedläggande

224 834 133 20 förorsakats
372 840 28 14 av
415 836 34 19 att
464 835 27 25 på
507 836 61 19 orten
583 834 103 21 inrättats
700 834 127 20 kommunal
841 834 121 24 flickskola,
977 834 45 20 före

223 864 42 20 den
285 864 9 19 1
314 870 58 14 mars
392 864 59 24 1928,
470 865 73 19 kunna
562 864 80 20 erhålla
660 864 121 26 ersättning
799 870 28 14 av
845 864 127 20 statsmedel
989 864 34 20 för

224 893 80 21 mistad
322 894 133 26 anställning
472 896 58 18 samt
547 894 96 26 pension,
662 894 77 20 varvid
757 894 6 20 i
782 894 71 26 övrigt
871 894 26 20 de
915 900 28 14 av
963 894 58 24 1927,

225 923 59 24 1928,
303 924 52 20 1929
372 924 40 20 och
430 924 52 20 1930
498 924 35 20 års
549 924 112 26 riksdagar
677 924 136 20 beträffande
830 924 57 20 vissa
903 924 120 20 lärarinnor

223 953 37 20 vid
278 954 206 20 statsunderstödda
503 954 64 26 högre
585 954 125 20 flickskolor
727 954 6 20 i
751 954 61 20 dessa
831 954 136 20 hänseenden
985 960 38 13 an-

223 983 65 26 givna
306 983 184 27 förutsättningar
507 984 40 20 och
563 984 94 26 grunder
674 984 60 20 skola
751 986 41 24 äga
809 984 154 20 motsvarande
980 984 43 19 till-

224 1013 118 27 lämpning,
357 1013 23 26 b)
395 1015 78 19 utöver
485 1014 43 20 vad
542 1014 6 19 i
563 1014 78 20 sådant
655 1013 106 21 avseende
775 1020 28 13 av
819 1013 59 24 1927,
894 1013 59 24 1928,
970 1013 52 20 1929

224 1043 39 19 och
277 1043 53 20 1930
341 1043 34 20 års
386 1044 113 25 riksdagar
510 1044 100 19 beslutits
621 1045 58 18 samt
691 1050 56 13 ovan
759 1044 68 19 under
838 1044 21 25 a)
871 1043 107 20 beslutats
988 1044 35 19 att

224 1072 67 20 sådan
307 1073 184 20 ämneslärarinna
507 1072 49 21 med
571 1073 39 20 full
625 1073 153 26 tjänstgöring,
794 1079 46 14 som
856 1073 58 20 varit
928 1072 94 21 anställd

223 1102 37 20 vid
273 1103 192 20 statsunderstödd
478 1103 84 20 enskild
574 1103 65 25 högre
652 1103 120 23 flickskola,
785 1102 84 20 enskild
882 1102 140 21 mellanskola

223 1132 51 19 eller
287 1132 65 26 högre
365 1138 58 20 goss-
437 1132 40 20 och
490 1132 108 21 samskola
612 1132 40 20 och
665 1132 64 20 blivit
742 1132 124 26 entledigad
879 1132 48 20 från
941 1132 32 20 sin
987 1133 36 19 be-

223 1161 96 27 fattning
331 1162 37 20 vid
381 1162 41 20 den
435 1162 98 20 enskilda
545 1162 76 20 skolan
633 1163 28 26 på
667 1162 47 27 den
727 1162 70 26 grund
809 1164 34 18 att
855 1162 167 20 verksamheten

223 1192 37 19 vid
274 1192 41 19 den
329 1192 67 24 skola,
411 1192 39 20 där
462 1192 43 20 hon
518 1192 59 20 varit
589 1192 102 24 anställd,
705 1192 114 26 nedlägges
832 1192 51 20 eller
895 1192 127 20 inskränkes

224 1221 32 20 till
266 1221 55 26 följd
332 1228 28 14 av
371 1222 41 19 den
424 1222 24 20 år
460 1222 52 20 1927
524 1222 112 20 beslutade
648 1222 210 26 omorganisationen
870 1228 28 14 av
909 1222 37 19 det
957 1222 65 26 högre

223 1251 154 21 skolväsendet
391 1252 50 20 eller
454 1252 34 20 till
501 1252 54 26 följd
570 1258 28 14 av
612 1252 124 20 inrättande
751 1252 12 20 å
778 1253 61 19 orten
853 1258 29 14 av
895 1251 127 21 kommunal

223 1281 113 20 flickskola
354 1282 51 19 eller
422 1282 65 26 högre
505 1281 91 21 allmänt
614 1282 99 20 läroverk
731 1282 33 20 för
781 1281 83 24 flickor,
883 1282 35 19 må
936 1282 87 19 oavsett

223 1311 31 19 sin
272 1311 59 20 ålder
346 1311 38 20 vid
400 1311 78 26 början
494 1317 28 14 av
538 1311 155 26 avvecklingen
710 1317 28 14 av
754 1311 41 20 den
811 1311 68 24 skola,
896 1311 37 20 vid
949 1311 72 20 vilken

223 1341 42 19 hon
276 1341 58 20 varit
343 1341 102 24 anställd,
456 1341 50 20 eller
516 1341 37 20 vid
563 1341 184 26 inskränkningen
757 1347 29 14 av
796 1341 133 23 densamma,
939 1341 82 23 kunna,

223 1370 55 20 efter
291 1371 75 20 KM:ts
379 1371 140 26 beprövande
532 1371 7 20 i
552 1371 62 26 varje
628 1371 87 20 särskilt
728 1371 45 23 fall,
787 1370 81 21 erhålla
881 1370 35 21 för
928 1370 51 24 viss,
994 1376 28 15 av

224 1400 63 20 KM:t
302 1401 100 20 bestämd
418 1401 33 19 tid
466 1401 122 26 ersättning
603 1407 28 14 av
647 1401 127 20 statsmedel
789 1401 34 20 för
838 1400 80 20 mistad
933 1400 89 20 anställ-

223 1430 57 26 ning,
296 1430 77 20 varvid
388 1430 6 20 i
409 1430 71 27 övrigt
495 1431 25 19 de
535 1437 28 13 av
578 1430 60 24 1927,
655 1430 59 24 1928,
731 1430 52 20 1929
798 1431 39 19 och
853 1430 53 21 1930
920 1431 34 19 års
968 1430 55 20 riks-

223 1460 67 26 dagar
307 1460 139 20 beträffande
464 1460 57 20 vissa
539 1460 121 21 lärarinnor
677 1460 37 20 vid
733 1460 205 20 statsunderstödda
957 1460 65 26 högre

222 1489 126 21 flickskolor
372 1490 7 20 i
404 1490 62 20 dessa
492 1490 136 20 hänseenden
654 1490 94 26 angivna
774 1490 183 26 förutsättningar
982 1490 40 20 och

222 1519 95 26 grunder
331 1520 60 20 skola
407 1521 40 25 äga
462 1520 154 20 motsvarande
631 1520 145 26 tillämpning,
792 1520 103 20 skolande
911 1520 110 20 dessutom

222 1549 72 20 såsom
307 1549 159 27 förutsättning
479 1550 34 20 för
527 1550 38 20 det
578 1556 56 14 ovan
648 1550 76 26 gjorda
738 1549 156 27 medgivandet
906 1549 56 26 gälla
977 1549 44 20 dels

222 1580 35 19 att
271 1579 163 20 vederbörande
449 1580 108 20 lärarinna
572 1580 47 20 icke
633 1580 86 20 kunnat
733 1579 90 21 beredas
837 1579 132 26 anställning
984 1579 37 20 vid

222 1609 157 20 statsläroverk
393 1609 51 20 eller
458 1609 191 21 statsunderstödd
663 1609 128 21 kommunal
805 1609 50 20 eller
869 1609 83 20 enskild
967 1609 55 20 läro-

222 1639 89 23 anstalt,
325 1639 45 20 dels
383 1640 40 19 ock
435 1641 35 18 att
482 1640 43 19 hon
537 1639 38 20 vid
587 1639 60 21 tiden
659 1639 34 20 för
705 1639 163 26 entledigandet
879 1639 48 20 från
940 1639 33 20 sin
985 1639 36 20 be-

222 1669 97 26 fattning
332 1669 69 20 under
414 1669 67 20 minst
494 1669 44 20 fem
551 1670 24 19 år
588 1669 58 20 varit
659 1669 37 20 vid
711 1669 60 26 dylik
784 1669 129 20 läroanstalt
926 1669 94 20 anställd

222 1699 49 20 med
290 1699 146 26 tjänstgöring
453 1705 28 14 av
499 1699 67 20 sådan
585 1699 140 26 omfattning,
743 1705 47 14 som
807 1699 89 26 angives
913 1705 28 14 av
960 1698 59 24 1927,

224 1728 59 24 1928,
299 1728 52 20 1929
365 1729 39 20 och
419 1728 53 21 1930
485 1729 34 20 års
532 1729 119 26 riksdagar,
665 1729 44 20 dels
723 1729 39 20 ock
776 1729 72 20 avslår
860 1729 74 20 KM:ts
947 1729 6 19 i
966 1728 55 20 före-

222 1758 96 20 varande
335 1765 62 20 prop.
415 1759 68 20 under
500 1759 23 25 b)
539 1758 76 27 gjorda
632 1759 167 25 framställning,
816 1759 7 19 i
840 1759 42 19 vad
900 1759 41 19 den
958 1764 63 14 avser

223 1788 173 20 tillerkännande
410 1794 29 14 av
453 1788 96 26 pension.

183 1859 9 17 1
208 1857 42 19 RD
273 1857 96 19 minskar
391 1857 45 20 ord.
459 1857 189 26 förslagsanslaget
669 1857 33 20 till
724 1857 121 26 ersättning
866 1859 24 18 åt
912 1863 107 20 personer,

221 1886 134 26 menigheter
367 1887 40 19 och
418 1887 110 21 allmänna
540 1887 147 26 inrättningar
697 1887 34 19 för
743 1887 48 19 dem
803 1892 78 21 genom
893 1892 42 20 nya
948 1886 73 20 straff-

221 1916 73 26 lagens
316 1916 113 20 införande
451 1916 133 26 frångångna
607 1917 151 19 bötesandelar
779 1917 49 19 med
850 1916 62 20 4000
934 1917 31 19 kr.
988 1916 33 20 till

223 1946 25 19 14
256 1945 42 21 000
311 1947 32 19 kr.

182 1995 10 17 2
208 1993 80 26 Avslag
298 1994 12 20 å
321 1993 107 21 motioner
439 2000 35 13 om
485 1994 44 19 viss
538 1994 131 26 gottgörelse
680 1994 23 19 åt
714 1994 182 20 häradsdomaren
909 1993 23 20 F.
944 1993 77 21 Svens-

221 2029 39 15 son
272 2023 6 20 i
290 2023 87 26 Ryrane
390 2024 39 19 och
441 2024 56 19 förre
509 2024 216 25 landstingsmannen
738 2023 21 21 C.
772 2023 29 20 M.
814 2023 103 20 Paulsson
931 2023 5 20 i
949 2023 72 20 Stens-

222 2055 57 24 torp.

1050 309 26 20 År

1103 255 55 18 Kungl.

1106 285 52 18 Maj:ts]

1105 318 50 15 prop:r

1112 345 36 14 eiler

1171 277 91 16 Motioner

1317 228 97 17 Utskotts-

1307 258 117 20 utlåtanden,

1289 288 96 17 memorial
1398 288 43 17 eller

1300 318 133 17 betänkanden

1488 228 54 17 Riks-

1480 258 70 21 dagens

1491 288 46 16 skri-

1484 318 59 17 velser

1612 246 115 17 Kamrarnas

1599 276 140 21 förhandlingar

1625 306 87 21 (prot.nr)

1105 375 54 14 skriver

1173 384 87 17 FKIAK

1322 379 16 25 7
1342 375 22 33 |
1363 384 90 16 Nummer

1322 405 16 17 <

1470 384 91 16 Nummer

1584 372 66 17 Första

1583 396 69 16 kamm.

1686 373 65 16 Andra

1684 396 70 17 kamm.

1041 473 49 21 1931

1039 1856 53 20 1932

1039 1992 53 21 1932

1112 474 39 20 194

1112 1856 9 45 >=—

1134 1886 17 15 [g

1140 1858 10 17 vo

1215 1422 2 23 |

1215 1456 1 18 I

1215 1477 2 20 I

1215 1511 1 22 |

1215 1547 1 21 |

1215 1579 1 44 |

1215 1780 1 11 I

1215 1843 1 19 |

1215 1866 1 23 |

1215 1892 1 30 |

1215 1948 1 19 |

1185 1987 31 26 491
1225 1992 40 20 387)

1276 1989 78 31 10|—]
1373 1993 24 19 18

1288 474 12 20 6
1311 437 2 50 |
1332 474 7 19 1
1343 469 18 35 |
1374 473 38 20 146

1385 1857 12 18 2
1405 1853 52 32 s.12]

1311 2032 1 19 |:
1352 2021 45 20 1163

1479 473 40 20 263

1478 1857 40 19 2A
1532 1858 32 18 s.6

1572 474 33 19 38:
1616 476 24 16 45
1652 474 12 19 d

1574 1992 31 20 16:
1616 1995 24 17 36
1651 1993 13 19 d

1572 2022 33 20 32:
1617 2024 24 17 70
1652 2022 12 20 d

1672 474 33 20 39:
1719 476 22 17 12

1675 1857 66 19 12:19

1672 1993 73 20 20:117
1752 1993 13 19 d

1672 2022 33 20 41:
1717 2024 24 17 85
1753 2022 12 20 d
