1853 2360
163 154 42 21 140
896 161 135 15 SAKREGISTER

1490 229 52 18 Riks-

1480 255 72 30 dagens
1611 260 117 17 Kamrarnas

1494 285 47 30 skri-
1595 289 146 23 förhandlingar

1487 319 62 17 velser

1324 247 94 17 Utskotts-

1166 272 94 32 Motioner
1312 276 111 18 utlåtanden

1288 306 47 18 eller
1348 306 99 18 memorial

1583 374 68 17 Första
1658 370 20 31 |
1685 374 66 17 Andra

1580 397 71 18 kamm.
1652 393 24 32 |
1682 399 70 17 kamm.

1050 253 22 145 IVSBEPSYIY

1108 300 17 104 J98[9ALYS
1108 240 18 48 1919

1127 371 17 53 doad
1128 298 21 64 s):lem
1127 242 22 51 Tun

1169 384 33 17 FK
1221 375 46 33 |AK
1249 371 16 41 |

1265 366 33 50 tueg

1322 372 17 48 "PAV

1435 374 17 45 BvpIs

1489 384 17 28 IN

1536 375 18 44 epIg

1376 384 17 27 z
1414 381 2 41 |

179 438 179 27 Avskrivningar
373 438 37 22 och
427 438 128 28 eftergifter.
1307 441 2 20 I

181 475 10 15 3
209 469 38 20 RD
271 469 113 26 medgiver,
405 471 31 18 att
454 469 76 20 osäkra
544 469 119 26 fordringar
679 469 36 21 vid
730 469 141 20 riksbankens
888 469 130 27 avdelnings-
1033 469 56 20 1926

224 499 78 21 kontor
324 500 8 19 i
355 499 107 26 Göteborg
484 499 40 20 och
548 499 68 27 Visby
632 500 35 19 må
683 505 25 14 ur
723 499 171 27 räkenskaperna
910 499 109 21 avskrivas

224 529 34 21 till
274 531 31 19 ett
321 529 143 26 sammanlagt
480 529 77 27 belopp
574 536 26 14 av
616 528 93 21 211461
726 529 31 20 kr.
776 529 27 20 62
819 531 41 18 öre.

1285 469 13 20 2

1377 469 26 20 13
1583 471 54 20 85ji
1686 471 18 20 8:
1716 476 24 15 55

181 588 10 15 4
209 583 105 20 Motioner
329 583 50 20 med
395 583 135 23 hemställan,
546 585 32 18 att
590 583 41 20 den
642 582 233 26 kostnadsminskning,
888 583 28 20 34
925 582 42 22 000
979 583 39 25 kr.,
1018 578 14 34 |
1056 590 9 11 >
1179 583 79 21 72.96
1328 583 10 20 I):
1377 582 27 21 18
1584 584 19 20 9:
1615 590 9 14 6
1687 584 18 21 9:
1717 590 23 15 14

224 619 46 14 som
293 613 37 21 vid
353 613 135 27 ombyggnad
512 620 26 13 av
562 613 36 20 det
616 612 50 21 med
682 613 225 26 garnisonssjukhuset
922 613 7 20 i
945 613 73 20 Boden

223 643 101 20 förenade
347 643 94 20 militära
460 642 209 28 epidemisjukhuset
686 643 139 26 uppkommit
841 642 130 27 därigenom,
988 644 31 19 att

223 673 100 20 arbetena
346 673 78 20 utförts
446 673 8 20 i
473 673 94 26 enlighet
585 672 50 21 med
651 675 31 18 ett
697 680 26 13 av
738 672 141 27 landstingets
895 672 123 27 delegerade

223 704 102 26 uppgjort
340 703 85 26 förslag,
442 703 45 20 helt
502 703 126 26 gottskrives
644 702 136 27 landstinget,
797 703 75 20 avslås.

181 762 9 15 5
208 756 38 20 RD
262 756 114 26 medgiver,
393 758 32 18 att
437 756 148 26 lotskaptenen
597 756 24 20 B.
634 752 92 24 Östrand
737 756 39 20 och
787 756 68 20 lotsen
867 756 26 20 K.
906 756 25 20 G.
944 756 74 20 Holm-|
1056 764 8 10 >
1217 756 80 20 2331-61
1328 757 11 19 1)
1377 757 26 20 20
1491 756 27 20 83
1585 757 33 20 13:
1629 762 25 16 68
1655 752 23 36 |
1687 756 33 21 13:
1732 761 23 16 84

224 786 50 26 berg
290 786 78 20 befrias
384 786 47 20 från
448 786 125 26 utgivandet
588 793 26 13 av
633 786 36 20 det
692 793 26 13 av
740 786 175 26 regeringsrätten
939 786 41 20 den
1005 786 12 20 9

224 816 44 21 dec.
287 816 57 20 1924
360 816 32 20 till
409 816 154 26 återbetalning
578 816 122 20 fastställda
716 816 100 26 beloppet
832 823 25 13 av
874 817 12 19 5
898 816 41 20 753
956 816 30 20 kr.
1005 816 11 20 1

225 848 34 18 öre
276 848 56 19 samt
348 848 31 18 att
395 846 142 20 omförmälda
549 846 77 26 belopp
637 847 36 19 må
684 853 25 13 ur
719 846 172 27 räkenskaperna
901 846 115 21 avskrivas.

180 911 10 15 6
208 906 38 21 RD
261 906 115 26 medgiver,
393 907 31 19 att
440 906 55 20 förre
510 906 113 26 korpralen
639 906 23 20 E.
680 907 25 19 A.
723 906 76 20 Olsson
818 907 36 19 må
873 906 77 20 befrias
970 906 47 20 från
1019 902 14 34 |
1056 914 8 10 >»
1077 902 26 34 |
1112 907 28 20 80
1212 916 1 11 |
1286 906 53 20 6111
1377 906 27 20 29
1491 906 28 20 86
1586 907 81 20 14:40
1658 902 19 35 |
1687 906 32 20 14:
1731 911 24 15 64

223 937 80 20 honom
319 936 88 27 jämlikt
426 936 104 21 särskilda
548 936 137 26 krigsrättens
704 937 12 19 å
735 936 126 20 kustflottan
884 936 71 26 utslag
976 936 42 20 den

224 966 27 21 30
262 967 49 26 juni
325 966 54 20 1923
391 966 111 26 åliggande
518 966 122 26 skyldighet
655 968 32 18 att
702 966 73 25 utgiva
785 966 117 26 ersättning
913 966 33 20 till
958 967 59 19 stats-
1415 983 2 12 I

224 996 73 21 verket
312 996 50 20 med
379 996 63 20 1025
459 996 31 20 kr.
508 996 27 20 56
551 998 41 22 öre,
610 998 56 18 samt
681 997 32 19 att
722 996 161 26 ifrågavarande
894 996 77 26 belopp
982 996 36 20 må
1415 1012 2 4 I

222 1033 26 14 ur
264 1026 108 21 marinens
388 1026 143 26 räkenskaper
547 1026 113 20 avskrivas.

180 1084 10 16 7
208 1080 38 20 RD
265 1079 114 26 medgiver,
400 1081 31 18 att
449 1079 62 20 KM:t
529 1080 36 19 må
587 1079 137 20 efterskänka
747 1079 270 26 betalningsskyldigheten|
1056 1086 8 11 >»
1074 1075 27 34 |
1113 1080 26 20 16
1286 1080 23 19 6
1328 1080 10 19 11
1377 1079 27 19 32
1492 1079 27 20 90
1586 1079 53 28 15::6
1651 1074 24 37 |
1687 1078 68 21 15:82

223 1109 133 20 beträffande
371 1109 8 20 i
395 1109 231 26 statsrådsprotokollet
641 1110 50 19 över
706 1108 162 21 finansärenden
880 1108 41 21 den
933 1109 25 19 31
972 1108 44 21 dec.
1211 1115 2 19 I

224 1139 56 20 1925
294 1138 138 25 omnämnda,
440 1138 68 21 under
515 1139 50 19 åren
573 1138 146 20 1919—1922
726 1138 50 21 med
783 1138 143 26 sammanlagt
937 1138 28 20 34
976 1138 40 20 186
1211 1141 1 11 I

222 1169 31 20 kr.
274 1169 106 20 utbetalta
398 1169 141 24 ersättningar
556 1168 33 20 för
608 1169 22 19 åt
648 1168 172 27 tulltjänstemän
843 1175 26 14 av
892 1168 125 20 tandläkare

221 1198 131 21 verkställda
366 1198 170 27 tandfyllningar
551 1205 29 13 m.
597 1205 29 13 m.

179 1257 10 16 8
207 1252 38 20 RD
261 1252 115 26 medgiver,
393 1253 31 19 att
440 1258 26 14 av
482 1253 80 19 statens
577 1251 86 21 fordran
683 1252 39 19 hos
741 1251 151 21 Slite—Roma
910 1252 106 26 järnvägs-|
1055 1259 8 10 >»
1105 1251 40 21 1100
1285 1252 53 20 Gl-El-
1376 1251 27 20 30
1491 1251 25 21 91
1585 1251 53 21 15:6
1648 1247 28 35 |
1687 1251 68 21 15:38

222 1282 121 26 aktiebolag
358 1282 28 26 på
401 1281 69 26 grund
486 1288 26 14 av
528 1281 36 21 det
579 1281 84 26 bolaget
679 1281 106 27 beviljade
797 1281 89 21 statslån
897 1282 12 19 å
921 1281 41 20 339
973 1281 43 21 000

222 1312 30 20 kr.
270 1312 36 20 må
322 1312 109 20 avskrivas
447 1313 30 19 ett
493 1311 77 27 belopp
586 1318 27 13 av
629 1311 27 20 30
666 1311 42 20 000
724 1311 31 20 kr.

179 1377 10 15 9
206 1371 38 21 RD
260 1371 115 26 medgiver,
392 1372 32 19 att
439 1378 26 14 av
481 1372 55 19 Bure
552 1371 121 26 aktiebolag
689 1370 85 27 erlagda
792 1370 170 27 stämpelmedel,
982 1371 34 20 till!
1055 1378 8 10 >
1229 1371 28 20 491
1284 1371 12 20 61
1327 1372 10 20 1|
1374 1370 28 21 45
1477 1371 40 20 103
1584 1371 32 20 17:
1628 1371 26 21 ed
1658 1367 14 35 |
1678 1371 32 21 16:
1721 1371 42 21 66d

222 1403 30 19 ett
268 1401 77 27 belopp
361 1408 26 13 av
405 1401 78 20 14862
500 1401 39 24 kr.,
556 1402 36 19 må
610 1401 34 20 till
663 1401 84 26 bolaget
769 1401 126 20 återbetalas
919 1401 39 20 och
983 1401 32 20 be-

221 1432 73 26 loppet
310 1432 82 20 avföras
408 1431 47 20 från
471 1431 159 20 inkomsttiteln
646 1431 168 26 stämpelmedel.

165 1496 24 16 10
206 1491 37 20 RD
260 1491 114 26 medgiver,
391 1492 31 19 att
438 1492 80 19 statens
537 1491 41 20 den
599 1490 27 21 31
646 1491 44 20 dec.
712 1490 55 20 1925
788 1490 119 21 beräknade
926 1490 88 26 kapital-|
1054 1497 8 10 »
1103 1490 42 21 1148
1284 1491 52 20 ORAlE
1476 1490 41 20 128
1583 1490 69 21 21:42
1653 1486 14 35 |
1684 1491 69 20 21:39

221 1521 40 20 och
272 1521 147 20 räntefordran
430 1521 38 20 hos
477 1520 424 26 Väderstad—Skänninge—Bränninge
909 1521 105 26 järnvägs-

222 1551 121 25 aktiebolag
358 1551 27 26 på
400 1550 70 26 grund
486 1557 26 14 av
528 1550 36 21 det
579 1550 85 26 bolaget
679 1550 106 27 beviljade
796 1550 89 21 statslån
897 1551 12 19 å
921 1550 42 20 788
973 1550 42 20 500

221 1581 37 25 kr.,
275 1581 36 19 må
326 1580 34 21 till
375 1580 41 21 den
436 1580 42 26 del,
506 1580 88 20 berörda
616 1580 86 20 fordran
725 1580 114 26 överstiger
862 1580 42 20 320
914 1579 42 21 000
976 1580 38 24 kr.,

221 1611 109 20 avskrivas
346 1610 68 20 under
429 1610 26 20 de
471 1611 7 19 i
494 1610 232 26 statsrådsprotokollet
741 1611 50 19 över
809 1610 205 20 kommunikations-

222 1640 92 21 ärenden
330 1640 41 20 den
388 1640 27 20 20
431 1640 53 20 febr.
502 1639 56 21 1926
575 1639 112 21 förordade
702 1639 83 21 villkor.

179 1705 8 15 1
206 1700 37 20 RD
259 1700 115 26 medgiver,
390 1702 32 18 att
437 1699 76 21 osäkra
528 1699 119 26 fordringar
662 1699 37 20 vid
712 1699 141 20 riksbankens
863 1699 153 20 huvudkontor
1029 1697 57 24 1927
1283 1699 12 20 8
1376 1698 25 20 13
1584 1699 52 20 8:28
1685 1698 55 20 10528

220 1730 36 20 må
279 1736 26 14 ur
327 1730 172 26 räkenskaperna
517 1729 108 21 avskrivas
641 1729 34 20 till
691 1730 30 19 ett
736 1729 144 26 sammanlagt
895 1729 78 27 belopp
989 1736 26 13 av
1074 1741 3 3 :

222 1759 27 20 34
259 1760 41 19 257
317 1760 31 19 kr.
367 1759 26 20 90
410 1761 42 19 öre.

179 1825 9 15 2
206 1819 37 21 RD
259 1819 115 26 medgiver,
391 1821 31 19 att
438 1821 80 18 statens
537 1819 42 20 den
598 1818 26 20 31
645 1818 43 21 dec.
710 1818 56 20 1926
786 1818 121 21 beräknade
926 1818 89 27 kapital-|
1054 1827 8 11 >
1103 1819 42 20 1154
1284 1819 11 20 6|
1326 1818 10 20 11
1374 1818 28 20 341
1437 1823 23 16 "el
1491 1818 28 21 96)
1543 1824 10 14 51
1585 1818 67 20 16:39]
1686 1817 53 20 17:3

221 1849 40 21 och
279 1849 147 21 räntefordran
451 1849 38 20 hos
513 1848 151 21 Slite—Roma
687 1848 222 27 järnvägsaktiebolag
928 1849 36 20 må
982 1848 34 21 till
1107 1854 33 22 p1

222 1879 41 20 den
279 1879 41 24 del,
337 1879 127 21 densamma
482 1879 115 25 överstiger
617 1879 26 20 50
653 1878 43 20 000
715 1878 39 26 kr.,
774 1878 109 21 avskrivas
902 1878 69 21 under
990 1878 26 20 de

221 1909 7 20 i
244 1909 233 27 statsrådsprotokollet
492 1910 49 19 över
556 1908 293 21 kommunikationsärenden
865 1908 42 20 den
925 1908 26 20 18
962 1908 53 20 febr.

223 1939 56 20 1927
303 1939 112 20 förordade
440 1938 84 25 villkor,
549 1938 54 20 dock
626 1938 50 26 med
694 1938 41 20 den
752 1938 90 26 ändring
857 1938 53 25 häri,
927 1945 46 14 som
990 1945 26 14 av

223 1969 158 20 statsutskottet
396 1969 97 25 angivits.

179 2033 10 15 38
206 2029 38 19 RD
260 2028 116 26 medgiver,
393 2030 32 18 att
440 2029 80 19 statens
536 2028 42 20 den
597 2027 27 20 31
644 2027 44 21 dec.
710 2027 56 20 1927
786 2027 121 21 beräknade
926 2027 90 26 kapital-|
1055 2035 8 11 »
1104 2027 42 20 1154
1284 2027 12 20 61
1327 2027 9 20 11
1375 2027 28 20 341
1450 2032 10 16 sl
1490 2026 28 21 96)
1543 2032 10 15 91
1584 2026 69 21 16:39]
1686 2026 54 21 17:3

221 2058 40 21 och
277 2058 180 26 räntefordringar
472 2058 28 26 på
515 2057 69 27 grund
602 2064 26 14 av
648 2057 26 21 de
692 2057 244 27 järnvägsaktiebolaget
954 2057 62 26 Borg-
1108 2062 33 22 p.2
