1819 2350
1611 71 38 20 111

70 251 213 27 Bankinrättniugar.

97 288 20 20 2.
135 288 42 20 RD
191 289 91 25 antager
295 288 79 26 förslag
388 288 33 20 till
435 288 35 26 lag
483 293 49 21 ang.
547 288 92 26 ändring
652 288 6 19 i
672 287 62 27 lagen
748 287 41 20 den
804 287 27 20 22
843 287 47 26 juni
906 287 50 20 1911

68 318 36 26 (nr
114 317 36 26 74)
161 324 35 14 om
207 318 144 23 bankrörelse,
362 318 35 26 lag
406 323 49 21 ang.
466 318 92 26 ändring
569 318 5 19 i
584 317 62 27 lagen
657 317 41 20 den
709 317 26 20 25
745 317 43 26 maj
802 317 52 20 1917
865 317 34 26 (nr
909 317 49 26 257)

69 353 35 14 om
118 347 217 27 försäkringsrörelse,
347 347 35 27 lag
392 353 49 20 ang.
454 348 91 25 ändring
556 348 7 19 i
574 347 61 26 lagen
647 347 41 20 den
700 347 26 20 22
737 347 47 26 juni
797 347 50 20 1911
861 347 34 26 (nr
906 347 26 20 53
941 353 16 14 s.

70 377 20 26 1)
103 383 35 14 om
150 377 150 27 järnvägsakt,
313 378 35 26 lag
360 384 35 13 om
407 377 84 20 ändrad
503 377 81 27 lydelse
596 383 28 14 av
636 377 12 20 5
660 378 10 24 $
682 377 61 26 lagen
756 377 41 19 den
811 377 24 19 16
848 377 42 26 maj
907 377 51 20 1919

68 407 35 26 (nr
115 406 50 27 240)
178 413 35 14 om
226 407 286 20 fondkommissionsrörelse
529 407 39 20 och
586 407 244 20 fondbörsverksamhet
842 408 58 19 samt
916 407 42 20 för-

70 437 92 26 ordning
172 443 36 14 om
218 437 92 26 ändring
320 437 7 20 i
337 437 153 26 förordningen
501 437 41 20 den
555 437 24 20 18
589 437 48 26 juni
648 437 52 20 1937
711 437 35 26 (nr
755 436 50 25 436)
815 442 49 20 ang.
875 436 83 27 försälj-

69 466 51 26 ning
127 472 28 15 av
165 467 129 26 rusdrycker
301 467 116 26 (avseende
425 467 117 26 ändringar
549 467 6 19 i
563 467 41 20 den
612 466 99 27 speciella
719 466 238 26 bolagslagstiftningen

69 496 50 20 med
130 496 43 20 anl.
185 502 28 15 av
225 497 41 20 den
278 503 42 20 nya
332 497 61 26 lagen
405 503 35 14 om
451 496 125 26 aktiebolag
586 503 28 14 m.
625 496 45 27 m.).

99 538 42 20 RD
152 540 91 23 antager
254 538 33 20 för
297 538 31 20 sin
340 538 33 20 del
384 538 35 26 lag
429 543 49 21 ang.
489 540 46 18 rätt
545 538 34 20 för
589 538 123 26 Konungen
723 539 34 19 att
768 538 6 19 i
785 538 56 20 vissa
853 537 36 21 fall
900 538 59 19 med-

69 567 48 20 dela
131 567 106 20 särskilda
250 567 163 20 bestämmelser
426 573 34 14 om
474 567 195 26 bankaktiebolags
682 568 142 19 kassareserv.

98 609 42 20 RD
155 609 61 26 giver
229 609 6 20 i
249 609 102 20 skrivelse
366 609 32 20 till
413 609 63 20 KM:t
490 609 106 20 tillkänna
611 609 43 20 vad
668 609 184 20 bankoutskottet
866 608 73 20 anfört
953 608 6 20 i

68 638 60 26 fråga
142 644 35 14 om
190 639 162 25 utformningen
365 645 28 14 av
407 639 41 20 den
460 638 110 21 allmänna
582 638 141 20 ekonomiska
736 638 105 26 politiken
853 640 57 18 samt
922 644 38 14 an-

69 669 61 25 tager
140 668 35 26 lag
186 674 35 14 om
232 668 91 20 fortsatt
333 668 138 26 tillämpning
482 674 28 14 av
521 668 62 26 lagen
594 668 41 20 den
646 668 27 20 20
684 668 44 20 dec.
742 668 53 20 1946
805 668 35 26 (nr
850 667 49 26 766)
910 668 50 19 med

68 697 106 21 särskilda
188 698 164 20 bestämmelser
366 703 49 21 ang.
430 698 195 26 bankaktiebolags
639 697 97 26 inlåning
749 698 40 19 och
803 697 35 26 lag
851 703 49 20 ang.
915 698 44 19 rätt

68 726 33 21 för
114 726 123 27 Konungen
250 729 35 18 att
298 728 6 19 i
317 727 57 20 vissa
388 727 37 20 fall
438 727 99 20 meddela
550 727 105 21 särskilda
669 727 163 20 bestämmelser
844 733 35 14 om
892 727 68 20 bank-

68 756 135 26 aktiebolags
214 757 144 23 kassareserv;
371 757 39 20 och
421 758 91 25 antager
524 757 41 20 RD
576 757 35 26 lag
622 757 49 20 med
682 757 105 20 särskilda
798 756 163 20 bestämmelser

69 787 40 19 rör.
125 786 144 20 riksbankens
284 786 175 27 sedelutgivning
474 788 58 18 samt
547 786 117 26 medgiver,
680 788 35 19 att
730 786 131 20 riksbanken
876 786 35 20 må
928 786 32 20 för

67 815 61 21 tiden
139 816 26 20 fr.
176 822 19 14 o.
203 822 29 14 m.
245 817 41 19 den
301 817 8 19 1
322 816 40 26 juli
375 816 53 20 1949
440 818 16 18 t.
467 822 18 15 o.
496 823 28 14 m.
537 817 41 20 den
590 816 25 20 30
623 816 47 26 juni
684 816 50 20 1951
748 822 52 14 vara
812 816 92 26 fritagen
913 816 47 20 från

68 845 152 26 skyldigheten
231 847 34 19 att
276 846 37 20 vid
323 846 119 20 anfordran
453 846 68 20 inlösa
531 852 29 14 av
570 846 87 20 banken
668 846 91 26 utgivna
769 845 70 20 sedlar
849 845 49 20 med
908 845 52 26 guld

68 874 55 21 efter
136 875 62 20 deras
210 875 88 27 lydelse,
312 876 50 20 med
375 877 46 19 rätt
434 876 55 20 dock
502 876 34 20 för
548 876 131 19 riksbanken
693 877 41 22 att,
748 881 35 14 om
796 875 163 20 förhållandena

68 904 72 21 därtill
154 905 50 26 giva
218 905 124 27 anledning,
357 906 44 20 före
416 906 110 26 utgången
540 912 27 13 av
582 906 95 20 nämnda
691 905 32 20 tid
737 905 145 26 återupptaga
896 905 64 20 inlös-

68 934 79 26 ningen
160 941 28 14 av
201 935 98 20 bankens
311 935 77 21 sedlar.

97 976 42 20 RD
150 978 92 25 antager
252 977 35 26 lag
297 983 36 14 om
344 977 90 20 fortsatt
444 977 100 26 giltighet
554 983 28 14 av
593 977 62 26 lagen
667 977 41 20 den
719 977 12 20 3
742 976 47 26 juni
802 976 52 21 1949
865 976 34 26 (nr
909 976 50 26 314)

68 1011 49 21 ang.
131 1007 47 19 rätt
191 1006 34 20 för
237 1006 124 27 Konungen
375 1008 35 19 att
423 1007 7 19 i
444 1006 56 21 vissa
515 1006 37 21 fall
565 1006 99 21 meddela
678 1006 105 21 särskilda
797 1006 163 20 bestämmelser

69 1041 35 15 om
119 1036 195 26 bankaktiebolags
329 1036 143 20 kassareserv.

97 1065 26 21 Se
140 1066 40 19 ock
196 1066 137 26 Affärsbank,
351 1066 106 26 Göteborgs
473 1066 148 23 handelsbank,
637 1066 116 20 Postverket
769 1065 69 27 (1943:
851 1066 26 26 8),
895 1065 64 27 Spar-

69 1095 82 20 banker.

68 1136 290 21 BANKINSPEKTIONEN.

97 1172 42 20 RD
153 1172 88 20 anvisar
254 1172 33 20 till
300 1173 129 26 avsättning
442 1173 32 20 till
488 1173 223 26 bankinspektionens
724 1172 52 20 fond
790 1172 26 20 75
825 1172 41 20 000
879 1172 32 20 kr.
925 1172 33 26 (f),

68 1201 33 20 till
116 1202 128 26 avsättning
257 1202 34 20 till
305 1202 218 26 fondinspektionens
538 1202 52 20 fond
607 1202 24 20 15
640 1202 41 20 000
695 1202 32 20 kr.
743 1202 26 26 (f)
783 1203 58 19 samt
854 1202 33 19 till
901 1202 58 25 jord-

69 1231 241 27 brukskassetillsynen:
324 1232 128 26 avsättning
465 1232 33 20 till
510 1231 295 27 jordbrukskassetillsynens
818 1232 52 19 fond
884 1231 26 20 30
919 1231 41 20 000

68 1261 32 20 kr.

97 1302 42 20 RD
153 1303 88 20 anvisar
254 1303 33 20 till
300 1303 128 26 avsättning
441 1303 33 20 till
488 1303 223 26 bankinspektionens
724 1303 52 20 fond
790 1303 26 20 75
825 1303 41 20 000
879 1303 32 20 kr.
926 1302 32 26 (f),

68 1332 33 20 till
110 1333 128 25 avsättning
246 1333 33 19 till
288 1333 217 26 fondinspektionens
514 1333 52 20 fond
577 1333 25 20 15
609 1333 41 20 000
658 1333 32 20 kr.
696 1333 26 25 (f)
730 1334 57 19 samt
794 1332 33 20 till
833 1332 127 26 jordbruks-

68 1362 173 26 kassetillsynen:
263 1363 128 26 avsättning
406 1362 33 20 till
454 1362 295 27 jordbrukskassetillsynens
765 1363 53 19 fond
835 1362 26 20 35
862 1358 48 36 000
927 1362 31 20 kr.

98 1403 42 20 RD
154 1404 88 20 anvisar
255 1404 32 20 till
301 1404 128 26 avsättning
442 1404 32 20 till
488 1404 223 26 bankinspektionens
724 1404 52 20 fond
790 1404 26 20 75
825 1404 41 20 000
879 1404 32 20 kr.
926 1404 32 25 (f),

69 1433 32 20 till
112 1434 128 25 avsättning
247 1434 33 19 till
288 1434 217 26 fondinspektionens
512 1434 53 20 fond
574 1434 25 20 15
608 1434 41 20 000
656 1434 31 20 kr.
696 1434 26 26 (f)
730 1435 57 19 samt
782 1429 45 35 till
833 1434 126 26 jordbruks-

69 1463 172 26 kassetillsynen:
259 1464 128 26 avsättning
403 1464 33 20 till
451 1464 295 26 jordbrukskassetillsynens
762 1464 53 19 fond
831 1464 27 19 40
859 1459 50 36 000
927 1464 31 19 kr.

98 1504 42 20 RD
154 1505 88 20 anvisar
255 1505 33 20 till
301 1505 128 26 avsättning
442 1505 33 20 till
488 1505 223 27 bankinspektionens
724 1505 52 20 fond
790 1505 27 20 80
816 1500 48 36 000
879 1505 31 20 kr.
925 1505 33 26 (f),

69 1534 32 20 till
109 1534 129 27 avsättning
245 1534 32 21 till
285 1535 218 26 fondinspektionens
511 1535 52 20 fond
573 1535 24 20 15
606 1535 42 20 000
655 1535 31 20 kr.
695 1535 26 26 (f)
729 1536 58 19 samt
793 1535 33 20 till
833 1535 127 26 jordbruks-

68 1564 174 26 kassetillsynen:
259 1564 129 27 avsättning
403 1564 33 20 till
452 1565 296 26 jordbrukskassetillsynens
764 1565 52 19 fond
833 1564 27 21 45
869 1564 41 20 000
926 1565 31 19 kr.

98 1605 42 20 RD
153 1606 89 19 anvisar
254 1606 33 19 till
300 1606 128 26 avsättning
441 1606 33 20 till
487 1606 223 26 bankinspektionens
723 1606 53 20 fond
789 1606 27 20 85
815 1601 47 35 000
878 1606 32 20 kr.
925 1606 33 26 (f),

68 1634 33 20 till
109 1635 128 26 avsättning
244 1635 33 20 till
285 1635 217 26 fondinspektionens
510 1635 53 20 fond
572 1636 25 19 15
606 1635 41 20 000
654 1636 32 19 kr.
695 1636 26 25 (f)
729 1637 57 18 samt
794 1635 32 20 till
833 1635 126 26 jordbruks-

68 1664 173 26 kassetillsynen:
259 1665 129 26 avsättning
403 1665 34 20 till
452 1665 296 26 jordbrukskassetillsynens
764 1665 53 20 fond
820 1660 41 36 50
860 1660 50 36 000
926 1665 32 20 kr.

97 1705 42 20 RD
153 1706 88 19 anvisar
254 1706 32 20 till
300 1706 128 26 avsättning
441 1706 33 20 till
488 1706 223 26 bankinspektionens
724 1706 52 20 fond
790 1706 26 20 85
825 1706 41 20 000
879 1706 32 20 kr.
925 1706 33 26 (f),

68 1734 32 21 till
108 1735 129 26 avsättning
244 1735 33 20 till
285 1736 217 26 fondinspektionens
510 1736 53 20 fond
573 1736 24 20 15
606 1736 41 20 000
655 1736 31 20 kr.
695 1736 26 26 (f)
729 1737 58 19 samt
794 1736 32 20 till
834 1736 126 25 jordbruks-

68 1764 173 27 kassetillsynen:
259 1765 128 26 avsättning
403 1765 33 20 till
453 1765 295 26 jordbrukskassetillsynens
765 1766 52 19 fond
820 1760 40 36 55
862 1760 48 36 000
927 1765 31 20 kr.

97 1806 42 20 RD
153 1807 88 20 anvisar
254 1807 32 19 till
300 1807 128 26 avsättning
441 1807 33 20 till
488 1807 223 26 bankinspektionens
724 1807 53 20 fond
790 1807 26 20 85
825 1807 41 20 000
879 1807 32 20 kr.
926 1807 32 26 (f),

68 1835 33 21 till
112 1836 129 26 avsättning
253 1836 32 21 till
298 1837 217 26 fondinspektionens
527 1837 53 20 fond
594 1837 24 20 15
627 1837 41 20 000
680 1837 31 20 kr.
725 1837 25 26 (f)
763 1839 57 18 samt
832 1837 32 20 till
876 1838 84 19 avsätt-

68 1865 52 26 ning
134 1865 33 21 till
181 1866 296 27 jordbrukskassetillsynens
492 1867 53 20 fond
560 1866 26 20 60
595 1866 41 21 000
651 1867 31 20 kr.

97 1907 41 20 RD
151 1907 89 20 anvisar
251 1907 33 21 till
296 1908 128 26 avsättning
435 1908 33 20 till
480 1908 223 26 bankinspektionens
715 1908 52 20 fond
781 1908 39 20 100
828 1908 41 20 000
881 1908 31 20 kr.
926 1908 32 26 (f),

68 1936 32 20 till
114 1937 129 26 avsättning
256 1937 34 21 till
304 1938 217 26 fondinspektionens
535 1938 53 20 fond
601 1938 28 20 40
637 1938 41 20 000
691 1938 32 20 kr.
739 1938 32 26 (f),
786 1938 33 20 till
833 1938 127 26 avsättning

68 1966 32 20 till
110 1966 297 27 jordbrukskassetillsynens
418 1968 52 19 fond
481 1967 27 21 60
516 1967 42 21 000
567 1968 32 19 kr.
610 1969 58 19 samt
678 1968 32 20 till
721 1968 127 26 avsättning
858 1967 32 21 till
901 1974 59 20 spar-

68 1996 235 26 banksinspektionens
314 1997 52 20 fond
380 1997 39 20 170
428 1997 41 20 000
480 1997 32 20 kr.
524 1997 33 26 (f).

97 2038 41 20 RD
151 2038 89 20 anvisar
251 2038 33 20 till
296 2039 128 26 avsättning
435 2039 33 20 till
480 2039 223 26 bankinspektionens
716 2039 52 20 fond
782 2039 38 20 100
829 2039 41 20 000
881 2039 32 20 kr.
926 2039 33 26 (f),

68 2067 33 20 till
113 2068 128 26 avsättning
253 2068 33 20 till
298 2068 217 26 fondinspektionens
528 2069 52 19 fond
592 2068 27 20 40
628 2068 41 20 000
680 2069 31 19 kr.
725 2069 26 26 (f)
763 2070 57 19 samt
833 2068 31 20 till
877 2070 83 19 avsätt-

68 2096 52 27 ning
133 2097 32 20 till
178 2097 296 27 jordbrukskassetillsynens
487 2098 53 20 fond
554 2098 26 20 60
589 2098 41 20 000
642 2098 32 20 kr.

1103 156 102 31 Motioner
1248 156 94 31 Utskott
1504 160 94 17 Protokoll

980 181 25 20 År
1002 177 16 32 |
1027 184 54 21 Prop.
1386 172 57 41 Sn

1108 214 33 16 FK
1143 210 23 29 |
1171 214 35 16 AK
1228 215 85 16 ISmllAvd|
1336 215 27 15 Nr
1482 215 33 16 FK
1581 215 35 16 AK

977 285 29 20 471
1033 285 41 21 2281
1119 297 27 2 —I
1184 297 27 2 —I
1245 286 13 19 91
1295 286 8 19 11
1345 286 171 20 381279125:3
1537 281 18 35 |
1562 287 68 20 25:83

979 536 27 20 481
1034 537 40 20 295
1084 532 27 35 |
1120 548 27 2 —I
1185 548 27 2 —JI
1246 537 61 19 81I—]1
1345 536 91 21 501445]
1461 537 33 20 31:
1505 537 25 20 6d
1532 532 23 35 |
1562 538 32 20 31:
1606 538 25 20 3d

979 607 28 20 491
1035 608 40 20 208
1089 603 14 34 |
1106 607 38 19 311
1171 607 40 20 1398]
1246 608 62 19 81—1
1345 607 27 20 441
1396 607 40 20 3571
1461 608 32 20 21:
1505 608 39 20 37d|
1561 609 33 20 21:
1606 609 25 20 8d

979 975 27 19 501
1037 977 38 20 117
1085 971 26 34 |
1120 987 27 2 —|
1185 986 27 3 —I
1246 975 61 20 81—]|
1347 975 182 21 131215115:57
1538 971 18 34 |
1563 976 31 20 15:
1608 978 37 18 110

979 1171 25 20 41]
1036 1173 39 20 1:21]
1120 1183 27 2 —|
1184 1182 28 4 —I
1247 1172 60 19 61—
1359 1172 11 20 7
1424 1172 11 20 71
1461 1172 68 20 24:12
1539 1168 17 34 |
1556 1168 38 34 25:
1606 1175 21 17 21

1028 1206 21 20 pt
1059 1205 24 17 33
1326 1208 15 12 s.
1350 1203 23 18 131
1397 1208 15 12 s.
1424 1203 11 17 6

1029 1234 54 17 —35

979 1301 28 21 421
1036 1304 39 20 1:71]
1120 1314 27 2 —I|
1185 1315 27 2 —I
1247 1302 60 19 61]—
1359 1302 11 20 7
1423 1302 106 20 T113::74
1563 1303 81 20 198108

1028 1337 21 19 pt
1059 1335 25 18 33
1326 1339 15 12 s.
1350 1334 23 17 14]
1397 1339 15 12 s.
1424 1334 11 17 8

1029 1364 54 18 —35

979 1403 28 20 481
1037 1405 38 20 1:27]
1120 1415 27 2 —I
1185 1416 26 2 —I
1246 1403 61 19 61—
1359 1403 11 20 7
1423 1403 70 21 Tider
1505 1405 10 18 DG
1562 1404 67 20 TALET

1028 1438 21 20 pt
1059 1436 23 18 31
1326 1440 15 12 s.
1350 1436 62 16 1118:
1424 1435 10 17 6

1029 1466 54 18 —33

979 1504 28 20 441
1036 1506 39 20 1:27]
1120 1516 27 2 —|
1185 1517 26 2 —I
1246 1504 61 19 61—
1358 1505 12 20 7
1423 1505 70 20 7112:
1507 1507 37 18 142]
1562 1505 31 20 12:
1608 1508 36 17 163

1027 1539 21 20 pt
1058 1537 25 18 37
1326 1536 47 18 s.161
1397 1541 15 12 s.
1424 1536 10 18 7

1029 1567 55 17 —39

979 1606 27 19 45l
1036 1607 39 20 1:72]
1120 1617 26 2 —I
1184 1618 27 2 —I
1246 1605 61 19 61—1
1359 1605 11 21 71.
1423 1605 105 21 7112:35
1535 1600 18 35 |
1563 1606 66 20 12:48

1028 1640 21 19 pt
1059 1638 25 17 39
1326 1642 15 12 s.
1349 1637 88 17 181s.10

1028 1668 54 17 —41

979 1706 27 19 461
1036 1707 39 20 1:7
1084 1701 27 35 |
1120 1717 27 3 —I|
1184 1718 28 2 —I
1246 1705 61 20 61—
1351 1702 19 34 så
1423 1706 105 20 7112:14
1538 1702 17 34 |
1555 1702 38 34 12:
1604 1709 25 17 38

1028 1740 21 20 pt
1059 1738 24 18 40
1326 1738 111 17 s.251s.14

1028 1768 55 17 —42

980 1806 27 20 47]
1037 1808 39 19 1:9]
1120 1818 27 3 —I
1185 1819 26 2 —1I
1246 1806 61 20 61—1
1359 1807 11 20 7
1423 1807 92 20 7113:3.
1544 1803 14 34 |
1562 1808 67 20 13:80

1028 1841 21 20 pt
1059 1839 24 18 42
1326 1838 109 18 s.281s.11

1028 1869 56 17 —44

980 1907 27 20 48]
1036 1909 40 19 1:9]
1120 1920 27 2 —I
1185 1920 26 2 —I
1246 1908 61 19 61—
1349 1904 21 34 sh
1423 1908 106 21 7110:19
1531 1904 22 34 |
1562 1909 31 20 10:
1605 1911 24 17 24

1028 1942 21 20 pt
1059 1940 23 17 41
1326 1945 15 12 s.
1349 1940 23 17 24

1029 1970 54 17 —44

980 2039 27 19 491
1036 2040 40 19 1:91]
1120 2051 27 2 —I
1185 2051 27 3 —I
1246 2039 61 19 61—
1358 2040 12 20 z
1423 2039 70 21 7110:
1507 2042 37 17 1021
1563 2040 30 20 10:
1608 2042 36 18 147

1028 2073 21 19 pt
1059 2071 25 17 46
1326 2076 15 12 s.
1345 2058 27 38 24
