1863 2363
180 154 43 20 518
913 159 136 16 SAKREGISTER

198 437 103 27 Folkliga
317 436 146 22 musikskolan
478 436 10 22 i
503 436 92 22 Arvika.

231 468 42 20 Till
289 468 89 26 folkliga
394 467 149 21 musikskolan
559 468 7 20 i
582 467 81 21 Arvika
678 468 33 20 för
727 474 25 14 en
769 468 66 20 minst
851 468 28 20 20
896 468 77 21 veckor
988 469 50 26 lång

243 498 52 20 kurs
315 498 67 20 under
398 498 194 20 verksamhetsåret
608 496 134 29 1925/1926,
759 498 90 27 beviljas
865 498 33 20 för
914 499 125 26 budgetåret

245 526 125 25 1925/1926
387 530 31 18 ett
433 529 61 19 extra
509 528 74 26 anslag
598 534 26 14 av
641 528 12 19 3
663 527 42 21 000
722 528 30 20 kr.

229 588 42 20 Till
286 588 90 26 folkliga
392 587 148 21 musikekolan
557 588 7 19 i
580 587 80 21 Arvika
675 587 34 20 för
724 594 26 14 en
766 588 67 20 minst
852 588 27 20 20
897 588 76 21 veckor
989 589 50 26 lång

243 618 51 21 kurs
313 618 69 20 under
401 617 193 21 verksamhetsåret
614 616 125 28 1926/1927
761 617 89 27 beviljas
866 618 33 20 för
915 618 124 27 budgetåret

245 647 125 28 1926/1927
388 649 31 19 ett
434 649 60 19 extra
509 647 74 26 anslag
599 654 26 14 av
641 648 12 20 5
663 647 43 20 000
722 647 31 21 kr.

228 708 43 20 Till
290 708 90 26 folkliga
396 707 148 21 musikskolan
560 707 8 20 i
585 707 79 21 Arvika
679 707 33 20 för
727 714 27 13 en
770 708 66 20 minst
852 707 27 21 20
897 708 76 21 veckor
989 708 50 27 lång

244 738 51 21 kurs
314 738 68 20 under
402 737 193 21 verksamhetsåret
615 736 126 26 1927/1928
760 737 91 27 beviljas
867 738 32 20 för
915 738 124 26 budgetåret

245 766 126 29 1927/1928
388 769 30 19 ett
434 769 59 19 extra
509 767 74 26 anslag
598 774 27 14 av
641 767 12 20 5
664 767 41 20 000
722 767 30 20 kr.

229 828 42 20 Till
289 828 89 26 folkliga
395 827 149 21 musikskolan
560 827 7 20 i
583 827 80 21 Arvika
679 827 32 20 för
727 834 26 14 en
769 828 67 20 minst
852 828 27 20 20
897 828 76 21 veckor
989 829 49 26 lång

242 859 52 20 kurs
313 858 69 20 under
401 857 193 21 verksamhetsåret
614 856 125 28 1928/1929
760 858 89 26 beviljas
865 857 33 21 för
914 858 124 27 budgetåret

244 887 126 28 1928/1929
388 889 31 19 ett
434 889 60 19 extra
510 887 74 26 anslag
599 894 26 14 av
642 888 11 20 5
664 887 42 21 000
722 887 31 21 kr.

229 949 52 25 Ang.
306 948 83 20 motion
413 954 35 14 om
473 947 117 27 stipendier
612 948 22 20 åt
658 947 124 21 behövande
806 948 69 21 elever
894 948 36 21 vid
948 948 90 27 folkliga

243 977 150 21 musikskolan
409 978 7 20 i
433 977 89 24 Arvika;
539 984 22 14 se
578 976 164 28 Folkhögskolor
757 977 35 27 (3).

227 1038 40 20 Till
289 1037 91 26 folkliga
395 1037 149 21 musikskolan
560 1037 8 20 i
584 1037 80 21 Arvika
679 1038 33 20 för
728 1044 26 14 en
770 1038 66 20 minst
853 1038 26 20 20
896 1038 77 21 veckor
988 1038 50 27 lång

242 1068 51 19 kurs
312 1067 68 20 under
399 1067 193 20 verksamhetsåret
614 1065 125 29 1929/1930
760 1067 89 26 beviljas
865 1067 33 20 för
915 1067 123 27 budgetåret

244 1096 126 29 1929/1930
387 1098 30 19 ett
433 1098 60 19 extra
508 1096 74 26 anslag
597 1103 26 14 av
640 1096 12 20 6
662 1096 42 20 000
721 1096 31 21 kr.

227 1156 43 20 Till
286 1156 90 26 folkliga
391 1156 149 20 musikskolan
556 1156 7 20 i
580 1156 80 20 Arvika
674 1156 33 20 för
727 1163 26 13 en
769 1157 67 20 minst
852 1157 27 20 20
896 1157 77 21 veckor
988 1157 50 27 lång

242 1186 51 21 kurs
315 1185 68 21 under
399 1186 192 20 verksamhetsåret
611 1184 125 29 1930/1931
757 1186 89 27 beviljas
862 1187 33 20 för
914 1187 124 26 budgetåret

244 1215 125 27 1930/1931
387 1217 30 19 ett
433 1218 59 18 extra
508 1216 74 26 anslag
597 1222 26 14 av
640 1215 12 20 6
662 1215 42 21 000
721 1216 30 20 kr.

198 1274 168 26 Folkminnen;
383 1282 22 14 se
421 1274 128 26 Landsmål,
566 1276 99 20 ortnamn
681 1274 37 22 och
729 1274 144 29 folkminnen.

197 1339 149 26 Folkmusik,
362 1341 58 20 äldre
436 1341 84 20 svensk.

227 1371 42 20 Till
285 1371 144 26 utredigering
444 1371 8 20 i
468 1370 140 28 tryckfärdigt
623 1371 60 20 skick
700 1378 26 13 av
741 1371 115 21 framlidne
867 1372 170 21 revisionssekre-

242 1403 82 18 teraren
340 1401 47 21 Nils
403 1401 133 21 Anderssons
553 1401 153 20 efterlämnade
722 1401 116 26 samlingar
853 1408 26 14 av
891 1401 57 21 äldre
960 1402 77 21 svensk

242 1431 118 20 folkmusik
384 1431 84 20 anvisas
491 1431 33 20 för
543 1431 124 26 budgetåret
685 1430 126 28 1923/1924
827 1433 30 19 ett
872 1433 60 19 extra
947 1439 89 14 reserva-

242 1461 132 26 tionsanslag
390 1468 26 13 av
433 1461 27 20 10
470 1461 42 20 000
528 1461 31 20 kr.

227 1520 42 21 Till
285 1520 144 27 utredigering
444 1521 7 19 i
468 1520 140 27 tryckfärdigt
623 1520 61 21 skick
700 1527 26 14 av
741 1520 115 21 framlidne
867 1521 170 21 revisionssekre-

242 1553 81 18 teraren
340 1550 47 21 Nils
404 1550 132 21 Anderssons
552 1550 154 20 efterlämnade
723 1550 115 27 samlingar
853 1557 27 14 av
890 1550 58 21 äldre
959 1551 78 21 svensk

241 1580 120 21 folkmusik
385 1581 85 20 anvisas
493 1580 34 20 för
542 1580 125 26 budgetåret
683 1578 126 30 1924/1925
826 1582 31 19 ett
872 1583 60 18 extra
947 1587 89 15 reserva-

242 1610 132 26 tionsanslag
390 1617 25 14 av
433 1610 27 20 10
470 1609 42 21 000
529 1610 31 20 kr.

227 1670 41 20 Till
285 1670 143 26 utredigering
444 1670 6 20 i
466 1669 141 27 tryckfärdigt
622 1669 60 21 skick
698 1676 26 14 av
740 1669 115 21 framlidne
865 1670 171 21 revisionssekre-

241 1702 83 18 teraren
348 1700 25 20 N.
390 1700 134 20 Anderssons
543 1699 153 21 efterlämnade
712 1699 116 27 samlingar
843 1706 27 14 av
885 1700 58 20 äldre
959 1700 77 21 svensk

241 1730 120 20 folkmusik
385 1730 84 20 anvisas
492 1730 33 19 för
542 1729 125 26 budgetåret
684 1728 125 29 1925/1926
826 1731 30 19 ett
872 1732 60 19 extra
947 1737 89 14 reserva-

241 1760 131 26 tionsanslag
388 1767 26 13 av
431 1759 26 21 10
468 1759 42 21 000
527 1759 30 20 kr.

226 1820 42 20 Till
284 1820 143 26 utredigering
443 1820 39 20 och
499 1819 113 27 tryckning
627 1826 26 14 av
663 1820 116 21 framlidne
789 1819 248 22 revisionssekreteraren

241 1850 25 20 N.
284 1850 134 20 Anderssons
434 1849 153 21 efterlämnade
598 1850 116 26 samlingar
725 1857 26 14 av
762 1849 58 21 äldre
829 1850 78 20 svensk
917 1850 119 20 folkmusik

241 1880 84 20 anvisas
341 1880 33 20 för
390 1879 126 27 budgetåret
533 1878 125 29 1926/1927
675 1882 30 19 ett
715 1882 60 19 extra
785 1880 215 26 reservationsanslag
1010 1887 27 14 av

242 1910 26 20 10
280 1910 42 20 000
339 1910 30 20 kr.

225 1970 42 20 Till
283 1970 144 25 utredigering
439 1970 40 20 och
496 1969 112 27 tryckning
623 1976 26 14 av
660 1969 116 21 framlidne
789 1969 247 21 revisionssekreteraren

240 2000 47 20 Nils
310 2000 133 20 Anderssons
468 1999 153 21 efterlämnade
637 2000 117 26 samlingar
769 2006 27 14 av
815 1999 58 21 äldre
889 2000 77 20 svensk
982 1999 54 21 folk-

240 2030 72 20 musik
331 2030 84 20 anvisas
433 2030 33 20 för
482 2029 126 27 budgetåret
625 2029 126 28 1927/1928
767 2031 31 19 ett
814 2031 60 19 extra
889 2030 146 20 reservations-

1125 222 41 32 .
1508 228 51 17 Riks-

1072 252 17 26 3
1126 251 35 36 2
1226 276 4 4 é
1329 242 106 41 Utskotte-
1498 251 71 33 dagens
1628 257 117 18 Kamrarnas

1072 282 17 27 7
1126 281 41 37 2
1171 272 107 30 Motioner
1319 271 126 42 utlåtanden
1511 288 34 17 ake
1613 287 145 23 förhandlingar

1072 312 18 28 &
1126 310 40 42 Ze
1292 306 61 27 eller
1366 306 99 17 memorial
1505 318 61 17 VÅLSOE

1068 344 98 25 oe

1126 365 35 17 ES
1299 366 17 12 ER

1073 373 17 25 7
1126 372 36 52 123
1169 366 52 62 [rk
1239 384 35 18 AK
1278 366 105 62 (Blä)
1395 383 17 28 2
1421 366 24 62 |
1472 374 1 45 |
1507 383 17 28 7
1526 366 46 62 |]
1598 372 71 46 lamm
1669 366 24 62 |
1699 371 71 42 komm.

1052 464 62 36 1925]
1198 469 26 20 10
1304 469 117 21 6L11:197
1494 469 41 21 268
1594 464 33 34 33:
1638 464 50 34 97d]
1695 468 34 21 36:
1741 469 39 21 70d

1380 499 41 21 110
1594 499 53 20 35:
1631 495 13 33 1
1695 499 54 20 139:
1732 495 13 33 1

1432 533 2 28 |
1594 529 69 20 37:17
1694 528 56 21 |41:9

1052 588 57 23 1926|
1125 589 42 20 1:
1149 578 18 44 8
1304 589 12 21 6)
1347 589 9 20 1|
1409 581 69 29 8/177|8
1497 589 80 20 Al)
1602 588 126 21 28:07128:
1734 577 45 44 118

1118 630 16 16 p-
1136 624 36 22 201

1053 708 114 22 1927]1:8
1305 709 12 20 6
1347 709 9 21 1|
1409 710 68 20 812118
1497 708 74 22 Alos]
1604 708 66 21 16:31]
1705 708 68 22 17:62

1118 749 16 17 p.
1137 743 38 23 230

1053 827 114 24 1928/1:8
1305 830 12 20 6)
1347 829 11 21 1!
1410 829 69 21 8l158)8
1497 829 81 20 Alio]
1603 829 68 20 26:96]
1704 828 69 21 27:92

1117 870 17 16 p.
1140 864 34 18 236
1231 887 2 16 |

1231 904 2 38 |

1077 956 8 11 i
1231 945 2 45 |

1053 1037 114 23 192911:
1148 1033 18 36 8
1166 1033 18 36 |
1197 1039 27 20 43
1305 1039 11 20 NGE
1411 1039 12 20 8
1441 1044 38 15 17018
1498 1038 81 21 Alo7|
1604 1037 68 22 21:38
1677 1033 18 36 |
1705 1033 33 36 26:
1749 1042 24 17 85

1117 1078 16 17 p.
1139 1072 35 18 253

1053 1156 57 23 19301
1126 1156 40 21 1:8
1167 1152 18 35 |
1197 1158 27 20 57
1305 1158 11 20 6!
1347 1157 10 20 11]
1410 1157 70 21 821018
1498 1157 81 20 Alog)
1597 1152 32 35 18:
1641 1156 82 21 87d!19:
1734 1157 47 20 101d

1113 1188 21 30 Ip.
1140 1192 34 22 258

1053 1370 114 24 192311:
1148 1366 15 37 8
1305 1373 11 20 6!
1347 1373 10 20 1!
1410 1372 69 21 8l1o8)8
1498 1371 74 23 Alz2]
1603 1372 69 21 20:371
1704 1371 69 22 20:32

1118 1407 55 23 p.271

1052 1520 57 23 19241
1126 1521 40 21 1:8
1304 1522 12 21 6!)
1346 1522 10 21 11]
1409 1521 70 21 819018
1497 1522 81 20 Also]
1603 1521 69 21 27:90
1674 1516 14 35 |
1704 1520 68 21 27:78

1117 1557 55 22 p.211

1052 1669 114 23 192511:
1149 1665 14 36 8
1304 1672 11 20 6)
1346 1671 10 21 11]
1409 1670 69 21 814918
1498 1670 81 20 Alusl
1604 1670 68 21 19:67]
1704 1669 68 21 21:76

1108 1701 25 31 Ip.
1139 1705 34 18 246

1051 1819 57 22 19261
1125 1820 40 20 1:
1148 1815 19 36 8
1303 1821 12 20 6)
1346 1820 11 20 1|
1409 1819 68 21 819118
1497 1819 81 21 Also]
1603 1819 68 21 28:98
1696 1819 83 21 |28:123

1116 1861 17 17 p.
1136 1855 35 23 221

1050 1967 115 24 192711:8
1303 1969 12 21 6!
1345 1969 10 20 1!
1408 1969 69 20 813518
1496 1969 82 20 Alos)
1603 1968 68 21 16:39]
1704 1968 66 22 17:71

1115 2009 17 17 p.
1137 2004 36 18 248

241 2060 74 26 anslag
330 2060 12 20 å
359 2059 27 22 10
396 2059 42 21 000
454 2059 32 21 kr.
