1831 2353
190 248 220 26 Egnahemsbildning.

191 284 79 26 belopp
283 289 28 15 av
324 284 64 26 högst
403 284 8 19 1
422 284 41 20 000
464 279 47 35 000
525 284 39 23 kr.;
579 284 40 20 och
632 284 88 20 anvisar
733 283 42 21 RD
789 283 32 20 till
835 283 246 27 egnahemslånefonden

191 313 12 20 3
212 313 41 21 000
261 313 42 21 000
314 314 32 20 kr.
360 313 31 26 (i),
405 314 40 19 och
456 313 111 26 medgiver
580 313 49 24 RD,
643 315 34 18 att
690 313 41 20 den
744 313 66 27 årliga
822 315 79 18 räntan
914 314 12 19 å
939 313 41 20 den
993 313 89 20 stående

191 343 61 20 delen
267 349 29 14 av
310 343 35 20 lån
360 343 48 20 från
423 343 254 26 egnahemslånefonden,
693 349 47 14 som
755 343 102 26 beviljats
871 343 55 20 efter
939 343 108 26 ingången
1054 349 28 14 av

191 373 23 20 år
228 373 52 20 1920
292 379 50 14 men
353 373 45 20 före
411 373 41 20 den
465 373 9 20 1
488 373 39 26 juli
541 373 52 20 1940
605 373 41 20 och
656 373 34 20 för
702 373 58 20 vilka
772 373 268 26 amorteringsskyldighet
1051 373 32 20 in-

190 405 63 22 trätt,
265 403 35 20 må
311 403 34 20 för
355 403 51 20 åren
419 403 52 20 1947
483 403 40 20 och
536 403 52 20 1948
599 403 113 20 nedsättas
723 402 32 21 till
766 402 35 25 3,6
812 404 90 25 procent
912 402 50 21 eller
973 402 41 21 den
1025 403 57 26 lägre

191 434 136 25 procentsats
343 439 46 14 som
405 433 37 20 må
457 433 68 20 varda
542 433 100 20 bestämd
658 433 34 20 för
707 432 153 27 egnahemslån
876 432 7 20 i
899 432 126 24 allmänhet;
1042 433 40 20 och

189 463 112 26 medgiver
313 462 50 24 RD,
376 464 35 19 att
422 462 7 21 i
441 463 107 20 avseende
560 463 12 20 å
584 462 144 27 köpeskilling
739 462 33 20 för
784 462 68 21 sådan
864 462 219 27 jordbrukslägenhet

190 493 51 20 eller
255 492 103 27 byggnad
373 493 13 20 å
401 492 150 27 åbolägenhet,
568 498 46 14 som
630 493 24 19 år
670 492 53 20 1920
738 492 50 20 eller
803 498 75 14 senare
892 492 24 20 år
931 492 87 20 försålts
1033 492 50 20 eller

189 523 99 20 kommer
302 524 35 19 att
350 522 100 26 försäljas
464 522 48 21 från
526 522 182 26 kronoegendom,
723 524 79 18 räntan
817 522 42 24 må,
874 522 7 20 i
896 522 41 20 den
952 522 51 20 mån
1017 522 66 26 köpe-

190 552 113 27 skillingen
315 552 109 21 förräntas
435 552 67 27 enligt
514 552 114 20 enahanda
639 552 94 26 grunder
745 558 46 14 som
802 552 54 26 gällt
867 552 50 20 eller
928 552 56 26 gälla
996 552 33 20 för
1041 552 41 20 den

189 582 91 20 stående
291 582 61 20 delen
363 588 29 14 av
401 582 46 20 före
458 582 41 20 den
512 582 8 20 1
533 582 40 26 juli
585 582 53 20 1940
648 582 92 26 beviljat
750 582 153 26 egnahemslån
913 581 34 21 för
956 582 127 26 jordbruks-

189 612 131 26 lägenheter,
337 612 69 20 under
421 612 51 20 åren
489 612 52 20 1947
557 612 40 20 och
614 612 53 20 1948
683 612 52 26 utgå
751 612 54 20 efter
820 612 35 23 3,6
870 613 90 25 procent
975 611 51 20 eller
1041 612 41 19 den

189 642 58 26 lägre
262 643 136 25 procentsats
412 648 46 14 som
473 642 35 20 må
522 642 69 20 varda
605 641 100 21 bestämd
720 642 33 20 för
767 641 153 27 egnahemslån
934 641 7 20 i
955 641 126 24 allmänhet;

189 672 41 20 och
243 671 97 21 anhåller
353 671 50 24 RD,
418 673 34 19 att
466 671 63 20 KM:t
543 671 49 21 ville
606 671 50 20 med
669 671 107 20 avseende
790 671 27 27 på
830 671 77 26 frågan
921 677 35 14 om
969 671 113 20 införande

189 707 29 15 av
228 701 65 27 rörlig
304 701 231 27 egnahemslåneränta
546 701 130 20 föranstalta
688 707 35 14 om
736 701 41 20 den
790 701 116 26 utredning
917 707 46 14 som
975 701 43 20 kan
1030 707 52 14 vara

189 731 131 26 erforderlig.

219 761 31 20 19.
267 761 43 20 RD
323 761 79 26 uppför
413 761 33 20 till
458 761 114 26 byggande
584 767 28 14 av
624 761 152 26 odlingsvägar
788 761 12 19 å
812 760 80 21 allmän
905 760 178 26 beredskapsstat

189 791 41 20 900
238 791 41 20 000
292 791 32 20 kr.

217 820 33 20 20.
267 821 43 20 RD
328 820 117 27 medgiver,
464 822 35 18 att
516 820 36 20 lån
570 820 34 20 för
621 820 219 26 bostadsfastigheter
857 820 43 23 må,
919 820 69 20 under
1006 820 26 20 de
1049 820 34 20 för

189 850 80 20 allmän
293 850 179 26 beredskapsstat
494 850 100 26 gällande
616 850 220 26 förutsättningarna,
860 850 69 19 under
952 850 130 25 budgetåret

190 880 90 26 1946/47
297 880 91 26 beviljas
404 880 48 20 från
467 880 247 26 egnahemslånefonden
727 879 56 20 intill
795 881 33 19 ett
839 879 79 26 belopp
930 885 29 14 av
970 879 13 20 2
992 879 41 21 000
1041 879 41 21 000

188 910 32 20 kr.
239 911 77 19 utöver
332 910 7 20 i
355 910 58 20 årets
429 910 184 26 statsverksprop.
631 909 33 20 för
680 909 127 20 ändamålet
822 909 116 26 föreslaget
954 909 77 26 högsta
1048 910 34 19 ut-

188 939 165 27 låningsbelopp
364 941 58 19 samt
433 939 79 27 uppför
523 939 33 21 till
567 939 247 27 egnahemslånefonden
825 939 13 20 å
849 939 80 20 allmän
941 939 141 26 beredskaps-

188 971 46 19 stat
245 970 13 20 2
267 969 41 21 000
316 969 41 21 000
368 969 32 21 kr.

217 1011 42 20 RD
269 1011 142 26 godkänner
390 1006 23 35 i
421 1010 240 27 statsrådsprotokollet
670 1012 52 19 över
731 1010 160 21 socialärenden
901 1010 33 20 för
944 1010 41 20 den
994 1010 27 20 29
1031 1016 49 14 nov.

190 1040 52 20 1946
250 1041 99 19 förordat
356 1041 175 25 bemyndigande
538 1041 34 19 för
579 1040 223 26 egnahemsstyrelsen
809 1042 35 18 att
852 1040 98 20 utlämna
958 1040 123 20 resterande

188 1070 86 26 belopp,
289 1070 64 26 högst
365 1070 40 20 295
415 1070 41 20 200
468 1070 32 20 kr.
514 1070 12 20 å
539 1070 57 20 vissa
609 1069 263 21 lantarbetarbostadslån
885 1069 40 20 och
938 1069 144 20 lantarbetar-

188 1100 174 26 bostadsbidrag,
375 1100 78 20 oaktat
464 1099 7 20 i
482 1099 142 27 kungörelsen
637 1099 41 20 den
690 1099 27 20 22
728 1099 47 26 juni
788 1099 52 20 1939
853 1099 34 26 (nr
898 1099 50 26 465)
960 1105 35 14 om
1008 1099 72 26 dylika

188 1129 35 20 lån
243 1129 41 20 och
303 1129 77 26 bidrag
398 1129 136 20 föreskrivna
553 1129 142 20 förbindelser
714 1129 40 20 och
774 1129 242 26 säkerhetshandlingar
1034 1129 47 20 icke

187 1159 120 20 innehavas
319 1165 28 14 av
359 1159 112 26 styrelsen.

217 1207 18 20 1.
252 1206 43 20 RD
306 1206 117 26 medgiver,
435 1208 35 18 att
481 1206 163 20 bestämmelser
654 1211 49 21 ang.
716 1206 41 20 den
768 1206 206 20 statsunderstödda
985 1206 96 20 arbetar-

188 1236 284 20 småbruksverksamheten
481 1236 36 20 må
527 1235 99 21 utfärdas
635 1236 7 19 i
651 1235 147 27 huvudsaklig
807 1235 215 21 överensstämmelse
1031 1235 49 20 med

187 1265 44 21 vad
246 1266 112 20 utskottet
371 1265 105 24 förordat;
491 1265 40 20 och
546 1265 73 20 avslår
633 1265 42 20 RD
690 1265 84 20 motion
790 1271 35 15 om
840 1265 124 26 förhöjning
978 1265 56 20 intill
1049 1267 33 18 ett

187 1295 80 26 belopp
278 1301 28 14 av
320 1295 25 20 10
353 1295 41 20 000
405 1295 32 20 kr.
449 1301 29 14 av
489 1295 41 20 alla
542 1295 247 20 arbetarsmåbrukslån.

216 1325 19 20 2.
252 1325 42 20 RD
312 1325 118 26 medgiver,
449 1326 35 19 att
501 1324 64 21 KM:t
582 1325 37 19 må
636 1324 91 27 vidtaga
746 1324 41 20 den
805 1324 92 26 ändring
915 1324 6 20 i
939 1324 143 26 personalför-

187 1354 131 27 teckningen
331 1354 34 21 för
378 1354 230 27 egnahemsstyrelsen,
623 1360 46 14 som
682 1354 122 20 föranledes
817 1360 28 14 av
859 1354 142 20 överförande
1015 1360 28 14 av
1056 1360 26 14 en

187 1384 261 26 kontorsbiträdestjänst
460 1384 12 20 å
484 1384 45 20 ord.
542 1385 45 19 stat
598 1385 58 19 samt
667 1384 88 20 anvisar
766 1383 33 21 till
810 1383 128 26 avlöningar
949 1383 38 21 331
998 1383 41 21 800
1050 1384 31 20 kr.

188 1413 33 27 (f).

215 1443 20 21 3.
251 1443 43 21 RD
309 1443 88 21 anvisar
410 1443 33 20 till
457 1443 230 26 egnahemsstyrelsen:
702 1443 34 20 till
750 1443 155 20 omkostnader
919 1443 27 20 70
954 1443 41 20 000
1009 1443 32 20 kr.
1056 1443 26 27 (f)

187 1475 58 18 samt
260 1473 33 21 till
308 1473 162 21 handhavande
484 1479 28 14 av
528 1473 376 26 bostadsförbättringsverksamhet
918 1472 27 21 40
954 1472 41 21 000
1010 1473 32 20 kr.

215 1533 19 20 4.
251 1533 43 20 RD
311 1533 117 26 medgiver,
446 1534 35 19 att
498 1532 63 20 KM:t
578 1533 36 20 må
631 1532 90 26 vidtaga
739 1532 26 20 de
783 1532 116 26 ändringar
916 1532 6 20 i
940 1532 143 26 personalför-

187 1563 130 26 teckningen
332 1562 34 21 för
379 1562 261 27 egnahemsnämnderna,
655 1568 46 14 som
716 1562 124 20 föranledas
854 1568 29 14 av
897 1562 143 20 överförande
1054 1568 28 14 av

187 1592 34 26 sju
229 1592 192 26 biträdestjänster
428 1592 13 20 å
449 1592 46 20 ord.
504 1594 45 18 stat
557 1594 58 18 samt
623 1592 87 20 anvisar
718 1592 33 20 till
759 1592 128 26 avlöningar
896 1592 8 19 1
916 1591 40 21 263
965 1592 41 20 200
1014 1592 32 20 kr.
1056 1592 26 26 (f)

215 1622 19 20 5.
251 1621 43 21 RD
308 1622 88 20 anvisar
408 1622 33 20 till
455 1622 260 26 egnahemsnämnderna:
729 1621 156 21 omkostnader
898 1621 40 21 295
947 1621 42 20 000
1001 1621 32 21 kr.
1048 1621 33 27 (f).

216 1681 19 21 6.
252 1682 43 20 RD
309 1681 88 21 anvisar
410 1681 33 20 till
457 1681 260 26 egnahemsnämnderna:
733 1681 161 20 handhavande
907 1687 29 14 av
949 1681 134 20 bostadsför-

187 1711 250 26 bättringsverksamhet
450 1711 27 20 80
485 1711 42 20 000
540 1711 32 20 kr.

215 1741 19 20 7.
251 1741 43 20 RD
306 1741 88 20 anvisar
405 1740 33 21 till
450 1741 223 26 egnahemsorganens
685 1740 245 26 byggnadsrådgivning
941 1740 27 20 50
976 1740 41 20 000
1029 1740 31 20 kr.

215 1800 19 20 8.
251 1800 43 20 RD
311 1800 88 20 anvisar
415 1800 33 20 till
465 1800 224 26 egnahemsorganens
706 1799 210 27 byggnadskontroll
935 1799 39 20 150
982 1799 42 20 000
1041 1799 39 23 kr.,

187 1829 33 21 till
238 1829 77 27 bidrag
333 1829 34 21 till
385 1829 245 20 lantbruksförbundets
649 1829 213 26 byggnadsförening
880 1825 41 35 100
922 1825 49 35 000
989 1829 40 23 kr.,
1049 1829 32 20 till

187 1859 146 26 ersättningar
347 1859 25 20 åt
386 1859 228 26 egnahemsombuden
629 1859 26 20 50
664 1859 41 20 000
719 1858 32 21 kr.
767 1859 26 25 (f)
808 1860 58 19 samt
879 1858 34 21 till
927 1858 155 27 förvaltnings-

187 1889 76 26 bidrag
276 1889 34 20 till
324 1888 296 27 egnahemslåneförmedlare
636 1888 39 20 100
683 1888 42 21 000
738 1888 32 21 kr.
785 1888 33 26 (f).

215 1918 19 21 9.
251 1918 43 21 RD
307 1918 88 21 anvisar
407 1918 33 20 till
453 1918 128 26 avsättning
593 1918 33 20 till
639 1918 80 20 fonden
733 1918 33 20 för
779 1918 117 26 premielån
910 1918 33 20 till
956 1918 126 26 egnahems-

187 1948 111 26 låntagare
311 1948 12 20 3
333 1948 41 20 000
382 1948 41 20 000
435 1948 32 20 kr.

217 1978 31 20 10.
265 1978 43 20 RD
319 1978 87 20 anvisar
416 1978 33 20 till
460 1978 76 26 bidrag
547 1978 32 20 till
590 1977 82 20 inlösen
683 1983 28 14 av
722 1977 57 20 vissa
791 1977 125 27 byggnader
926 1977 37 20 vid
975 1977 107 26 utökning

187 2014 28 14 av
228 2007 154 26 ofullständiga
395 2007 106 26 jordbruk
514 2007 40 21 500
563 2007 41 21 000
616 2007 32 20 kr.
662 2008 34 25 (r).

217 2038 31 19 11.
265 2037 43 20 RD
321 2037 118 26 medgiver,
453 2039 35 18 att
500 2037 34 20 för
546 2037 131 26 budgetåret
691 2037 90 26 1947/48
794 2037 36 20 må
844 2036 92 26 beviljas
948 2036 134 26 statsbidrag

187 2067 56 20 intill
252 2067 41 20 250
302 2067 41 20 000
352 2067 32 20 kr.
394 2067 34 20 för
437 2067 114 26 byggande
561 2073 28 14 av
599 2067 153 25 odlingsvägar
761 2068 57 18 samt
828 2066 88 20 anvisar
925 2066 32 20 till
968 2066 113 26 byggande

187 2103 28 14 av
228 2097 152 26 odlingsvägar
394 2097 37 19 100
432 2092 47 35 000
495 2097 31 20 kr.
540 2096 33 26 (f).

1236 159 91 15 Motioner
1375 154 89 29 Utskott
1508 154 52 36 Skriv.
1627 158 93 16 Protokoll

1101 179 26 19 År
1125 175 16 32 |
1149 183 54 20 Prop.
1534 175 31 39 ENA

1231 212 33 16 FK
1266 208 23 29 |
1294 212 34 16 AK
1351 212 84 16 ISmllAvd]
1459 212 26 16 Nr
1605 212 33 16 FK
1704 212 34 16 AK

1102 760 28 19 461
1158 760 37 19 2111
1243 771 27 2 —I
1307 759 123 19 —1]10|—]
1467 759 27 19 691
1519 759 40 20 3481
1584 759 33 19 24:
1628 760 24 17 56
1656 755 22 33 |
1684 759 34 20 25:
1730 761 22 18 71

1153 796 15 12 s.
1180 791 24 17 65
1449 796 14 11 s.
1472 790 24 17 26

1113 826 8 12 »
1140 814 8 34 |]
1158 819 37 20 2111
1242 830 28 2 —I
1307 818 123 20 —1101—1]
1468 818 26 20 691
1518 818 41 20 3481
1584 818 32 20 24:
1628 820 24 17 56
1657 814 22 34 |
1684 819 34 20 25:
1729 821 22 17 71

1148 856 15 11 s.
1176 850 36 18 107]
1449 856 14 10 s.
1472 850 24 17 28

1102 1010 27 19 461
1157 1009 40 20 389
1208 1004 26 34 |
1242 1021 28 2 —I
1307 1009 61 19 —I6
1403 1021 27 2 |—]
1454 1008 40 20 303
1497 1004 18 34 |
1519 1008 40 21 5631
1584 1008 33 20 42:
1628 1010 25 17 59
1656 1004 23 34 |
1684 1009 34 20 41:
1732 1012 36 17 103

1105 1040 20 19 HH

1101 1205 68 20 4711:
1181 1200 50 34 30]
1242 1216 27 2 —I|
1295 1204 38 20 1761
1357 1204 72 20 10|—
1533 1204 120 20 401.-8518-]
1731 1207 23 17 10

1150 1238 20 19 pt
1182 1237 21 16 11
1450 1241 14 11 s.
1468 1232 26 30 11

1113 1331 8 11 »
1153 1324 51 19 1:11]
1242 1335 27 2 —|I
1306 1322 124 20 —1101—
1484 1323 7 19 1
1547 1322 13 20 91]
1586 1322 67 20 11:66
1654 1318 26 33 |
1687 1323 32 20 11:
1730 1325 24 17 92

1146 1356 21 20 pt
1175 1351 37 30 127]
1450 1359 14 11 s.
1473 1354 24 17 79

1114 1449 7 12 »
1153 1442 51 20 11:11]
1242 1453 27 3 —|
1307 1441 124 20 —]101—
1485 1442 7 19 1
1548 1441 69 20 9111:
1622 1437 31 33 66
1659 1437 22 33 |
1687 1437 31 33 11:
1723 1437 31 33 92

1146 1475 21 20 pt
1175 1469 37 31 128|
1450 1478 15 11 s.
1473 1473 24 17 80

1143 1503 69 17 |—>—129

1113 1538 9 12 »
1130 1526 40 34 J1:
1179 1526 54 34 11]
1242 1543 27 2 —|I
1307 1530 123 20 —110/—
1484 1531 8 19 1
1547 1530 12 20 91
1586 1530 67 20 11:66
1656 1526 22 33 |
1687 1526 31 33 11:
1730 1533 23 17 92

1147 1565 20 19 pt
1175 1559 37 29 130]
1450 1567 14 12 s.
1472 1562 24 17 80

1113 1627 8 13 »
1153 1621 51 19 [1:11]
1242 1632 27 2 —I
1307 1619 123 20 —110/—
1484 1620 7 19 1
1547 1619 12 20 91]
1577 1615 40 34 11:
1628 1621 25 18 66
1687 1620 66 20 11:92

1146 1654 21 19 pt
1175 1648 35 29 131
1449 1657 14 11 s.
1471 1651 22 17 81

1113 1686 8 13 »
1153 1680 51 20 ]1:11l
1242 1691 28 3 —|I
1307 1679 122 20 —]101—
1483 1680 7 18 1
1546 1679 13 19 91
1585 1679 67 19 11:66
1654 1674 22 34 |
1686 1674 31 34 11:
1729 1681 24 17 92

1146 1713 21 19 pt
1175 1707 37 32 132]
1449 1716 14 11 s.
1471 1710 24 18 82

1113 1746 8 12 »
1153 1739 51 20 1:11]
1242 1751 27 2 —|
1307 1738 122 19 —]101]—
1484 1738 6 20 1
1546 1738 13 19 91
1586 1738 66 20 11:66
1656 1734 22 34 |
1686 1734 32 34 11:
1729 1740 25 18 92

1146 1772 21 20 pt
1175 1766 37 32 133]
1449 1775 14 11 s.
1471 1770 24 17 82

1113 1805 8 12 »
1129 1794 41 33 I1:
1177 1794 56 33 11]
1242 1810 27 2 —|
1306 1798 123 19 —1101]—
1484 1798 7 19 1
1547 1797 106 20 9111:66
1652 1793 26 33 |
1686 1793 32 33 11:
1729 1799 24 17 92

1146 1832 21 19 pt
1175 1818 37 37 134]
1449 1835 15 11 s.
1472 1830 24 16 82

1143 1860 68 17 —137|

1112 1923 8 13 »
1153 1917 51 20 I1:11]
1242 1928 27 2 —|
1307 1916 122 20 —1]10j—
1484 1916 7 19 1
1547 1916 106 19 9111:66
1659 1912 20 32 |
1686 1916 67 20 11:92

1146 1950 20 19 pt
1174 1944 37 30 138]
1449 1953 15 11 s.
1472 1948 24 17 82

1112 1983 8 12 »
1152 1977 52 19 J1:11]
1242 1988 27 2 —|
1306 1975 123 20 —1]10/—
1484 1976 7 19 1
1547 1975 13 20 91
1587 1975 65 20 11:66
1664 1971 13 34 |
1676 1971 41 34 11:
1729 1977 24 17 92

1146 2010 20 19 pt
1174 2008 36 17 139
1449 2012 15 12 s.
1472 2007 24 17 83

1112 2043 8 12 »
1152 2036 52 20 I1:11]
1241 2047 28 2 —|
1307 2035 123 19 —1]10/—
1485 2035 7 19 2
1547 2035 12 19 91
1586 2035 66 19 11:66
1656 2031 22 33 |
1686 2031 31 33 11:
1728 2036 25 17 92

1145 2069 21 19 pt
1174 2068 37 17 140
1450 2072 14 11 s.
1472 2067 24 16 83
