1845 2363
192 76 43 20 622

208 256 285 27 Kommunalförfattningar.

208 297 67 22 garna
287 298 51 14 avse
350 292 106 27 borgerlig
468 293 197 26 primärkommuns
677 293 136 26 kompetens,
826 292 141 21 kvalificerad
979 292 119 27 majoritet,

208 322 85 20 antalet
306 322 137 27 fullmäktige
457 323 39 19 och
510 323 260 26 medelsförvaltningen).

236 352 20 20 8.
273 352 42 20 RD
331 352 73 20 avslår
418 352 84 20 motion
518 358 49 21 ang.
583 352 166 27 tillämpningen
765 359 28 13 av
808 352 62 27 lagen
886 354 41 18 rör.
944 358 29 20 ny
988 352 111 26 indelning

208 388 28 14 av
248 382 56 20 riket
315 382 7 20 i
334 382 119 26 borgerliga
464 382 136 20 kommuner.

238 442 17 20 1.
272 442 42 20 RD
327 443 92 25 antager
430 442 35 26 lag
477 447 49 21 ang.
540 442 92 26 ändring
644 442 6 20 i
663 442 61 26 lagen
737 442 42 20 den
791 442 27 20 20
829 442 47 26 juni
890 442 52 20 1924
955 442 35 26 (nr
1001 441 50 26 349)
1064 447 35 14 om

208 472 112 26 landsting
332 472 72 26 (avser
415 472 117 26 ändringar
542 472 6 20 i
560 472 60 26 fråga
632 478 35 14 om
679 472 132 26 tidpunkten
824 472 33 20 för
867 472 90 26 lagtima
968 471 132 26 landstings-

208 503 60 18 möte
280 502 40 19 och
332 502 123 26 avgivande
467 508 28 14 av
506 502 80 26 förslag
597 502 33 20 till
642 502 79 20 sådant
732 503 66 22 möte,
811 503 72 19 rätten
895 503 35 18 att
941 501 158 20 sammankalla

208 532 81 20 urtima
309 531 182 27 landstingsmöte
512 532 40 20 och
573 532 228 26 landstingsmännens
821 533 46 19 rätt
887 532 33 19 till
940 532 159 19 traktaments-

208 561 138 27 ersättning).

236 592 19 19 2.
272 591 42 20 RD
334 591 72 20 avslår
424 591 84 20 motion
527 597 48 21 ang.
595 591 92 26 ändring
705 597 28 14 av
751 591 192 20 bestämmelserna
962 597 36 14 om
1016 591 36 20 val
1070 597 28 14 av

208 621 215 26 kyrkofullmäktige.

236 651 19 20 3.
272 651 43 20 RD
330 651 73 20 avslår
416 651 109 20 motioner
539 656 49 21 ang.
603 652 46 19 rätt
664 651 33 20 för
712 651 111 26 landsting
837 652 35 19 att
885 650 140 21 ekonomiskt
1040 650 59 20 med-

208 681 67 20 verka
289 681 33 20 till
336 681 198 26 primärkommuns
548 681 277 26 fosterhemsanskaffning.

235 711 20 20 4.
272 711 43 20 RD
335 711 73 20 avslår
427 711 84 20 motion
531 716 49 21 ang.
601 711 85 20 ändrad
706 711 162 26 handläggning
888 716 28 14 av
937 710 41 20 den
998 710 100 26 kyrkliga

208 741 145 20 kommunens
367 741 141 20 ekonomiska
523 741 187 26 angelägenheter.

236 771 19 20 5.
272 771 43 19 RD
330 772 91 24 antager
434 771 35 26 lag
483 776 48 21 ang.
547 771 83 19 ändrad
645 770 80 26 lydelse
740 776 28 14 av
782 770 26 20 79
823 771 9 25 $
846 771 13 19 2
873 776 66 14 mom.
953 769 63 27 lagen
1031 770 41 19 den
1086 769 12 20 6

207 800 48 27 juni
274 800 53 21 1930
345 800 35 26 (nr
396 800 50 26 251)
464 806 35 14 om
515 800 219 26 kommunalstyrelse
752 801 27 25 på
797 800 81 23 landet,
896 800 35 26 lag
948 805 48 20 ang.
1015 799 83 20 ändrad

208 830 81 26 lydelse
303 836 28 14 av
345 830 26 20 74
385 831 9 24 $
408 831 13 19 2
434 836 66 14 mom.
515 830 61 26 lagen
592 830 40 20 den
647 830 12 20 6
672 830 48 26 juni
735 830 53 20 1930
802 830 34 26 (nr
849 830 50 26 252)
913 836 35 13 om
962 829 137 20 kommunal-

208 860 91 26 styrelse
312 860 7 20 i
333 860 50 20 stad
396 861 58 19 samt
467 860 35 26 lag
515 865 49 21 ang.
578 860 84 20 ändrad
676 860 81 26 lydelse
770 866 28 14 av
812 860 27 20 63
852 860 9 25 $
875 860 12 19 2
901 865 65 14 mom.
981 859 62 26 lagen
1057 859 42 20 den

210 890 24 20 15
249 890 48 26 juni
313 890 53 20 1935
381 889 35 27 (nr
430 890 50 26 337)
496 896 35 14 om
545 890 220 26 kommunalstyrelse
780 890 7 19 i
803 889 125 21 Stockholm
944 889 107 26 (befrielse
1066 889 33 20 för

208 920 159 20 kommunerna
376 920 49 20 från
435 920 125 26 skyldighet
569 921 35 19 att
614 920 133 20 underställa
757 920 75 19 KM:ts
842 919 108 26 prövning
959 919 58 20 vissa
1027 918 72 20 beslut

208 956 36 14 om
259 950 141 26 ansvarighet
413 951 113 25 gentemot
541 950 134 19 statsverket
689 949 68 26 enligt
771 949 168 26 kungörelserna
954 949 42 20 den
1011 949 27 19 30
1051 948 48 26 juni

209 979 54 21 1948
279 979 35 26 (nr
330 979 49 26 546)
397 986 35 13 om
448 979 154 26 egnahemslån
619 980 40 19 och
675 979 181 26 förbättringslån
872 980 58 19 samt
947 979 34 26 (nr
997 978 50 26 587)
1064 984 35 14 om

208 1009 114 21 tertiärlån
335 1009 40 20 och
387 1009 123 26 tilläggslån
522 1009 34 20 för
568 1009 180 26 flerfamiljshus).

236 1040 19 19 6.
272 1040 43 18 RD
326 1039 98 19 anhåller
435 1045 35 13 om
481 1039 117 25 utredning
608 1045 28 13 av
648 1039 75 25 frågan
736 1045 34 13 om
782 1038 93 20 revision
886 1044 28 14 av
926 1039 25 19 de
963 1038 6 20 i
982 1038 24 20 15
1017 1039 10 23 $
1038 1038 61 25 lagen

208 1075 36 13 om
259 1068 221 26 kommunalstyrelse
496 1068 7 20 i
519 1068 49 20 stad
585 1068 128 20 meddelade
730 1068 192 20 bestämmelserna
940 1073 35 14 om
991 1067 61 20 stads
1068 1067 32 19 in-

209 1098 87 26 delning
309 1098 6 20 i
328 1098 128 20 valkretsar.

236 1128 19 20 7.
272 1128 43 19 RD
330 1129 92 25 antager
435 1128 34 19 för
483 1127 33 20 sin
532 1128 33 19 del
580 1127 35 26 lag
629 1128 50 19 med
694 1127 58 20 vissa
767 1127 164 20 bestämmelser
945 1126 7 20 i
966 1126 107 20 avseende
1088 1126 12 20 å

208 1157 350 26 kommunindelningsreformens
570 1157 177 20 ikraftträdande
759 1158 58 18 samt
829 1157 35 25 lag
876 1163 35 13 om
924 1156 84 20 ändrad
1020 1155 81 27 lydelse

208 1193 28 14 av
247 1187 13 20 5
271 1188 9 24 $
291 1187 63 26 lagen
365 1187 42 20 den
418 1187 24 20 21
454 1187 48 26 juni
514 1187 53 20 1946
578 1187 35 26 (nr
624 1187 49 25 315)
684 1188 41 18 rör.
738 1192 29 20 ny
779 1186 111 26 indelning
900 1192 28 14 av
939 1186 56 19 riket
995 1182 10 35 i
1017 1186 85 25 borger-

215 1217 34 26 iga
264 1217 136 20 kommuner.

206 1245 8 21 1

237 1276 18 20 1.
272 1276 42 20 RD
328 1277 91 25 antager
431 1276 35 26 lag
478 1281 49 21 ang.
541 1276 84 20 ändrad
637 1275 81 27 lydelse
731 1281 28 14 av
772 1275 12 20 8
797 1276 9 25 $
819 1276 13 19 2
844 1281 66 14 mom.
925 1275 39 20 och
977 1275 26 20 47
1017 1275 9 25 $
1039 1274 63 26 lagen

209 1306 41 20 den
262 1305 27 21 20
299 1306 48 25 juni
360 1306 53 19 1924
425 1306 35 26 (nr
470 1305 50 27 349)
532 1312 35 13 om
579 1305 117 26 landsting.

236 1336 20 20 2.
273 1335 42 20 RD
328 1335 73 20 avslår
412 1336 84 19 motion
509 1341 35 14 om
557 1335 44 20 viss
613 1335 93 26 ändring
718 1341 28 14 av
760 1335 25 19 10
798 1335 9 25 $
819 1334 62 26 lagen
896 1340 35 14 om
944 1333 139 27 skolstyrelse
1095 1333 6 20 i

208 1365 58 20 vissa
284 1365 131 20 kommuner
433 1365 155 26 (borttagande
607 1371 28 14 av
654 1364 167 21 bestämmelsen
840 1365 35 19 att
893 1364 153 26 kyrkoherden
1065 1363 36 20 må

208 1395 75 20 kunna
296 1397 59 18 utses
367 1395 33 20 till
413 1395 130 20 ordförande
555 1395 7 19 i
574 1395 112 26 styrelsen,
699 1394 58 20 ändå
769 1396 34 18 att
815 1394 43 20 han
870 1394 47 20 icke
929 1396 24 18 är
964 1393 98 21 ledamot
1073 1399 28 14 av

210 1425 143 26 densamma).

237 1455 20 20 3.
274 1455 42 19 RD
339 1454 73 20 avslår
433 1454 109 20 motioner
563 1459 49 21 ang.
636 1454 78 20 besvär
736 1456 52 18 över
810 1453 141 20 kommunala
974 1452 127 27 tjänstetill-

209 1484 130 26 sättningar.

237 1514 20 20 4.
274 1514 42 20 RD
328 1515 91 25 antager
428 1514 36 26 lag
475 1520 35 14 om
521 1514 84 20 ändrad
615 1513 81 27 lydelse
707 1519 28 14 av
746 1513 26 20 79
783 1514 9 24 $
805 1513 8 20 1
826 1519 67 14 mom.
904 1512 63 27 lagen
978 1513 41 20 den
1030 1512 13 20 6
1053 1512 47 26 juni

211 1544 54 20 1930
276 1544 35 26 (nr
321 1544 50 25 251)
383 1550 35 13 om
429 1543 219 26 kommunalstyrelse
660 1544 27 25 på
699 1543 81 23 landet,
793 1543 35 26 lag
839 1549 35 13 om
885 1542 84 21 ändrad
980 1542 81 26 lydelse
1072 1548 28 14 av

210 1574 26 20 74
247 1574 9 25 $
269 1574 9 19 1
291 1579 66 14 mom.
369 1573 63 26 lagen
443 1573 42 20 den
496 1573 12 20 6
518 1573 48 26 juni
578 1573 54 20 1930
643 1573 34 26 (nr
688 1573 49 26 252)
749 1579 35 13 om
795 1572 219 26 kommunalstyrelse
1025 1572 7 20 i
1043 1572 56 19 stad.

210 1603 35 26 lag
255 1609 34 14 om
300 1603 84 20 ändrad
394 1603 81 26 lydelse
485 1609 28 14 av
523 1603 26 20 63
559 1603 10 25 $
580 1603 9 19 1
601 1609 66 14 mom.
678 1602 62 26 lagen
751 1602 41 20 den
804 1602 25 20 15
838 1602 48 25 juni
898 1602 52 20 1935
961 1602 34 25 (nr
1004 1601 50 26 337)
1065 1607 35 14 om

210 1633 221 26 kommunalstyrelse
448 1633 6 19 i
473 1633 126 20 Stockholm
618 1634 58 18 samt
693 1632 35 26 lag
746 1638 35 14 om
799 1632 84 20 ändrad
901 1631 82 27 lydelse
1000 1637 28 14 av
1048 1631 22 20 11
1090 1631 10 25 $

210 1663 62 25 lagen
289 1663 41 19 den
346 1662 12 20 6
375 1662 44 20 dec.
438 1662 52 20 1946
506 1662 35 26 (nr
556 1662 49 26 727)
622 1668 35 14 om
672 1662 128 20 kommunal
816 1661 153 26 fondbildning
984 1661 116 26 (avseende

210 1692 132 26 befogenhet
353 1692 33 20 för
398 1692 63 20 KM:t
473 1693 35 19 att
519 1692 33 20 till
564 1692 153 20 underordnad
729 1691 129 26 myndighet
870 1691 99 20 överföra
981 1692 73 19 rätten
1066 1692 35 18 att

211 1722 109 20 fastställa
333 1722 70 23 sluss-,
417 1722 75 19 kanal-
505 1722 39 19 och
558 1722 68 20 andra
639 1721 191 26 farledsavgifter).

239 1752 19 20 5.
275 1752 123 19 Kamrarna
411 1751 60 20 avslå
483 1751 108 20 motioner
602 1756 49 21 ang.
664 1751 108 26 prövning
783 1757 28 14 av
823 1751 76 26 frågan
911 1756 36 14 om
958 1749 142 21 kommunala

211 1781 230 26 investeringsliggare.

239 1811 20 20 6.
274 1811 42 20 AK
327 1811 71 20 avslår
407 1811 83 20 motion
501 1816 35 14 om
546 1810 116 27 utredning
672 1811 40 19 och
722 1810 80 26 förslag
810 1815 49 21 ang.
870 1811 46 19 rätt
925 1809 33 21 för
967 1809 134 21 förtroende-

211 1842 52 19 män
276 1841 7 20 i
297 1847 27 14 en
338 1841 105 20 kommun
457 1842 35 19 att
505 1841 50 19 med
569 1840 134 20 kommunen
717 1840 66 20 träffa
798 1840 61 20 avtal
873 1846 35 13 om
923 1839 122 20 leveranser
1058 1840 41 19 etc.

239 1871 19 20 7.
275 1871 43 20 RD
332 1872 90 24 antager
434 1870 35 26 lag
482 1875 49 21 ang.
545 1870 92 26 ändring
650 1870 7 20 i
669 1870 63 26 lagen
746 1870 41 20 den
801 1870 12 19 6
826 1869 47 26 juni
888 1869 53 20 1930
954 1869 35 26 (nr
1001 1868 50 27 251)
1065 1874 35 14 om

211 1900 219 26 kommunalstyrelse
445 1900 27 26 på
487 1900 81 23 landet,
584 1900 35 26 lag
633 1905 49 21 ang.
697 1899 92 26 ändring
804 1899 6 20 i
824 1899 62 26 lagen
902 1899 41 20 den
958 1899 12 20 6
984 1898 48 27 juni
1048 1898 53 20 1930

211 1930 35 26 (nr
256 1930 50 26 252)
317 1930 35 20 orh
363 1930 219 26 kommunalstyrelse
593 1930 7 19 i
610 1930 57 23 stad,
679 1929 34 26 lag
724 1934 49 21 ang.
785 1929 92 26 ändring
887 1929 7 19 i
904 1929 62 26 lagen
978 1929 41 19 den
1030 1928 13 20 6
1053 1928 47 26 juni

212 1960 54 20 1930
280 1960 35 26 (nr
329 1960 50 26 259)
394 1966 35 14 om
444 1959 235 26 församlingsstyrelse,
695 1959 34 26 lag
743 1964 49 21 ang.
808 1959 92 25 ändring
914 1959 7 19 i
936 1959 62 25 lagen
1014 1958 25 20 15
1053 1958 47 26 juni

212 1990 53 20 1935
276 1990 35 26 (nr
321 1990 49 25 337)
382 1996 35 13 om
427 1989 220 26 kommunalstyrelse
657 1989 7 20 i
675 1989 133 23 Stockholm,
820 1989 35 26 lag
865 1994 49 20 ang.
925 1988 84 20 ändrad
1020 1987 80 27 lydelse

210 2025 28 14 av
251 2020 26 19 23
291 2020 39 19 och
344 2019 27 20 70
383 2020 20 25 $$
416 2019 62 26 lagen
491 2020 41 19 den
545 2019 12 20 6
569 2019 48 26 juni
631 2019 53 20 1930
697 2019 34 24 (nr
743 2018 49 26 260)
806 2025 34 13 om
853 2017 229 27 församlingsstyrelse
1094 2017 6 20 i

211 2049 134 22 Stockholm,
354 2049 35 26 lag
397 2055 49 20 ang.
456 2049 92 25 ändring
556 2049 6 20 i
571 2049 61 26 lagen
642 2049 41 20 den
692 2049 27 19 20
726 2048 48 26 juni
784 2048 52 20 1924
846 2048 34 26 (nr
888 2048 49 26 349)
947 2054 35 13 om
990 2047 111 26 landsting

210 2080 58 19 samt
279 2079 35 26 lag
326 2084 48 21 ang.
388 2079 84 20 ändrad
484 2079 80 26 lydelse
576 2084 29 14 av
617 2078 12 20 6
641 2079 10 25 $
663 2078 62 26 lagen
738 2078 41 20 den
791 2078 27 20 30
829 2078 48 25 juni
891 2077 52 20 1943
956 2077 35 25 (nr
1001 2077 51 26 436)
1065 2083 35 14 om

210 2109 149 26 vägnämnder
370 2109 40 19 och
420 2108 204 26 länsvägnämnder;
637 2108 38 20 och
687 2109 91 25 antager
789 2108 42 19 RD
842 2107 34 21 för
885 2107 33 20 sin
929 2107 34 20 del
974 2106 127 27 förordning

1168 192 54 20 END:
1254 163 91 30 Motioner
1393 163 90 30 Utskott
1527 163 57 60 Skriv,
1635 164 105 30 Protokoll

1249 221 33 16 FK
1281 217 26 29 |
1312 221 35 16 AK
1369 221 85 16 |SmllAvd|
1477 221 27 16 Nr
1623 221 33 16 FK
1722 222 35 16 AK

1118 352 29 20 48]
1188 364 28 2 —
1246 352 40 20 12171
1321 363 28 3 —I
1387 352 12 20 51
1434 352 13 20 2|
1485 352 27 20 291
1550 364 28 2 —]
1602 352 68 20 24:23
1675 348 22 34 |
1702 352 33 20 24:
1747 354 24 17 28

1120 441 27 20 491
1190 442 24 19 171
1259 453 27 2 —I
1324 453 27 2 —I
1386 441 12 20 51
1434 441 13 20 2
1499 441 78 20 21-601
1615 441 55 20 8::34-1)
1716 441 54 20 8:17

1130 597 8 13 »
1154 585 14 35 Il
1188 602 28 3 —I
1259 602 28 2 —I
1326 589 25 21 181]
1386 590 13 20 5)
1434 590 13 20 21
1499 590 13 19 41
1550 602 27 2 —LJ
1615 590 55 20 9:121
1716 590 19 20 9:
1746 590 40 20 43d

1130 656 9 14 »]
1188 662 28 2 —
1273 649 13 20 9
1338 649 13 20 71
1386 649 13 20 51
1434 649 13 20 21
1487 649 25 20 14]
1550 649 120 21 —112:73
1674 645 22 34 |
1704 649 31 20 12:
1748 651 38 18 120

1130 716 8 13 »
1149 705 22 34 I
1188 721 28 3 —I
1259 721 28 2 —I|
1324 709 27 20 541
1386 709 13 20 51
1434 709 13 20 21
1487 709 25 20 151
1550 709 84 20 —J12:
1646 709 140 20 74d|12:120d]

1130 775 8 14 »
1152 764 14 35 IT
1176 769 39 20 110]
1259 780 27 3 —I
1324 780 27 3 —1
1386 768 12 20 51
1434 768 13 20 21
1487 768 25 20 16
1566 768 104 20 1113:14
1676 764 18 34 |
1703 768 31 20 13:
1748 770 38 18 108

1130 1043 9 13 »
1147 1032 22 34 |
1189 1049 27 3 —]
1260 1036 92 21 521-53]
1394 1036 13 20 5|
1434 1036 13 20 21
1487 1036 198 20 191207115:18d]
1704 1036 31 20 15:
1747 1036 40 20 92d]

1131 1132 9 13 »
1148 1120 22 34 [
1178 1125 36 20 191
1247 1125 40 20 12991
1312 1125 40 20 3821]
1387 1124 12 21 51
1435 1125 12 19 21
1486 1124 184 21 251234118:18
1704 1124 31 20 118:
1747 1126 25 18 79

1123 1274 27 20 501]
1191 1273 27 21 361
1261 1285 28 2 —!
1326 1285 28 2 —IJ
1388 1273 12 20 51
1435 1273 13 19 2
1502 1272 269 21 Ut810T288-157::29

1132 1340 9 13 »
1149 1328 26 34 I
1191 1345 27 3 —]
1261 1332 92 20 —|3421
1388 1332 12 20 51
1436 1332 12 20 2
1500 1332 13 20 31]
1551 1344 27 2 —I
1616 1332 55 20 7:36
1678 1327 22 34 |
1717 1332 19 19 7:
1747 1331 39 20 25d

1131 1459 9 13 »
1146 1447 27 35 I
1189 1464 28 2 —1
1261 1451 91 21 211-23)
1387 1451 61 20 5]-2
1500 1451 12 20 41
1551 1463 27 2 —I
1616 1450 56 21 8:7d
1677 1446 23 35 |
1716 1450 20 21 8:
1747 1450 26 20 8d

1247 1481 40 21 285
1285 1477 22 34 |
1312 1481 38 20 341

1131 1518 8 14 »
1151 1506 18 35 |
1190 1511 26 21 691
1260 1523 28 3 —I
1325 1523 28 2 —]
1387 1510 13 20 51
1435 1511 13 20 2
1500 1510 12 20 61
1551 1510 105 20 78110:7
1704 1509 67 21 1|10:14

1130 1755 9 14 »
1147 1743 28 35 |
1189 1748 259 20 —134414121121—]
1487 1748 25 20 151
1550 1747 85 21 —J]12:
1646 1747 39 20 87d

1375 1778 73 19 13/—]
1486 1778 26 19 251
1550 1789 27 3 —
1629 1789 28 3 —
1674 1773 22 33 |
1704 1777 31 20 12:
1748 1779 38 17 190]

1131 1815 8 13 »
1148 1802 23 35 |
1189 1820 27 3 —I
1260 1807 188 20 —l414l131—]
1485 1807 27 21 261
1550 1819 28 2 —I
1629 1819 28 2 —
1704 1806 31 21 |14:
1747 1806 39 20 72dj

1131 1874 8 14 »
1148 1862 23 35 |
1189 1868 27 20 88
1246 1867 106 21 138814791
1388 1867 11 19 5/1
1435 1867 13 20 21
1487 1866 298 21 131335116:21d/16:116d

1311 1897 41 20 480
1487 1896 25 20 19
1602 1896 33 20 20:
1645 1898 24 18 31
1674 1892 22 34 |
1702 1896 33 20 20:
1746 1897 24 18 46
