<?xml version="1.0" encoding="UTF-8"?>
<alto xmlns="http://www.loc.gov/standards/alto/ns-v3#" xmlns:xlink="http://www.w3.org/1999/xlink" xmlns:xsi="http://www.w3.org/2001/XMLSchema-instance" xsi:schemaLocation="http://www.loc.gov/standards/alto/ns-v3# http://www.loc.gov/alto/v3/alto-3-0.xsd">
	<Description>
		<MeasurementUnit>pixel</MeasurementUnit>
		<sourceImageInformation>
			<fileName></fileName>
		</sourceImageInformation>
		<OCRProcessing ID="OCR_0">
			<ocrProcessingStep>
				<processingSoftware>
					<softwareName>tesseract 4.1.1</softwareName>
				</processingSoftware>
			</ocrProcessingStep>
		</OCRProcessing>
	</Description>
	<Layout>
		<Page WIDTH="1869" HEIGHT="2367" PHYSICAL_IMG_NR="0" ID="page_0">
			<PrintSpace HPOS="0" VPOS="0" WIDTH="1869" HEIGHT="2367">
				<ComposedBlock ID="cblock_0" HPOS="169" VPOS="144" WIDTH="1600" HEIGHT="7">
					<TextBlock ID="block_0" HPOS="169" VPOS="144" WIDTH="1600" HEIGHT="7">
						<TextLine ID="line_0" HPOS="169" VPOS="144" WIDTH="1600" HEIGHT="7">
							<String ID="string_0" HPOS="169" VPOS="144" WIDTH="1600" HEIGHT="7" WC="0.95" CONTENT=" "/>
						</TextLine>
					</TextBlock>
				</ComposedBlock>
				<ComposedBlock ID="cblock_1" HPOS="186" VPOS="291" WIDTH="645" HEIGHT="29">
					<TextBlock ID="block_1" HPOS="186" VPOS="291" WIDTH="645" HEIGHT="29">
						<TextLine ID="line_1" HPOS="186" VPOS="291" WIDTH="645" HEIGHT="29">
							<String ID="string_1" HPOS="186" VPOS="291" WIDTH="181" HEIGHT="24" WC="0.96" CONTENT="FÖRMEDLING"/><SP WIDTH="9" VPOS="291" HPOS="367"/>
							<String ID="string_2" HPOS="376" VPOS="295" WIDTH="35" HEIGHT="20" WC="0.93" CONTENT="AV"/><SP WIDTH="8" VPOS="295" HPOS="411"/>
							<String ID="string_3" HPOS="419" VPOS="291" WIDTH="218" HEIGHT="29" WC="0.90" CONTENT="HEMBITRÄDEN:"/><SP WIDTH="9" VPOS="291" HPOS="637"/>
							<String ID="string_4" HPOS="646" VPOS="302" WIDTH="21" HEIGHT="13" WC="0.93" CONTENT="se"/><SP WIDTH="9" VPOS="302" HPOS="667"/>
							<String ID="string_5" HPOS="676" VPOS="295" WIDTH="155" HEIGHT="21" WC="0.40" CONTENT="Hembilräden."/>
						</TextLine>
					</TextBlock>
				</ComposedBlock>
				<ComposedBlock ID="cblock_2" HPOS="185" VPOS="333" WIDTH="891" HEIGHT="376">
					<TextBlock ID="block_2" HPOS="187" VPOS="333" WIDTH="889" HEIGHT="30">
						<TextLine ID="line_2" HPOS="187" VPOS="333" WIDTH="889" HEIGHT="30">
							<String ID="string_6" HPOS="187" VPOS="333" WIDTH="179" HEIGHT="24" WC="0.91" CONTENT="FÖRMINSKAT"/><SP WIDTH="15" VPOS="333" HPOS="366"/>
							<String ID="string_7" HPOS="381" VPOS="333" WIDTH="226" HEIGHT="24" WC="0.91" CONTENT="TILLRÄKNELIGA"/><SP WIDTH="18" VPOS="333" HPOS="607"/>
							<String ID="string_8" HPOS="625" VPOS="333" WIDTH="195" HEIGHT="26" WC="0.32" CONTENT="FÖRBRYTARE:;"/><SP WIDTH="18" VPOS="333" HPOS="820"/>
							<String ID="string_9" HPOS="838" VPOS="344" WIDTH="21" HEIGHT="13" WC="0.96" CONTENT="se"/><SP WIDTH="22" VPOS="344" HPOS="859"/>
							<String ID="string_10" HPOS="881" VPOS="337" WIDTH="107" HEIGHT="26" WC="0.82" CONTENT="Villkorlig"/><SP WIDTH="16" VPOS="337" HPOS="988"/>
							<String ID="string_11" HPOS="1004" VPOS="337" WIDTH="72" HEIGHT="26" WC="0.92" CONTENT="frigiv-"/>
						</TextLine>
					</TextBlock>
					<TextBlock ID="block_3" HPOS="213" VPOS="367" WIDTH="146" HEIGHT="26">
						<TextLine ID="line_3" HPOS="213" VPOS="367" WIDTH="146" HEIGHT="26">
							<String ID="string_12" HPOS="213" VPOS="367" WIDTH="51" HEIGHT="26" WC="0.96" CONTENT="ning"/><SP WIDTH="16" VPOS="367" HPOS="264"/>
							<String ID="string_13" HPOS="280" VPOS="367" WIDTH="79" HEIGHT="26" WC="0.96" CONTENT="(1943)."/>
						</TextLine>
					</TextBlock>
					<TextBlock ID="block_4" HPOS="186" VPOS="404" WIDTH="254" HEIGHT="25">
						<TextLine ID="line_4" HPOS="186" VPOS="404" WIDTH="254" HEIGHT="25">
							<String ID="string_14" HPOS="186" VPOS="404" WIDTH="254" HEIGHT="25" WC="0.92" CONTENT="FÖRMYNDERSKAP."/>
						</TextLine>
					</TextBlock>
					<TextBlock ID="block_5" HPOS="185" VPOS="444" WIDTH="891" HEIGHT="86">
						<TextLine ID="line_5" HPOS="215" VPOS="444" WIDTH="860" HEIGHT="26">
							<String ID="string_15" HPOS="215" VPOS="445" WIDTH="17" HEIGHT="19" WC="0.92" CONTENT="1."/><SP WIDTH="18" VPOS="445" HPOS="232"/>
							<String ID="string_16" HPOS="250" VPOS="444" WIDTH="41" HEIGHT="20" WC="0.91" CONTENT="RD"/><SP WIDTH="11" VPOS="444" HPOS="291"/>
							<String ID="string_17" HPOS="302" VPOS="446" WIDTH="91" HEIGHT="24" WC="0.96" CONTENT="antager"/><SP WIDTH="10" VPOS="446" HPOS="393"/>
							<String ID="string_18" HPOS="403" VPOS="444" WIDTH="80" HEIGHT="26" WC="0.96" CONTENT="förslag"/><SP WIDTH="10" VPOS="444" HPOS="483"/>
							<String ID="string_19" HPOS="493" VPOS="444" WIDTH="33" HEIGHT="20" WC="0.96" CONTENT="till"/><SP WIDTH="11" VPOS="444" HPOS="526"/>
							<String ID="string_20" HPOS="537" VPOS="444" WIDTH="34" HEIGHT="26" WC="0.96" CONTENT="lag"/><SP WIDTH="11" VPOS="444" HPOS="571"/>
							<String ID="string_21" HPOS="582" VPOS="450" WIDTH="35" HEIGHT="14" WC="0.96" CONTENT="om"/><SP WIDTH="11" VPOS="450" HPOS="617"/>
							<String ID="string_22" HPOS="628" VPOS="444" WIDTH="90" HEIGHT="20" WC="0.96" CONTENT="fortsatt"/><SP WIDTH="10" VPOS="444" HPOS="718"/>
							<String ID="string_23" HPOS="728" VPOS="444" WIDTH="100" HEIGHT="26" WC="0.96" CONTENT="giltighet"/><SP WIDTH="10" VPOS="444" HPOS="828"/>
							<String ID="string_24" HPOS="838" VPOS="450" WIDTH="28" HEIGHT="14" WC="0.96" CONTENT="av"/><SP WIDTH="11" VPOS="450" HPOS="866"/>
							<String ID="string_25" HPOS="877" VPOS="445" WIDTH="61" HEIGHT="25" WC="0.96" CONTENT="lagen"/><SP WIDTH="12" VPOS="445" HPOS="938"/>
							<String ID="string_26" HPOS="950" VPOS="445" WIDTH="41" HEIGHT="19" WC="0.95" CONTENT="den"/><SP WIDTH="13" VPOS="445" HPOS="991"/>
							<String ID="string_27" HPOS="1004" VPOS="445" WIDTH="7" HEIGHT="19" WC="0.94" CONTENT="1"/><SP WIDTH="15" VPOS="445" HPOS="1011"/>
							<String ID="string_28" HPOS="1026" VPOS="450" WIDTH="49" HEIGHT="14" WC="0.94" CONTENT="nov."/>
						</TextLine>
						<TextLine ID="line_6" HPOS="187" VPOS="474" WIDTH="889" HEIGHT="26">
							<String ID="string_29" HPOS="187" VPOS="474" WIDTH="52" HEIGHT="20" WC="0.96" CONTENT="1940"/><SP WIDTH="12" VPOS="474" HPOS="239"/>
							<String ID="string_30" HPOS="251" VPOS="474" WIDTH="34" HEIGHT="26" WC="0.96" CONTENT="(nr"/><SP WIDTH="11" VPOS="474" HPOS="285"/>
							<String ID="string_31" HPOS="296" VPOS="474" WIDTH="50" HEIGHT="26" WC="0.96" CONTENT="925)"/><SP WIDTH="11" VPOS="474" HPOS="346"/>
							<String ID="string_32" HPOS="357" VPOS="474" WIDTH="50" HEIGHT="20" WC="0.96" CONTENT="med"/><SP WIDTH="12" VPOS="474" HPOS="407"/>
							<String ID="string_33" HPOS="419" VPOS="474" WIDTH="105" HEIGHT="20" WC="0.96" CONTENT="särskilda"/><SP WIDTH="13" VPOS="474" HPOS="524"/>
							<String ID="string_34" HPOS="537" VPOS="474" WIDTH="163" HEIGHT="20" WC="0.96" CONTENT="bestämmelser"/><SP WIDTH="10" VPOS="474" HPOS="700"/>
							<String ID="string_35" HPOS="710" VPOS="480" WIDTH="49" HEIGHT="20" WC="0.93" CONTENT="ang."/><SP WIDTH="13" VPOS="480" HPOS="759"/>
							<String ID="string_36" HPOS="772" VPOS="475" WIDTH="188" HEIGHT="25" WC="0.91" CONTENT="förmynderskap,"/><SP WIDTH="12" VPOS="475" HPOS="960"/>
							<String ID="string_37" HPOS="972" VPOS="475" WIDTH="104" HEIGHT="25" WC="0.92" CONTENT="godman-"/>
						</TextLine>
						<TextLine ID="line_7" HPOS="185" VPOS="504" WIDTH="628" HEIGHT="26">
							<String ID="string_38" HPOS="185" VPOS="504" WIDTH="54" HEIGHT="26" WC="0.96" CONTENT="skap"/><SP WIDTH="12" VPOS="504" HPOS="239"/>
							<String ID="string_39" HPOS="251" VPOS="504" WIDTH="40" HEIGHT="20" WC="0.93" CONTENT="och"/><SP WIDTH="12" VPOS="504" HPOS="291"/>
							<String ID="string_40" HPOS="303" VPOS="504" WIDTH="146" HEIGHT="26" WC="0.92" CONTENT="boutredning"/><SP WIDTH="12" VPOS="504" HPOS="449"/>
							<String ID="string_41" HPOS="461" VPOS="504" WIDTH="36" HEIGHT="20" WC="0.96" CONTENT="vid"/><SP WIDTH="13" VPOS="504" HPOS="497"/>
							<String ID="string_42" HPOS="510" VPOS="504" WIDTH="47" HEIGHT="26" WC="0.96" CONTENT="krig"/><SP WIDTH="11" VPOS="504" HPOS="557"/>
							<String ID="string_43" HPOS="568" VPOS="504" WIDTH="50" HEIGHT="20" WC="0.92" CONTENT="eller"/><SP WIDTH="11" VPOS="504" HPOS="618"/>
							<String ID="string_44" HPOS="629" VPOS="504" WIDTH="105" HEIGHT="26" WC="0.92" CONTENT="krigsfara"/><SP WIDTH="13" VPOS="504" HPOS="734"/>
							<String ID="string_45" HPOS="747" VPOS="510" WIDTH="28" HEIGHT="14" WC="0.92" CONTENT="m."/><SP WIDTH="10" VPOS="510" HPOS="775"/>
							<String ID="string_46" HPOS="785" VPOS="510" WIDTH="28" HEIGHT="14" WC="0.89" CONTENT="m."/>
						</TextLine>
					</TextBlock>
					<TextBlock ID="block_6" HPOS="185" VPOS="533" WIDTH="891" HEIGHT="176">
						<TextLine ID="line_8" HPOS="212" VPOS="533" WIDTH="864" HEIGHT="27">
							<String ID="string_47" HPOS="212" VPOS="534" WIDTH="20" HEIGHT="20" WC="0.93" CONTENT="2."/><SP WIDTH="17" VPOS="534" HPOS="232"/>
							<String ID="string_48" HPOS="249" VPOS="534" WIDTH="42" HEIGHT="19" WC="0.91" CONTENT="RD"/><SP WIDTH="13" VPOS="534" HPOS="291"/>
							<String ID="string_49" HPOS="304" VPOS="535" WIDTH="90" HEIGHT="25" WC="0.96" CONTENT="antager"/><SP WIDTH="12" VPOS="535" HPOS="394"/>
							<String ID="string_50" HPOS="406" VPOS="534" WIDTH="80" HEIGHT="26" WC="0.96" CONTENT="förslag"/><SP WIDTH="11" VPOS="534" HPOS="486"/>
							<String ID="string_51" HPOS="497" VPOS="533" WIDTH="33" HEIGHT="20" WC="0.96" CONTENT="till"/><SP WIDTH="12" VPOS="533" HPOS="530"/>
							<String ID="string_52" HPOS="542" VPOS="534" WIDTH="35" HEIGHT="26" WC="0.96" CONTENT="lag"/><SP WIDTH="12" VPOS="534" HPOS="577"/>
							<String ID="string_53" HPOS="589" VPOS="540" WIDTH="35" HEIGHT="14" WC="0.96" CONTENT="om"/><SP WIDTH="12" VPOS="540" HPOS="624"/>
							<String ID="string_54" HPOS="636" VPOS="534" WIDTH="83" HEIGHT="20" WC="0.96" CONTENT="ändrad"/><SP WIDTH="13" VPOS="534" HPOS="719"/>
							<String ID="string_55" HPOS="732" VPOS="534" WIDTH="80" HEIGHT="26" WC="0.96" CONTENT="lydelse"/><SP WIDTH="13" VPOS="534" HPOS="812"/>
							<String ID="string_56" HPOS="825" VPOS="540" WIDTH="27" HEIGHT="14" WC="0.96" CONTENT="av"/><SP WIDTH="15" VPOS="540" HPOS="852"/>
							<String ID="string_57" HPOS="867" VPOS="534" WIDTH="43" HEIGHT="25" WC="0.68" CONTENT="13"/><SP WIDTH="-16" VPOS="534" HPOS="910"/>
							<String ID="string_58" HPOS="894" VPOS="529" WIDTH="10" HEIGHT="36" WC="0.68" CONTENT="$"/><SP WIDTH="18" VPOS="529" HPOS="904"/>
							<String ID="string_59" HPOS="922" VPOS="534" WIDTH="62" HEIGHT="26" WC="0.96" CONTENT="lagen"/><SP WIDTH="12" VPOS="534" HPOS="984"/>
							<String ID="string_60" HPOS="996" VPOS="534" WIDTH="41" HEIGHT="20" WC="0.96" CONTENT="den"/><SP WIDTH="13" VPOS="534" HPOS="1037"/>
							<String ID="string_61" HPOS="1050" VPOS="534" WIDTH="26" HEIGHT="20" WC="0.96" CONTENT="27"/>
						</TextLine>
						<TextLine ID="line_9" HPOS="185" VPOS="563" WIDTH="891" HEIGHT="27">
							<String ID="string_62" HPOS="185" VPOS="563" WIDTH="49" HEIGHT="26" WC="0.96" CONTENT="juni"/><SP WIDTH="14" VPOS="563" HPOS="234"/>
							<String ID="string_63" HPOS="248" VPOS="563" WIDTH="52" HEIGHT="21" WC="0.95" CONTENT="1924"/><SP WIDTH="13" VPOS="563" HPOS="300"/>
							<String ID="string_64" HPOS="313" VPOS="564" WIDTH="34" HEIGHT="25" WC="0.95" CONTENT="(nr"/><SP WIDTH="11" VPOS="564" HPOS="347"/>
							<String ID="string_65" HPOS="358" VPOS="563" WIDTH="50" HEIGHT="26" WC="0.96" CONTENT="321)"/><SP WIDTH="12" VPOS="563" HPOS="408"/>
							<String ID="string_66" HPOS="420" VPOS="569" WIDTH="48" HEIGHT="20" WC="0.96" CONTENT="ang."/><SP WIDTH="14" VPOS="569" HPOS="468"/>
							<String ID="string_67" HPOS="482" VPOS="564" WIDTH="112" HEIGHT="20" WC="0.96" CONTENT="införande"/><SP WIDTH="12" VPOS="564" HPOS="594"/>
							<String ID="string_68" HPOS="606" VPOS="570" WIDTH="28" HEIGHT="14" WC="0.97" CONTENT="av"/><SP WIDTH="12" VPOS="570" HPOS="634"/>
							<String ID="string_69" HPOS="646" VPOS="563" WIDTH="62" HEIGHT="27" WC="0.96" CONTENT="lagen"/><SP WIDTH="13" VPOS="563" HPOS="708"/>
							<String ID="string_70" HPOS="721" VPOS="570" WIDTH="34" HEIGHT="13" WC="0.93" CONTENT="om"/><SP WIDTH="13" VPOS="570" HPOS="755"/>
							<String ID="string_71" HPOS="768" VPOS="564" WIDTH="180" HEIGHT="26" WC="0.91" CONTENT="förmynderskap"/><SP WIDTH="13" VPOS="564" HPOS="948"/>
							<String ID="string_72" HPOS="961" VPOS="564" WIDTH="115" HEIGHT="25" WC="0.96" CONTENT="(avseende"/>
						</TextLine>
						<TextLine ID="line_10" HPOS="185" VPOS="593" WIDTH="890" HEIGHT="26">
							<String ID="string_73" HPOS="185" VPOS="593" WIDTH="45" HEIGHT="20" WC="0.96" CONTENT="dels"/><SP WIDTH="16" VPOS="593" HPOS="230"/>
							<String ID="string_74" HPOS="246" VPOS="593" WIDTH="97" HEIGHT="20" WC="0.96" CONTENT="ändrade"/><SP WIDTH="16" VPOS="593" HPOS="343"/>
							<String ID="string_75" HPOS="359" VPOS="593" WIDTH="162" HEIGHT="20" WC="0.96" CONTENT="bestämmelser"/><SP WIDTH="15" VPOS="593" HPOS="521"/>
							<String ID="string_76" HPOS="536" VPOS="595" WIDTH="41" HEIGHT="18" WC="0.95" CONTENT="rör."/><SP WIDTH="17" VPOS="595" HPOS="577"/>
							<String ID="string_77" HPOS="594" VPOS="593" WIDTH="102" HEIGHT="26" WC="0.96" CONTENT="tillsynen"/><SP WIDTH="16" VPOS="593" HPOS="696"/>
							<String ID="string_78" HPOS="712" VPOS="595" WIDTH="51" HEIGHT="18" WC="0.93" CONTENT="över"/><SP WIDTH="15" VPOS="595" HPOS="763"/>
							<String ID="string_79" HPOS="778" VPOS="593" WIDTH="275" HEIGHT="26" WC="0.91" CONTENT="förmynderskapsvården"/><SP WIDTH="17" VPOS="593" HPOS="1053"/>
							<String ID="string_80" HPOS="1070" VPOS="593" WIDTH="5" HEIGHT="20" WC="0.96" CONTENT="i"/>
						</TextLine>
						<TextLine ID="line_11" HPOS="186" VPOS="623" WIDTH="890" HEIGHT="27">
							<String ID="string_81" HPOS="186" VPOS="623" WIDTH="133" HEIGHT="23" WC="0.96" CONTENT="Stockholm,"/><SP WIDTH="15" VPOS="623" HPOS="319"/>
							<String ID="string_82" HPOS="334" VPOS="623" WIDTH="44" HEIGHT="20" WC="0.95" CONTENT="dels"/><SP WIDTH="14" VPOS="623" HPOS="378"/>
							<String ID="string_83" HPOS="392" VPOS="623" WIDTH="40" HEIGHT="20" WC="0.96" CONTENT="ock"/><SP WIDTH="13" VPOS="623" HPOS="432"/>
							<String ID="string_84" HPOS="445" VPOS="623" WIDTH="157" HEIGHT="26" WC="0.96" CONTENT="inskränkning"/><SP WIDTH="13" VPOS="623" HPOS="602"/>
							<String ID="string_85" HPOS="615" VPOS="624" WIDTH="6" HEIGHT="19" WC="0.96" CONTENT="i"/><SP WIDTH="13" VPOS="624" HPOS="621"/>
							<String ID="string_86" HPOS="634" VPOS="625" WIDTH="72" HEIGHT="18" WC="0.96" CONTENT="rätten"/><SP WIDTH="14" VPOS="625" HPOS="706"/>
							<String ID="string_87" HPOS="720" VPOS="623" WIDTH="34" HEIGHT="20" WC="0.96" CONTENT="för"/><SP WIDTH="12" VPOS="623" HPOS="754"/>
							<String ID="string_88" HPOS="766" VPOS="623" WIDTH="120" HEIGHT="20" WC="0.96" CONTENT="ledamöter"/><SP WIDTH="12" VPOS="623" HPOS="886"/>
							<String ID="string_89" HPOS="898" VPOS="629" WIDTH="28" HEIGHT="14" WC="0.93" CONTENT="av"/><SP WIDTH="14" VPOS="629" HPOS="926"/>
							<String ID="string_90" HPOS="940" VPOS="623" WIDTH="136" HEIGHT="27" WC="0.91" CONTENT="förmyndar-"/>
						</TextLine>
						<TextLine ID="line_12" HPOS="185" VPOS="653" WIDTH="890" HEIGHT="26">
							<String ID="string_91" HPOS="185" VPOS="653" WIDTH="127" HEIGHT="20" WC="0.96" CONTENT="kammaren"/><SP WIDTH="11" VPOS="653" HPOS="312"/>
							<String ID="string_92" HPOS="323" VPOS="653" WIDTH="40" HEIGHT="20" WC="0.96" CONTENT="och"/><SP WIDTH="10" VPOS="653" HPOS="363"/>
							<String ID="string_93" HPOS="373" VPOS="653" WIDTH="57" HEIGHT="20" WC="0.96" CONTENT="vissa"/><SP WIDTH="11" VPOS="653" HPOS="430"/>
							<String ID="string_94" HPOS="441" VPOS="653" WIDTH="68" HEIGHT="20" WC="0.93" CONTENT="andra"/><SP WIDTH="11" VPOS="653" HPOS="509"/>
							<String ID="string_95" HPOS="520" VPOS="653" WIDTH="216" HEIGHT="26" WC="0.91" CONTENT="befattningshavare"/><SP WIDTH="8" VPOS="653" HPOS="736"/>
							<String ID="string_96" HPOS="744" VPOS="653" WIDTH="112" HEIGHT="20" WC="0.96" CONTENT="därstädes"/><SP WIDTH="8" VPOS="653" HPOS="856"/>
							<String ID="string_97" HPOS="864" VPOS="654" WIDTH="35" HEIGHT="19" WC="0.93" CONTENT="att"/><SP WIDTH="7" VPOS="654" HPOS="899"/>
							<String ID="string_98" HPOS="906" VPOS="653" WIDTH="107" HEIGHT="20" WC="0.92" CONTENT="innehava"/><SP WIDTH="9" VPOS="653" HPOS="1013"/>
							<String ID="string_99" HPOS="1022" VPOS="659" WIDTH="53" HEIGHT="20" WC="0.93" CONTENT="upp-"/>
						</TextLine>
						<TextLine ID="line_13" HPOS="185" VPOS="682" WIDTH="460" HEIGHT="27">
							<String ID="string_100" HPOS="185" VPOS="683" WIDTH="53" HEIGHT="26" WC="0.95" CONTENT="drag"/><SP WIDTH="12" VPOS="683" HPOS="238"/>
							<String ID="string_101" HPOS="250" VPOS="689" WIDTH="46" HEIGHT="14" WC="0.96" CONTENT="som"/><SP WIDTH="13" VPOS="689" HPOS="296"/>
							<String ID="string_102" HPOS="309" VPOS="683" WIDTH="139" HEIGHT="26" WC="0.96" CONTENT="förmyndare"/><SP WIDTH="13" VPOS="683" HPOS="448"/>
							<String ID="string_103" HPOS="461" VPOS="682" WIDTH="51" HEIGHT="21" WC="0.96" CONTENT="eller"/><SP WIDTH="11" VPOS="682" HPOS="512"/>
							<String ID="string_104" HPOS="523" VPOS="683" WIDTH="43" HEIGHT="26" WC="0.96" CONTENT="god"/><SP WIDTH="12" VPOS="683" HPOS="566"/>
							<String ID="string_105" HPOS="578" VPOS="683" WIDTH="67" HEIGHT="26" WC="0.96" CONTENT="man)."/>
						</TextLine>
					</TextBlock>
				</ComposedBlock>
				<ComposedBlock ID="cblock_3" HPOS="185" VPOS="724" WIDTH="890" HEIGHT="86">
					<TextBlock ID="block_7" HPOS="185" VPOS="724" WIDTH="890" HEIGHT="86">
						<TextLine ID="line_14" HPOS="213" VPOS="724" WIDTH="862" HEIGHT="27">
							<String ID="string_106" HPOS="213" VPOS="724" WIDTH="42" HEIGHT="20" WC="0.91" CONTENT="RD"/><SP WIDTH="9" VPOS="724" HPOS="255"/>
							<String ID="string_107" HPOS="264" VPOS="726" WIDTH="91" HEIGHT="25" WC="0.96" CONTENT="antager"/><SP WIDTH="8" VPOS="726" HPOS="355"/>
							<String ID="string_108" HPOS="363" VPOS="724" WIDTH="79" HEIGHT="26" WC="0.96" CONTENT="förslag"/><SP WIDTH="8" VPOS="724" HPOS="442"/>
							<String ID="string_109" HPOS="450" VPOS="724" WIDTH="33" HEIGHT="20" WC="0.96" CONTENT="till"/><SP WIDTH="8" VPOS="724" HPOS="483"/>
							<String ID="string_110" HPOS="491" VPOS="724" WIDTH="35" HEIGHT="27" WC="0.96" CONTENT="lag"/><SP WIDTH="9" VPOS="724" HPOS="526"/>
							<String ID="string_111" HPOS="535" VPOS="730" WIDTH="34" HEIGHT="14" WC="0.96" CONTENT="om"/><SP WIDTH="9" VPOS="730" HPOS="569"/>
							<String ID="string_112" HPOS="578" VPOS="725" WIDTH="91" HEIGHT="19" WC="0.96" CONTENT="fortsatt"/><SP WIDTH="7" VPOS="725" HPOS="669"/>
							<String ID="string_113" HPOS="676" VPOS="724" WIDTH="100" HEIGHT="27" WC="0.96" CONTENT="giltighet"/><SP WIDTH="8" VPOS="724" HPOS="776"/>
							<String ID="string_114" HPOS="784" VPOS="731" WIDTH="28" HEIGHT="14" WC="0.96" CONTENT="av"/><SP WIDTH="8" VPOS="731" HPOS="812"/>
							<String ID="string_115" HPOS="820" VPOS="725" WIDTH="61" HEIGHT="25" WC="0.96" CONTENT="lagen"/><SP WIDTH="10" VPOS="725" HPOS="881"/>
							<String ID="string_116" HPOS="891" VPOS="724" WIDTH="41" HEIGHT="20" WC="0.96" CONTENT="den"/><SP WIDTH="11" VPOS="724" HPOS="932"/>
							<String ID="string_117" HPOS="943" VPOS="725" WIDTH="6" HEIGHT="19" WC="0.96" CONTENT="1"/><SP WIDTH="13" VPOS="725" HPOS="949"/>
							<String ID="string_118" HPOS="962" VPOS="730" WIDTH="49" HEIGHT="14" WC="0.96" CONTENT="nov."/><SP WIDTH="12" VPOS="730" HPOS="1011"/>
							<String ID="string_119" HPOS="1023" VPOS="724" WIDTH="52" HEIGHT="20" WC="0.96" CONTENT="1940"/>
						</TextLine>
						<TextLine ID="line_15" HPOS="185" VPOS="754" WIDTH="890" HEIGHT="27">
							<String ID="string_120" HPOS="185" VPOS="755" WIDTH="35" HEIGHT="25" WC="0.96" CONTENT="(nr"/><SP WIDTH="14" VPOS="755" HPOS="220"/>
							<String ID="string_121" HPOS="234" VPOS="754" WIDTH="49" HEIGHT="27" WC="0.96" CONTENT="925)"/><SP WIDTH="15" VPOS="754" HPOS="283"/>
							<String ID="string_122" HPOS="298" VPOS="754" WIDTH="50" HEIGHT="20" WC="0.96" CONTENT="med"/><SP WIDTH="14" VPOS="754" HPOS="348"/>
							<String ID="string_123" HPOS="362" VPOS="754" WIDTH="105" HEIGHT="20" WC="0.96" CONTENT="särskilda"/><SP WIDTH="15" VPOS="754" HPOS="467"/>
							<String ID="string_124" HPOS="482" VPOS="754" WIDTH="163" HEIGHT="20" WC="0.96" CONTENT="bestämmelser"/><SP WIDTH="14" VPOS="754" HPOS="645"/>
							<String ID="string_125" HPOS="659" VPOS="760" WIDTH="48" HEIGHT="20" WC="0.93" CONTENT="ang."/><SP WIDTH="15" VPOS="760" HPOS="707"/>
							<String ID="string_126" HPOS="722" VPOS="754" WIDTH="188" HEIGHT="27" WC="0.92" CONTENT="förmynderskap,"/><SP WIDTH="15" VPOS="754" HPOS="910"/>
							<String ID="string_127" HPOS="925" VPOS="754" WIDTH="150" HEIGHT="26" WC="0.92" CONTENT="godmanskap"/>
						</TextLine>
						<TextLine ID="line_16" HPOS="185" VPOS="784" WIDTH="559" HEIGHT="26">
							<String ID="string_128" HPOS="185" VPOS="784" WIDTH="39" HEIGHT="20" WC="0.93" CONTENT="och"/><SP WIDTH="12" VPOS="784" HPOS="224"/>
							<String ID="string_129" HPOS="236" VPOS="784" WIDTH="146" HEIGHT="26" WC="0.91" CONTENT="boutredning"/><SP WIDTH="11" VPOS="784" HPOS="382"/>
							<String ID="string_130" HPOS="393" VPOS="784" WIDTH="37" HEIGHT="20" WC="0.96" CONTENT="vid"/><SP WIDTH="11" VPOS="784" HPOS="430"/>
							<String ID="string_131" HPOS="441" VPOS="784" WIDTH="47" HEIGHT="26" WC="0.96" CONTENT="krig"/><SP WIDTH="11" VPOS="784" HPOS="488"/>
							<String ID="string_132" HPOS="499" VPOS="784" WIDTH="51" HEIGHT="20" WC="0.93" CONTENT="eller"/><SP WIDTH="10" VPOS="784" HPOS="550"/>
							<String ID="string_133" HPOS="560" VPOS="784" WIDTH="106" HEIGHT="26" WC="0.92" CONTENT="krigsfara"/><SP WIDTH="11" VPOS="784" HPOS="666"/>
							<String ID="string_134" HPOS="677" VPOS="790" WIDTH="29" HEIGHT="14" WC="0.92" CONTENT="m."/><SP WIDTH="10" VPOS="790" HPOS="706"/>
							<String ID="string_135" HPOS="716" VPOS="790" WIDTH="28" HEIGHT="14" WC="0.85" CONTENT="m."/>
						</TextLine>
					</TextBlock>
				</ComposedBlock>
				<ComposedBlock ID="cblock_4" HPOS="185" VPOS="825" WIDTH="890" HEIGHT="86">
					<TextBlock ID="block_8" HPOS="185" VPOS="825" WIDTH="890" HEIGHT="86">
						<TextLine ID="line_17" HPOS="213" VPOS="825" WIDTH="862" HEIGHT="27">
							<String ID="string_136" HPOS="213" VPOS="826" WIDTH="42" HEIGHT="20" WC="0.92" CONTENT="RD"/><SP WIDTH="9" VPOS="826" HPOS="255"/>
							<String ID="string_137" HPOS="264" VPOS="827" WIDTH="91" HEIGHT="25" WC="0.96" CONTENT="antager"/><SP WIDTH="7" VPOS="827" HPOS="355"/>
							<String ID="string_138" HPOS="362" VPOS="826" WIDTH="80" HEIGHT="26" WC="0.96" CONTENT="förslag"/><SP WIDTH="8" VPOS="826" HPOS="442"/>
							<String ID="string_139" HPOS="450" VPOS="825" WIDTH="33" HEIGHT="20" WC="0.96" CONTENT="till"/><SP WIDTH="8" VPOS="825" HPOS="483"/>
							<String ID="string_140" HPOS="491" VPOS="825" WIDTH="35" HEIGHT="27" WC="0.96" CONTENT="lag"/><SP WIDTH="9" VPOS="825" HPOS="526"/>
							<String ID="string_141" HPOS="535" VPOS="832" WIDTH="35" HEIGHT="13" WC="0.96" CONTENT="om"/><SP WIDTH="8" VPOS="832" HPOS="570"/>
							<String ID="string_142" HPOS="578" VPOS="826" WIDTH="91" HEIGHT="20" WC="0.96" CONTENT="fortsatt"/><SP WIDTH="7" VPOS="826" HPOS="669"/>
							<String ID="string_143" HPOS="676" VPOS="825" WIDTH="100" HEIGHT="27" WC="0.96" CONTENT="giltighet"/><SP WIDTH="8" VPOS="825" HPOS="776"/>
							<String ID="string_144" HPOS="784" VPOS="832" WIDTH="28" HEIGHT="14" WC="0.96" CONTENT="av"/><SP WIDTH="9" VPOS="832" HPOS="812"/>
							<String ID="string_145" HPOS="821" VPOS="826" WIDTH="61" HEIGHT="25" WC="0.96" CONTENT="lagen"/><SP WIDTH="9" VPOS="826" HPOS="882"/>
							<String ID="string_146" HPOS="891" VPOS="826" WIDTH="41" HEIGHT="20" WC="0.96" CONTENT="den"/><SP WIDTH="11" VPOS="826" HPOS="932"/>
							<String ID="string_147" HPOS="943" VPOS="826" WIDTH="7" HEIGHT="19" WC="0.95" CONTENT="1"/><SP WIDTH="12" VPOS="826" HPOS="950"/>
							<String ID="string_148" HPOS="962" VPOS="832" WIDTH="50" HEIGHT="13" WC="0.95" CONTENT="nov."/><SP WIDTH="11" VPOS="832" HPOS="1012"/>
							<String ID="string_149" HPOS="1023" VPOS="825" WIDTH="52" HEIGHT="20" WC="0.96" CONTENT="1940"/>
						</TextLine>
						<TextLine ID="line_18" HPOS="185" VPOS="855" WIDTH="890" HEIGHT="27">
							<String ID="string_150" HPOS="185" VPOS="856" WIDTH="35" HEIGHT="25" WC="0.96" CONTENT="(nr"/><SP WIDTH="14" VPOS="856" HPOS="220"/>
							<String ID="string_151" HPOS="234" VPOS="856" WIDTH="49" HEIGHT="26" WC="0.96" CONTENT="925)"/><SP WIDTH="15" VPOS="856" HPOS="283"/>
							<String ID="string_152" HPOS="298" VPOS="856" WIDTH="50" HEIGHT="20" WC="0.95" CONTENT="med"/><SP WIDTH="14" VPOS="856" HPOS="348"/>
							<String ID="string_153" HPOS="362" VPOS="855" WIDTH="105" HEIGHT="21" WC="0.95" CONTENT="särskilda"/><SP WIDTH="15" VPOS="855" HPOS="467"/>
							<String ID="string_154" HPOS="482" VPOS="856" WIDTH="163" HEIGHT="20" WC="0.96" CONTENT="bestämmelser"/><SP WIDTH="13" VPOS="856" HPOS="645"/>
							<String ID="string_155" HPOS="658" VPOS="861" WIDTH="49" HEIGHT="20" WC="0.93" CONTENT="ang."/><SP WIDTH="16" VPOS="861" HPOS="707"/>
							<String ID="string_156" HPOS="723" VPOS="856" WIDTH="187" HEIGHT="26" WC="0.91" CONTENT="förmynderskap,"/><SP WIDTH="15" VPOS="856" HPOS="910"/>
							<String ID="string_157" HPOS="925" VPOS="855" WIDTH="150" HEIGHT="26" WC="0.92" CONTENT="godmanskap"/>
						</TextLine>
						<TextLine ID="line_19" HPOS="185" VPOS="885" WIDTH="548" HEIGHT="26">
							<String ID="string_158" HPOS="185" VPOS="886" WIDTH="39" HEIGHT="19" WC="0.93" CONTENT="och"/><SP WIDTH="11" VPOS="886" HPOS="224"/>
							<String ID="string_159" HPOS="235" VPOS="885" WIDTH="145" HEIGHT="26" WC="0.91" CONTENT="boutredning"/><SP WIDTH="10" VPOS="885" HPOS="380"/>
							<String ID="string_160" HPOS="390" VPOS="885" WIDTH="36" HEIGHT="20" WC="0.96" CONTENT="vid"/><SP WIDTH="10" VPOS="885" HPOS="426"/>
							<String ID="string_161" HPOS="436" VPOS="885" WIDTH="47" HEIGHT="26" WC="0.96" CONTENT="krig"/><SP WIDTH="9" VPOS="885" HPOS="483"/>
							<String ID="string_162" HPOS="492" VPOS="885" WIDTH="51" HEIGHT="20" WC="0.93" CONTENT="eller"/><SP WIDTH="8" VPOS="885" HPOS="543"/>
							<String ID="string_163" HPOS="551" VPOS="885" WIDTH="105" HEIGHT="26" WC="0.91" CONTENT="krigsfara"/><SP WIDTH="9" VPOS="885" HPOS="656"/>
							<String ID="string_164" HPOS="665" VPOS="891" WIDTH="29" HEIGHT="14" WC="0.89" CONTENT="m."/><SP WIDTH="10" VPOS="891" HPOS="694"/>
							<String ID="string_165" HPOS="704" VPOS="892" WIDTH="29" HEIGHT="13" WC="0.91" CONTENT="m."/>
						</TextLine>
					</TextBlock>
				</ComposedBlock>
				<ComposedBlock ID="cblock_5" HPOS="184" VPOS="927" WIDTH="892" HEIGHT="144">
					<TextBlock ID="block_9" HPOS="185" VPOS="927" WIDTH="891" HEIGHT="86">
						<TextLine ID="line_20" HPOS="214" VPOS="927" WIDTH="862" HEIGHT="26">
							<String ID="string_166" HPOS="214" VPOS="927" WIDTH="42" HEIGHT="20" WC="0.93" CONTENT="RD"/><SP WIDTH="9" VPOS="927" HPOS="256"/>
							<String ID="string_167" HPOS="265" VPOS="929" WIDTH="91" HEIGHT="24" WC="0.96" CONTENT="antager"/><SP WIDTH="8" VPOS="929" HPOS="356"/>
							<String ID="string_168" HPOS="364" VPOS="927" WIDTH="79" HEIGHT="26" WC="0.96" CONTENT="förslag"/><SP WIDTH="8" VPOS="927" HPOS="443"/>
							<String ID="string_169" HPOS="451" VPOS="927" WIDTH="33" HEIGHT="20" WC="0.96" CONTENT="till"/><SP WIDTH="8" VPOS="927" HPOS="484"/>
							<String ID="string_170" HPOS="492" VPOS="927" WIDTH="35" HEIGHT="26" WC="0.96" CONTENT="lag"/><SP WIDTH="8" VPOS="927" HPOS="527"/>
							<String ID="string_171" HPOS="535" VPOS="933" WIDTH="35" HEIGHT="14" WC="0.96" CONTENT="om"/><SP WIDTH="9" VPOS="933" HPOS="570"/>
							<String ID="string_172" HPOS="579" VPOS="927" WIDTH="91" HEIGHT="20" WC="0.96" CONTENT="fortsatt"/><SP WIDTH="7" VPOS="927" HPOS="670"/>
							<String ID="string_173" HPOS="677" VPOS="927" WIDTH="100" HEIGHT="26" WC="0.96" CONTENT="giltighet"/><SP WIDTH="8" VPOS="927" HPOS="777"/>
							<String ID="string_174" HPOS="785" VPOS="933" WIDTH="27" HEIGHT="14" WC="0.96" CONTENT="av"/><SP WIDTH="9" VPOS="933" HPOS="812"/>
							<String ID="string_175" HPOS="821" VPOS="927" WIDTH="61" HEIGHT="26" WC="0.96" CONTENT="lagen"/><SP WIDTH="10" VPOS="927" HPOS="882"/>
							<String ID="string_176" HPOS="892" VPOS="927" WIDTH="40" HEIGHT="20" WC="0.96" CONTENT="den"/><SP WIDTH="12" VPOS="927" HPOS="932"/>
							<String ID="string_177" HPOS="944" VPOS="928" WIDTH="7" HEIGHT="19" WC="0.95" CONTENT="1"/><SP WIDTH="11" VPOS="928" HPOS="951"/>
							<String ID="string_178" HPOS="962" VPOS="933" WIDTH="50" HEIGHT="14" WC="0.96" CONTENT="nov."/><SP WIDTH="11" VPOS="933" HPOS="1012"/>
							<String ID="string_179" HPOS="1023" VPOS="927" WIDTH="53" HEIGHT="20" WC="0.96" CONTENT="1940"/>
						</TextLine>
						<TextLine ID="line_21" HPOS="185" VPOS="956" WIDTH="890" HEIGHT="27">
							<String ID="string_180" HPOS="185" VPOS="957" WIDTH="34" HEIGHT="26" WC="0.95" CONTENT="(nr"/><SP WIDTH="14" VPOS="957" HPOS="219"/>
							<String ID="string_181" HPOS="233" VPOS="957" WIDTH="50" HEIGHT="26" WC="0.96" CONTENT="925)"/><SP WIDTH="14" VPOS="957" HPOS="283"/>
							<String ID="string_182" HPOS="297" VPOS="957" WIDTH="50" HEIGHT="20" WC="0.96" CONTENT="med"/><SP WIDTH="15" VPOS="957" HPOS="347"/>
							<String ID="string_183" HPOS="362" VPOS="957" WIDTH="105" HEIGHT="20" WC="0.96" CONTENT="särskilda"/><SP WIDTH="15" VPOS="957" HPOS="467"/>
							<String ID="string_184" HPOS="482" VPOS="956" WIDTH="163" HEIGHT="21" WC="0.96" CONTENT="bestämmelser"/><SP WIDTH="13" VPOS="956" HPOS="645"/>
							<String ID="string_185" HPOS="658" VPOS="962" WIDTH="49" HEIGHT="21" WC="0.93" CONTENT="ang."/><SP WIDTH="16" VPOS="962" HPOS="707"/>
							<String ID="string_186" HPOS="723" VPOS="957" WIDTH="187" HEIGHT="26" WC="0.91" CONTENT="förmynderskap,"/><SP WIDTH="15" VPOS="957" HPOS="910"/>
							<String ID="string_187" HPOS="925" VPOS="957" WIDTH="150" HEIGHT="26" WC="0.92" CONTENT="godmanskap"/>
						</TextLine>
						<TextLine ID="line_22" HPOS="185" VPOS="986" WIDTH="559" HEIGHT="27">
							<String ID="string_188" HPOS="185" VPOS="987" WIDTH="39" HEIGHT="20" WC="0.93" CONTENT="och"/><SP WIDTH="13" VPOS="987" HPOS="224"/>
							<String ID="string_189" HPOS="237" VPOS="987" WIDTH="146" HEIGHT="25" WC="0.92" CONTENT="boutredning"/><SP WIDTH="10" VPOS="987" HPOS="383"/>
							<String ID="string_190" HPOS="393" VPOS="987" WIDTH="38" HEIGHT="19" WC="0.96" CONTENT="vid"/><SP WIDTH="11" VPOS="987" HPOS="431"/>
							<String ID="string_191" HPOS="442" VPOS="986" WIDTH="47" HEIGHT="26" WC="0.96" CONTENT="krig"/><SP WIDTH="11" VPOS="986" HPOS="489"/>
							<String ID="string_192" HPOS="500" VPOS="986" WIDTH="50" HEIGHT="20" WC="0.93" CONTENT="eller"/><SP WIDTH="10" VPOS="986" HPOS="550"/>
							<String ID="string_193" HPOS="560" VPOS="987" WIDTH="106" HEIGHT="26" WC="0.91" CONTENT="krigsfara"/><SP WIDTH="11" VPOS="987" HPOS="666"/>
							<String ID="string_194" HPOS="677" VPOS="993" WIDTH="29" HEIGHT="13" WC="0.92" CONTENT="m."/><SP WIDTH="10" VPOS="993" HPOS="706"/>
							<String ID="string_195" HPOS="716" VPOS="993" WIDTH="28" HEIGHT="13" WC="0.90" CONTENT="m."/>
						</TextLine>
					</TextBlock>
					<TextBlock ID="block_10" HPOS="184" VPOS="1012" WIDTH="892" HEIGHT="59">
						<TextLine ID="line_23" HPOS="214" VPOS="1012" WIDTH="862" HEIGHT="31">
							<String ID="string_196" HPOS="214" VPOS="1017" WIDTH="25" HEIGHT="20" WC="0.96" CONTENT="Se"/><SP WIDTH="11" VPOS="1017" HPOS="239"/>
							<String ID="string_197" HPOS="250" VPOS="1017" WIDTH="39" HEIGHT="19" WC="0.93" CONTENT="ock"/><SP WIDTH="13" VPOS="1017" HPOS="289"/>
							<String ID="string_198" HPOS="302" VPOS="1016" WIDTH="157" HEIGHT="23" WC="0.92" CONTENT="Föräldrabalk,"/><SP WIDTH="13" VPOS="1016" HPOS="459"/>
							<String ID="string_199" HPOS="472" VPOS="1016" WIDTH="149" HEIGHT="23" WC="0.91" CONTENT="Föräldrarätt,"/><SP WIDTH="12" VPOS="1016" HPOS="621"/>
							<String ID="string_200" HPOS="633" VPOS="1016" WIDTH="199" HEIGHT="27" WC="0.91" CONTENT="Giftermålsbalken,"/><SP WIDTH="13" VPOS="1016" HPOS="832"/>
							<String ID="string_201" HPOS="845" VPOS="1013" WIDTH="129" HEIGHT="29" WC="0.93" CONTENT="Äktenskap,"/><SP WIDTH="10" VPOS="1013" HPOS="974"/>
							<String ID="string_202" HPOS="984" VPOS="1012" WIDTH="92" HEIGHT="30" WC="0.92" CONTENT="Överför-"/>
						</TextLine>
						<TextLine ID="line_24" HPOS="184" VPOS="1046" WIDTH="140" HEIGHT="25">
							<String ID="string_203" HPOS="184" VPOS="1046" WIDTH="140" HEIGHT="25" WC="0.96" CONTENT="förmyndare."/>
						</TextLine>
					</TextBlock>
				</ComposedBlock>
				<ComposedBlock ID="cblock_6" HPOS="184" VPOS="1082" WIDTH="891" HEIGHT="114">
					<TextBlock ID="block_11" HPOS="184" VPOS="1082" WIDTH="891" HEIGHT="114">
						<TextLine ID="line_25" HPOS="185" VPOS="1082" WIDTH="890" HEIGHT="31">
							<String ID="string_204" HPOS="185" VPOS="1083" WIDTH="153" HEIGHT="24" WC="0.95" CONTENT="FÖRMÅNER"/><SP WIDTH="9" VPOS="1083" HPOS="338"/>
							<String ID="string_205" HPOS="347" VPOS="1084" WIDTH="37" HEIGHT="23" WC="0.95" CONTENT="ÅT"/><SP WIDTH="8" VPOS="1084" HPOS="384"/>
							<String ID="string_206" HPOS="392" VPOS="1087" WIDTH="78" HEIGHT="20" WC="0.93" CONTENT="VISSA"/><SP WIDTH="9" VPOS="1087" HPOS="470"/>
							<String ID="string_207" HPOS="479" VPOS="1082" WIDTH="241" HEIGHT="29" WC="0.90" CONTENT="PRIVATFÖRETAG;"/><SP WIDTH="10" VPOS="1082" HPOS="720"/>
							<String ID="string_208" HPOS="730" VPOS="1093" WIDTH="22" HEIGHT="13" WC="0.96" CONTENT="se"/><SP WIDTH="12" VPOS="1093" HPOS="752"/>
							<String ID="string_209" HPOS="764" VPOS="1087" WIDTH="180" HEIGHT="26" WC="0.95" CONTENT="Interpellationer"/><SP WIDTH="9" VPOS="1087" HPOS="944"/>
							<String ID="string_210" HPOS="953" VPOS="1086" WIDTH="69" HEIGHT="26" WC="0.96" CONTENT="(1945:"/><SP WIDTH="13" VPOS="1086" HPOS="1022"/>
							<String ID="string_211" HPOS="1035" VPOS="1087" WIDTH="40" HEIGHT="21" WC="0.96" CONTENT="86)."/>
						</TextLine>
						<TextLine ID="line_26" HPOS="184" VPOS="1124" WIDTH="558" HEIGHT="30">
							<String ID="string_212" HPOS="184" VPOS="1124" WIDTH="216" HEIGHT="28" WC="0.90" CONTENT="FÖRMÅNSRÄTT;"/><SP WIDTH="14" VPOS="1124" HPOS="400"/>
							<String ID="string_213" HPOS="414" VPOS="1134" WIDTH="21" HEIGHT="14" WC="0.93" CONTENT="se"/><SP WIDTH="13" VPOS="1134" HPOS="435"/>
							<String ID="string_214" HPOS="448" VPOS="1128" WIDTH="169" HEIGHT="20" WC="0.91" CONTENT="Handelsbalken"/><SP WIDTH="15" VPOS="1128" HPOS="617"/>
							<String ID="string_215" HPOS="632" VPOS="1128" WIDTH="63" HEIGHT="26" WC="0.93" CONTENT="(1946"/><SP WIDTH="10" VPOS="1128" HPOS="695"/>
							<String ID="string_216" HPOS="705" VPOS="1128" WIDTH="37" HEIGHT="26" WC="0.92" CONTENT="H)."/>
						</TextLine>
						<TextLine ID="line_27" HPOS="184" VPOS="1166" WIDTH="653" HEIGHT="30">
							<String ID="string_217" HPOS="184" VPOS="1166" WIDTH="340" HEIGHT="28" WC="0.91" CONTENT="FÖRMÖGENHETSBELOPP;"/><SP WIDTH="17" VPOS="1166" HPOS="524"/>
							<String ID="string_218" HPOS="541" VPOS="1176" WIDTH="22" HEIGHT="13" WC="0.96" CONTENT="se"/><SP WIDTH="20" VPOS="1176" HPOS="563"/>
							<String ID="string_219" HPOS="583" VPOS="1169" WIDTH="129" HEIGHT="26" WC="0.96" CONTENT="Tryckfrihet"/><SP WIDTH="16" VPOS="1169" HPOS="712"/>
							<String ID="string_220" HPOS="728" VPOS="1170" WIDTH="70" HEIGHT="26" WC="0.96" CONTENT="(1950:"/><SP WIDTH="13" VPOS="1170" HPOS="798"/>
							<String ID="string_221" HPOS="811" VPOS="1170" WIDTH="26" HEIGHT="25" WC="0.94" CONTENT="2)."/>
						</TextLine>
					</TextBlock>
				</ComposedBlock>
				<ComposedBlock ID="cblock_7" HPOS="184" VPOS="1207" WIDTH="358" HEIGHT="25">
					<TextBlock ID="block_12" HPOS="184" VPOS="1207" WIDTH="358" HEIGHT="25">
						<TextLine ID="line_28" HPOS="184" VPOS="1207" WIDTH="358" HEIGHT="25">
							<String ID="string_222" HPOS="184" VPOS="1207" WIDTH="358" HEIGHT="25" WC="0.91" CONTENT="FÖRMÖGENHETSBROTTEN."/>
						</TextLine>
					</TextBlock>
				</ComposedBlock>
				<ComposedBlock ID="cblock_8" HPOS="177" VPOS="1246" WIDTH="902" HEIGHT="739">
					<TextBlock ID="block_13" HPOS="177" VPOS="1246" WIDTH="902" HEIGHT="739">
						<TextLine ID="line_29" HPOS="214" VPOS="1246" WIDTH="863" HEIGHT="27">
							<String ID="string_223" HPOS="214" VPOS="1247" WIDTH="41" HEIGHT="20" WC="0.92" CONTENT="RD"/><SP WIDTH="11" VPOS="1247" HPOS="255"/>
							<String ID="string_224" HPOS="266" VPOS="1249" WIDTH="90" HEIGHT="24" WC="0.96" CONTENT="antager"/><SP WIDTH="9" VPOS="1249" HPOS="356"/>
							<String ID="string_225" HPOS="365" VPOS="1247" WIDTH="34" HEIGHT="20" WC="0.96" CONTENT="för"/><SP WIDTH="9" VPOS="1247" HPOS="399"/>
							<String ID="string_226" HPOS="408" VPOS="1247" WIDTH="32" HEIGHT="20" WC="0.96" CONTENT="sin"/><SP WIDTH="10" VPOS="1247" HPOS="440"/>
							<String ID="string_227" HPOS="450" VPOS="1247" WIDTH="34" HEIGHT="20" WC="0.96" CONTENT="del"/><SP WIDTH="10" VPOS="1247" HPOS="484"/>
							<String ID="string_228" HPOS="494" VPOS="1247" WIDTH="79" HEIGHT="26" WC="0.96" CONTENT="förslag"/><SP WIDTH="10" VPOS="1247" HPOS="573"/>
							<String ID="string_229" HPOS="583" VPOS="1247" WIDTH="32" HEIGHT="19" WC="0.96" CONTENT="till"/><SP WIDTH="10" VPOS="1247" HPOS="615"/>
							<String ID="string_230" HPOS="625" VPOS="1247" WIDTH="34" HEIGHT="25" WC="0.96" CONTENT="lag"/><SP WIDTH="10" VPOS="1247" HPOS="659"/>
							<String ID="string_231" HPOS="669" VPOS="1253" WIDTH="35" HEIGHT="13" WC="0.96" CONTENT="om"/><SP WIDTH="10" VPOS="1253" HPOS="704"/>
							<String ID="string_232" HPOS="714" VPOS="1247" WIDTH="92" HEIGHT="25" WC="0.96" CONTENT="ändring"/><SP WIDTH="9" VPOS="1247" HPOS="806"/>
							<String ID="string_233" HPOS="815" VPOS="1247" WIDTH="6" HEIGHT="19" WC="0.96" CONTENT="i"/><SP WIDTH="10" VPOS="1247" HPOS="821"/>
							<String ID="string_234" HPOS="831" VPOS="1247" WIDTH="57" HEIGHT="19" WC="0.96" CONTENT="vissa"/><SP WIDTH="10" VPOS="1247" HPOS="888"/>
							<String ID="string_235" HPOS="898" VPOS="1247" WIDTH="59" HEIGHT="19" WC="0.96" CONTENT="delar"/><SP WIDTH="9" VPOS="1247" HPOS="957"/>
							<String ID="string_236" HPOS="966" VPOS="1252" WIDTH="28" HEIGHT="14" WC="0.93" CONTENT="av"/><SP WIDTH="10" VPOS="1252" HPOS="994"/>
							<String ID="string_237" HPOS="1004" VPOS="1246" WIDTH="73" HEIGHT="20" WC="0.91" CONTENT="straff-"/>
						</TextLine>
						<TextLine ID="line_30" HPOS="184" VPOS="1276" WIDTH="891" HEIGHT="27">
							<String ID="string_238" HPOS="184" VPOS="1277" WIDTH="70" HEIGHT="26" WC="0.96" CONTENT="lagen,"/><SP WIDTH="10" VPOS="1277" HPOS="254"/>
							<String ID="string_239" HPOS="264" VPOS="1277" WIDTH="34" HEIGHT="26" WC="0.95" CONTENT="lag"/><SP WIDTH="10" VPOS="1277" HPOS="298"/>
							<String ID="string_240" HPOS="308" VPOS="1283" WIDTH="35" HEIGHT="13" WC="0.96" CONTENT="om"/><SP WIDTH="9" VPOS="1283" HPOS="343"/>
							<String ID="string_241" HPOS="352" VPOS="1277" WIDTH="107" HEIGHT="25" WC="0.96" CONTENT="ändring"/><SP WIDTH="-21" VPOS="1277" HPOS="459"/>
							<String ID="string_242" HPOS="438" VPOS="1272" WIDTH="22" HEIGHT="35" WC="0.96" CONTENT="i"/><SP WIDTH="9" VPOS="1272" HPOS="460"/>
							<String ID="string_243" HPOS="469" VPOS="1276" WIDTH="56" HEIGHT="20" WC="0.96" CONTENT="vissa"/><SP WIDTH="10" VPOS="1276" HPOS="525"/>
							<String ID="string_244" HPOS="535" VPOS="1276" WIDTH="59" HEIGHT="20" WC="0.96" CONTENT="delar"/><SP WIDTH="9" VPOS="1276" HPOS="594"/>
							<String ID="string_245" HPOS="603" VPOS="1282" WIDTH="28" HEIGHT="14" WC="0.96" CONTENT="av"/><SP WIDTH="9" VPOS="1282" HPOS="631"/>
							<String ID="string_246" HPOS="640" VPOS="1276" WIDTH="127" HEIGHT="26" WC="0.96" CONTENT="strafflagen"/><SP WIDTH="10" VPOS="1276" HPOS="767"/>
							<String ID="string_247" HPOS="777" VPOS="1276" WIDTH="33" HEIGHT="20" WC="0.96" CONTENT="för"/><SP WIDTH="8" VPOS="1276" HPOS="810"/>
							<String ID="string_248" HPOS="818" VPOS="1276" WIDTH="155" HEIGHT="26" WC="0.96" CONTENT="krigsmakten,"/><SP WIDTH="11" VPOS="1276" HPOS="973"/>
							<String ID="string_249" HPOS="984" VPOS="1276" WIDTH="34" HEIGHT="26" WC="0.96" CONTENT="lag"/><SP WIDTH="9" VPOS="1276" HPOS="1018"/>
							<String ID="string_250" HPOS="1027" VPOS="1281" WIDTH="48" HEIGHT="21" WC="0.96" CONTENT="ang."/>
						</TextLine>
						<TextLine ID="line_31" HPOS="184" VPOS="1305" WIDTH="891" HEIGHT="27">
							<String ID="string_251" HPOS="184" VPOS="1307" WIDTH="106" HEIGHT="25" WC="0.96" CONTENT="ändring"/><SP WIDTH="-18" VPOS="1307" HPOS="290"/>
							<String ID="string_252" HPOS="272" VPOS="1301" WIDTH="19" HEIGHT="36" WC="0.96" CONTENT="i"/><SP WIDTH="8" VPOS="1301" HPOS="291"/>
							<String ID="string_253" HPOS="299" VPOS="1306" WIDTH="57" HEIGHT="20" WC="0.96" CONTENT="vissa"/><SP WIDTH="9" VPOS="1306" HPOS="356"/>
							<String ID="string_254" HPOS="365" VPOS="1306" WIDTH="59" HEIGHT="20" WC="0.96" CONTENT="delar"/><SP WIDTH="7" VPOS="1306" HPOS="424"/>
							<String ID="string_255" HPOS="431" VPOS="1312" WIDTH="28" HEIGHT="14" WC="0.96" CONTENT="av"/><SP WIDTH="9" VPOS="1312" HPOS="459"/>
							<String ID="string_256" HPOS="468" VPOS="1306" WIDTH="62" HEIGHT="26" WC="0.96" CONTENT="lagen"/><SP WIDTH="9" VPOS="1306" HPOS="530"/>
							<String ID="string_257" HPOS="539" VPOS="1306" WIDTH="40" HEIGHT="20" WC="0.96" CONTENT="den"/><SP WIDTH="11" VPOS="1306" HPOS="579"/>
							<String ID="string_258" HPOS="590" VPOS="1306" WIDTH="24" HEIGHT="20" WC="0.96" CONTENT="17"/><SP WIDTH="9" VPOS="1306" HPOS="614"/>
							<String ID="string_259" HPOS="623" VPOS="1306" WIDTH="45" HEIGHT="20" WC="0.96" CONTENT="okt."/><SP WIDTH="11" VPOS="1306" HPOS="668"/>
							<String ID="string_260" HPOS="679" VPOS="1306" WIDTH="53" HEIGHT="20" WC="0.96" CONTENT="1900"/><SP WIDTH="8" VPOS="1306" HPOS="732"/>
							<String ID="string_261" HPOS="740" VPOS="1306" WIDTH="35" HEIGHT="26" WC="0.96" CONTENT="(nr"/><SP WIDTH="7" VPOS="1306" HPOS="775"/>
							<String ID="string_262" HPOS="782" VPOS="1306" WIDTH="26" HEIGHT="20" WC="0.70" CONTENT="82"/><SP WIDTH="9" VPOS="1306" HPOS="808"/>
							<String ID="string_263" HPOS="817" VPOS="1312" WIDTH="16" HEIGHT="14" WC="0.70" CONTENT="s."/><SP WIDTH="11" VPOS="1312" HPOS="833"/>
							<String ID="string_264" HPOS="844" VPOS="1306" WIDTH="19" HEIGHT="26" WC="0.96" CONTENT="1)"/><SP WIDTH="9" VPOS="1306" HPOS="863"/>
							<String ID="string_265" HPOS="872" VPOS="1312" WIDTH="35" HEIGHT="13" WC="0.93" CONTENT="om"/><SP WIDTH="8" VPOS="1312" HPOS="907"/>
							<String ID="string_266" HPOS="915" VPOS="1305" WIDTH="160" HEIGHT="27" WC="0.91" CONTENT="straffregister,"/>
						</TextLine>
						<TextLine ID="line_32" HPOS="185" VPOS="1335" WIDTH="891" HEIGHT="27">
							<String ID="string_267" HPOS="185" VPOS="1336" WIDTH="34" HEIGHT="26" WC="0.96" CONTENT="lag"/><SP WIDTH="10" VPOS="1336" HPOS="219"/>
							<String ID="string_268" HPOS="229" VPOS="1341" WIDTH="49" HEIGHT="21" WC="0.96" CONTENT="ang."/><SP WIDTH="12" VPOS="1341" HPOS="278"/>
							<String ID="string_269" HPOS="290" VPOS="1336" WIDTH="84" HEIGHT="20" WC="0.96" CONTENT="ändrad"/><SP WIDTH="11" VPOS="1336" HPOS="374"/>
							<String ID="string_270" HPOS="385" VPOS="1336" WIDTH="80" HEIGHT="26" WC="0.96" CONTENT="lydelse"/><SP WIDTH="11" VPOS="1336" HPOS="465"/>
							<String ID="string_271" HPOS="476" VPOS="1342" WIDTH="28" HEIGHT="14" WC="0.96" CONTENT="av"/><SP WIDTH="11" VPOS="1342" HPOS="504"/>
							<String ID="string_272" HPOS="515" VPOS="1336" WIDTH="12" HEIGHT="20" WC="0.96" CONTENT="3"/><SP WIDTH="12" VPOS="1336" HPOS="527"/>
							<String ID="string_273" HPOS="539" VPOS="1336" WIDTH="40" HEIGHT="19" WC="0.95" CONTENT="och"/><SP WIDTH="10" VPOS="1336" HPOS="579"/>
							<String ID="string_274" HPOS="589" VPOS="1336" WIDTH="13" HEIGHT="20" WC="0.93" CONTENT="5"/><SP WIDTH="9" VPOS="1336" HPOS="602"/>
							<String ID="string_275" HPOS="611" VPOS="1336" WIDTH="20" HEIGHT="25" WC="0.96" CONTENT="$$"/><SP WIDTH="11" VPOS="1336" HPOS="631"/>
							<String ID="string_276" HPOS="642" VPOS="1336" WIDTH="62" HEIGHT="26" WC="0.96" CONTENT="lagen"/><SP WIDTH="12" VPOS="1336" HPOS="704"/>
							<String ID="string_277" HPOS="716" VPOS="1336" WIDTH="40" HEIGHT="19" WC="0.95" CONTENT="den"/><SP WIDTH="11" VPOS="1336" HPOS="756"/>
							<String ID="string_278" HPOS="767" VPOS="1336" WIDTH="24" HEIGHT="19" WC="0.96" CONTENT="21"/><SP WIDTH="14" VPOS="1336" HPOS="791"/>
							<String ID="string_279" HPOS="805" VPOS="1337" WIDTH="54" HEIGHT="25" WC="0.96" CONTENT="sept."/><SP WIDTH="14" VPOS="1337" HPOS="859"/>
							<String ID="string_280" HPOS="873" VPOS="1335" WIDTH="52" HEIGHT="22" WC="0.96" CONTENT="1915"/><SP WIDTH="11" VPOS="1335" HPOS="925"/>
							<String ID="string_281" HPOS="936" VPOS="1336" WIDTH="35" HEIGHT="25" WC="0.96" CONTENT="(nr"/><SP WIDTH="10" VPOS="1336" HPOS="971"/>
							<String ID="string_282" HPOS="981" VPOS="1335" WIDTH="49" HEIGHT="26" WC="0.96" CONTENT="362)"/><SP WIDTH="12" VPOS="1335" HPOS="1030"/>
							<String ID="string_283" HPOS="1042" VPOS="1341" WIDTH="34" HEIGHT="14" WC="0.96" CONTENT="om"/>
						</TextLine>
						<TextLine ID="line_33" HPOS="185" VPOS="1365" WIDTH="891" HEIGHT="27">
							<String ID="string_284" HPOS="185" VPOS="1366" WIDTH="127" HEIGHT="26" WC="0.96" CONTENT="behörighet"/><SP WIDTH="11" VPOS="1366" HPOS="312"/>
							<String ID="string_285" HPOS="323" VPOS="1367" WIDTH="35" HEIGHT="19" WC="0.96" CONTENT="att"/><SP WIDTH="12" VPOS="1367" HPOS="358"/>
							<String ID="string_286" HPOS="370" VPOS="1367" WIDTH="67" HEIGHT="18" WC="0.93" CONTENT="utöva"/><SP WIDTH="12" VPOS="1367" HPOS="437"/>
							<String ID="string_287" HPOS="449" VPOS="1365" WIDTH="163" HEIGHT="23" WC="0.92" CONTENT="läkarkonsten,"/><SP WIDTH="13" VPOS="1365" HPOS="612"/>
							<String ID="string_288" HPOS="625" VPOS="1365" WIDTH="34" HEIGHT="26" WC="0.96" CONTENT="lag"/><SP WIDTH="11" VPOS="1365" HPOS="659"/>
							<String ID="string_289" HPOS="670" VPOS="1370" WIDTH="49" HEIGHT="21" WC="0.96" CONTENT="ang."/><SP WIDTH="12" VPOS="1370" HPOS="719"/>
							<String ID="string_290" HPOS="731" VPOS="1365" WIDTH="84" HEIGHT="20" WC="0.96" CONTENT="ändrad"/><SP WIDTH="12" VPOS="1365" HPOS="815"/>
							<String ID="string_291" HPOS="827" VPOS="1365" WIDTH="80" HEIGHT="26" WC="0.96" CONTENT="lydelse"/><SP WIDTH="12" VPOS="1365" HPOS="907"/>
							<String ID="string_292" HPOS="919" VPOS="1371" WIDTH="28" HEIGHT="14" WC="0.96" CONTENT="av"/><SP WIDTH="11" VPOS="1371" HPOS="947"/>
							<String ID="string_293" HPOS="958" VPOS="1365" WIDTH="45" HEIGHT="25" WC="0.89" CONTENT="49"/><SP WIDTH="-20" VPOS="1365" HPOS="1003"/>
							<String ID="string_294" HPOS="983" VPOS="1361" WIDTH="23" HEIGHT="35" WC="0.89" CONTENT="$"/><SP WIDTH="9" VPOS="1361" HPOS="1006"/>
							<String ID="string_295" HPOS="1015" VPOS="1365" WIDTH="61" HEIGHT="26" WC="0.96" CONTENT="lagen"/>
						</TextLine>
						<TextLine ID="line_34" HPOS="177" VPOS="1395" WIDTH="900" HEIGHT="27">
							<String ID="string_296" HPOS="177" VPOS="1396" WIDTH="49" HEIGHT="20" WC="0.0" CONTENT="den"/><SP WIDTH="14" VPOS="1396" HPOS="226"/>
							<String ID="string_297" HPOS="240" VPOS="1396" WIDTH="25" HEIGHT="19" WC="0.96" CONTENT="16"/><SP WIDTH="12" VPOS="1396" HPOS="265"/>
							<String ID="string_298" HPOS="277" VPOS="1396" WIDTH="43" HEIGHT="25" WC="0.96" CONTENT="maj"/><SP WIDTH="16" VPOS="1396" HPOS="320"/>
							<String ID="string_299" HPOS="336" VPOS="1395" WIDTH="53" HEIGHT="20" WC="0.96" CONTENT="1919"/><SP WIDTH="13" VPOS="1395" HPOS="389"/>
							<String ID="string_300" HPOS="402" VPOS="1396" WIDTH="35" HEIGHT="26" WC="0.96" CONTENT="(nr"/><SP WIDTH="11" VPOS="1396" HPOS="437"/>
							<String ID="string_301" HPOS="448" VPOS="1395" WIDTH="50" HEIGHT="26" WC="0.96" CONTENT="240)"/><SP WIDTH="13" VPOS="1395" HPOS="498"/>
							<String ID="string_302" HPOS="511" VPOS="1401" WIDTH="35" HEIGHT="14" WC="0.93" CONTENT="om"/><SP WIDTH="12" VPOS="1401" HPOS="546"/>
							<String ID="string_303" HPOS="558" VPOS="1395" WIDTH="286" HEIGHT="20" WC="0.91" CONTENT="fondkommissionsrörelse"/><SP WIDTH="13" VPOS="1395" HPOS="844"/>
							<String ID="string_304" HPOS="857" VPOS="1395" WIDTH="39" HEIGHT="20" WC="0.92" CONTENT="och"/><SP WIDTH="14" VPOS="1395" HPOS="896"/>
							<String ID="string_305" HPOS="910" VPOS="1395" WIDTH="167" HEIGHT="20" WC="0.91" CONTENT="fondbörsverk-"/>
						</TextLine>
						<TextLine ID="line_35" HPOS="185" VPOS="1424" WIDTH="892" HEIGHT="27">
							<String ID="string_306" HPOS="185" VPOS="1426" WIDTH="92" HEIGHT="22" WC="0.96" CONTENT="samhet,"/><SP WIDTH="12" VPOS="1426" HPOS="277"/>
							<String ID="string_307" HPOS="289" VPOS="1425" WIDTH="35" HEIGHT="26" WC="0.96" CONTENT="lag"/><SP WIDTH="9" VPOS="1425" HPOS="324"/>
							<String ID="string_308" HPOS="333" VPOS="1430" WIDTH="51" HEIGHT="21" WC="0.95" CONTENT="ang."/><SP WIDTH="12" VPOS="1430" HPOS="384"/>
							<String ID="string_309" HPOS="396" VPOS="1425" WIDTH="92" HEIGHT="26" WC="0.96" CONTENT="ändring"/><SP WIDTH="12" VPOS="1425" HPOS="488"/>
							<String ID="string_310" HPOS="500" VPOS="1425" WIDTH="6" HEIGHT="19" WC="0.96" CONTENT="i"/><SP WIDTH="11" VPOS="1425" HPOS="506"/>
							<String ID="string_311" HPOS="517" VPOS="1425" WIDTH="57" HEIGHT="20" WC="0.96" CONTENT="vissa"/><SP WIDTH="13" VPOS="1425" HPOS="574"/>
							<String ID="string_312" HPOS="587" VPOS="1425" WIDTH="59" HEIGHT="20" WC="0.96" CONTENT="delar"/><SP WIDTH="10" VPOS="1425" HPOS="646"/>
							<String ID="string_313" HPOS="656" VPOS="1431" WIDTH="28" HEIGHT="14" WC="0.96" CONTENT="av"/><SP WIDTH="12" VPOS="1431" HPOS="684"/>
							<String ID="string_314" HPOS="696" VPOS="1425" WIDTH="62" HEIGHT="26" WC="0.96" CONTENT="lagen"/><SP WIDTH="12" VPOS="1425" HPOS="758"/>
							<String ID="string_315" HPOS="770" VPOS="1425" WIDTH="41" HEIGHT="19" WC="0.96" CONTENT="den"/><SP WIDTH="13" VPOS="1425" HPOS="811"/>
							<String ID="string_316" HPOS="824" VPOS="1425" WIDTH="25" HEIGHT="19" WC="0.96" CONTENT="16"/><SP WIDTH="11" VPOS="1425" HPOS="849"/>
							<String ID="string_317" HPOS="860" VPOS="1425" WIDTH="43" HEIGHT="25" WC="0.96" CONTENT="maj"/><SP WIDTH="16" VPOS="1425" HPOS="903"/>
							<String ID="string_318" HPOS="919" VPOS="1424" WIDTH="52" HEIGHT="20" WC="0.96" CONTENT="1919"/><SP WIDTH="11" VPOS="1424" HPOS="971"/>
							<String ID="string_319" HPOS="982" VPOS="1425" WIDTH="35" HEIGHT="26" WC="0.96" CONTENT="(nr"/><SP WIDTH="11" VPOS="1425" HPOS="1017"/>
							<String ID="string_320" HPOS="1028" VPOS="1424" WIDTH="49" HEIGHT="26" WC="0.95" CONTENT="242)"/>
						</TextLine>
						<TextLine ID="line_36" HPOS="185" VPOS="1454" WIDTH="893" HEIGHT="26">
							<String ID="string_321" HPOS="185" VPOS="1455" WIDTH="49" HEIGHT="20" WC="0.96" CONTENT="med"/><SP WIDTH="13" VPOS="1455" HPOS="234"/>
							<String ID="string_322" HPOS="247" VPOS="1455" WIDTH="57" HEIGHT="20" WC="0.96" CONTENT="vissa"/><SP WIDTH="14" VPOS="1455" HPOS="304"/>
							<String ID="string_323" HPOS="318" VPOS="1454" WIDTH="163" HEIGHT="21" WC="0.96" CONTENT="bestämmelser"/><SP WIDTH="13" VPOS="1454" HPOS="481"/>
							<String ID="string_324" HPOS="494" VPOS="1460" WIDTH="35" HEIGHT="14" WC="0.97" CONTENT="om"/><SP WIDTH="13" VPOS="1460" HPOS="529"/>
							<String ID="string_325" HPOS="542" VPOS="1456" WIDTH="46" HEIGHT="18" WC="0.96" CONTENT="rätt"/><SP WIDTH="12" VPOS="1456" HPOS="588"/>
							<String ID="string_326" HPOS="600" VPOS="1456" WIDTH="35" HEIGHT="18" WC="0.96" CONTENT="att"/><SP WIDTH="13" VPOS="1456" HPOS="635"/>
							<String ID="string_327" HPOS="648" VPOS="1454" WIDTH="82" HEIGHT="26" WC="0.96" CONTENT="förfoga"/><SP WIDTH="15" VPOS="1454" HPOS="730"/>
							<String ID="string_328" HPOS="745" VPOS="1456" WIDTH="51" HEIGHT="18" WC="0.96" CONTENT="över"/><SP WIDTH="12" VPOS="1456" HPOS="796"/>
							<String ID="string_329" HPOS="808" VPOS="1460" WIDTH="73" HEIGHT="14" WC="0.96" CONTENT="annan"/><SP WIDTH="13" VPOS="1460" HPOS="881"/>
							<String ID="string_330" HPOS="894" VPOS="1454" WIDTH="108" HEIGHT="26" WC="0.93" CONTENT="tillhöriga"/><SP WIDTH="13" VPOS="1454" HPOS="1002"/>
							<String ID="string_331" HPOS="1015" VPOS="1454" WIDTH="63" HEIGHT="20" WC="0.92" CONTENT="fond-"/>
						</TextLine>
						<TextLine ID="line_37" HPOS="185" VPOS="1483" WIDTH="892" HEIGHT="28">
							<String ID="string_332" HPOS="185" VPOS="1490" WIDTH="88" HEIGHT="21" WC="0.95" CONTENT="papper,"/><SP WIDTH="11" VPOS="1490" HPOS="273"/>
							<String ID="string_333" HPOS="284" VPOS="1485" WIDTH="35" HEIGHT="25" WC="0.96" CONTENT="lag"/><SP WIDTH="9" VPOS="1485" HPOS="319"/>
							<String ID="string_334" HPOS="328" VPOS="1490" WIDTH="35" HEIGHT="14" WC="0.96" CONTENT="om"/><SP WIDTH="10" VPOS="1490" HPOS="363"/>
							<String ID="string_335" HPOS="373" VPOS="1484" WIDTH="83" HEIGHT="20" WC="0.96" CONTENT="ändrad"/><SP WIDTH="10" VPOS="1484" HPOS="456"/>
							<String ID="string_336" HPOS="466" VPOS="1484" WIDTH="81" HEIGHT="26" WC="0.96" CONTENT="lydelse"/><SP WIDTH="9" VPOS="1484" HPOS="547"/>
							<String ID="string_337" HPOS="556" VPOS="1490" WIDTH="29" HEIGHT="14" WC="0.96" CONTENT="av"/><SP WIDTH="9" VPOS="1490" HPOS="585"/>
							<String ID="string_338" HPOS="594" VPOS="1484" WIDTH="47" HEIGHT="23" WC="0.96" CONTENT="213,"/><SP WIDTH="11" VPOS="1484" HPOS="641"/>
							<String ID="string_339" HPOS="652" VPOS="1484" WIDTH="40" HEIGHT="20" WC="0.96" CONTENT="214"/><SP WIDTH="10" VPOS="1484" HPOS="692"/>
							<String ID="string_340" HPOS="702" VPOS="1484" WIDTH="39" HEIGHT="20" WC="0.96" CONTENT="och"/><SP WIDTH="10" VPOS="1484" HPOS="741"/>
							<String ID="string_341" HPOS="751" VPOS="1484" WIDTH="40" HEIGHT="20" WC="0.94" CONTENT="215"/><SP WIDTH="10" VPOS="1484" HPOS="791"/>
							<String ID="string_342" HPOS="801" VPOS="1484" WIDTH="20" HEIGHT="25" WC="0.93" CONTENT="$$"/><SP WIDTH="10" VPOS="1484" HPOS="821"/>
							<String ID="string_343" HPOS="831" VPOS="1484" WIDTH="159" HEIGHT="26" WC="0.91" CONTENT="konkurslagen"/><SP WIDTH="10" VPOS="1484" HPOS="990"/>
							<String ID="string_344" HPOS="1000" VPOS="1484" WIDTH="41" HEIGHT="19" WC="0.96" CONTENT="den"/><SP WIDTH="12" VPOS="1484" HPOS="1041"/>
							<String ID="string_345" HPOS="1053" VPOS="1483" WIDTH="24" HEIGHT="20" WC="0.96" CONTENT="13"/>
						</TextLine>
						<TextLine ID="line_38" HPOS="185" VPOS="1513" WIDTH="890" HEIGHT="27">
							<String ID="string_346" HPOS="185" VPOS="1515" WIDTH="42" HEIGHT="25" WC="0.96" CONTENT="maj"/><SP WIDTH="15" VPOS="1515" HPOS="227"/>
							<String ID="string_347" HPOS="242" VPOS="1514" WIDTH="50" HEIGHT="20" WC="0.96" CONTENT="1921"/><SP WIDTH="14" VPOS="1514" HPOS="292"/>
							<String ID="string_348" HPOS="306" VPOS="1515" WIDTH="34" HEIGHT="25" WC="0.96" CONTENT="(nr"/><SP WIDTH="10" VPOS="1515" HPOS="340"/>
							<String ID="string_349" HPOS="350" VPOS="1514" WIDTH="57" HEIGHT="26" WC="0.96" CONTENT="225),"/><SP WIDTH="12" VPOS="1514" HPOS="407"/>
							<String ID="string_350" HPOS="419" VPOS="1514" WIDTH="35" HEIGHT="26" WC="0.96" CONTENT="lag"/><SP WIDTH="10" VPOS="1514" HPOS="454"/>
							<String ID="string_351" HPOS="464" VPOS="1519" WIDTH="48" HEIGHT="20" WC="0.95" CONTENT="ang."/><SP WIDTH="12" VPOS="1519" HPOS="512"/>
							<String ID="string_352" HPOS="524" VPOS="1514" WIDTH="84" HEIGHT="20" WC="0.96" CONTENT="ändrad"/><SP WIDTH="11" VPOS="1514" HPOS="608"/>
							<String ID="string_353" HPOS="619" VPOS="1513" WIDTH="81" HEIGHT="26" WC="0.96" CONTENT="lydelse"/><SP WIDTH="11" VPOS="1513" HPOS="700"/>
							<String ID="string_354" HPOS="711" VPOS="1520" WIDTH="27" HEIGHT="14" WC="0.96" CONTENT="av"/><SP WIDTH="11" VPOS="1520" HPOS="738"/>
							<String ID="string_355" HPOS="749" VPOS="1514" WIDTH="45" HEIGHT="25" WC="0.92" CONTENT="50"/><SP WIDTH="-16" VPOS="1514" HPOS="794"/>
							<String ID="string_356" HPOS="778" VPOS="1509" WIDTH="18" HEIGHT="35" WC="0.92" CONTENT="$"/><SP WIDTH="9" VPOS="1509" HPOS="796"/>
							<String ID="string_357" HPOS="805" VPOS="1514" WIDTH="62" HEIGHT="26" WC="0.96" CONTENT="lagen"/><SP WIDTH="12" VPOS="1514" HPOS="867"/>
							<String ID="string_358" HPOS="879" VPOS="1514" WIDTH="41" HEIGHT="19" WC="0.96" CONTENT="den"/><SP WIDTH="12" VPOS="1514" HPOS="920"/>
							<String ID="string_359" HPOS="932" VPOS="1513" WIDTH="25" HEIGHT="20" WC="0.96" CONTENT="13"/><SP WIDTH="11" VPOS="1513" HPOS="957"/>
							<String ID="string_360" HPOS="968" VPOS="1513" WIDTH="42" HEIGHT="26" WC="0.96" CONTENT="maj"/><SP WIDTH="15" VPOS="1513" HPOS="1010"/>
							<String ID="string_361" HPOS="1025" VPOS="1513" WIDTH="50" HEIGHT="20" WC="0.95" CONTENT="1921"/>
						</TextLine>
						<TextLine ID="line_39" HPOS="185" VPOS="1543" WIDTH="892" HEIGHT="27">
							<String ID="string_362" HPOS="185" VPOS="1545" WIDTH="35" HEIGHT="25" WC="0.96" CONTENT="(nr"/><SP WIDTH="10" VPOS="1545" HPOS="220"/>
							<String ID="string_363" HPOS="230" VPOS="1544" WIDTH="49" HEIGHT="26" WC="0.96" CONTENT="227)"/><SP WIDTH="11" VPOS="1544" HPOS="279"/>
							<String ID="string_364" HPOS="290" VPOS="1550" WIDTH="35" HEIGHT="13" WC="0.93" CONTENT="om"/><SP WIDTH="11" VPOS="1550" HPOS="325"/>
							<String ID="string_365" HPOS="336" VPOS="1543" WIDTH="232" HEIGHT="26" WC="0.90" CONTENT="ackordsförhandling"/><SP WIDTH="12" VPOS="1543" HPOS="568"/>
							<String ID="string_366" HPOS="580" VPOS="1545" WIDTH="53" HEIGHT="18" WC="0.96" CONTENT="utan"/><SP WIDTH="11" VPOS="1545" HPOS="633"/>
							<String ID="string_367" HPOS="644" VPOS="1543" WIDTH="103" HEIGHT="23" WC="0.96" CONTENT="konkurs,"/><SP WIDTH="12" VPOS="1543" HPOS="747"/>
							<String ID="string_368" HPOS="759" VPOS="1543" WIDTH="34" HEIGHT="26" WC="0.96" CONTENT="lag"/><SP WIDTH="10" VPOS="1543" HPOS="793"/>
							<String ID="string_369" HPOS="803" VPOS="1548" WIDTH="49" HEIGHT="21" WC="0.95" CONTENT="ang."/><SP WIDTH="12" VPOS="1548" HPOS="852"/>
							<String ID="string_370" HPOS="864" VPOS="1543" WIDTH="84" HEIGHT="20" WC="0.96" CONTENT="ändrad"/><SP WIDTH="10" VPOS="1543" HPOS="948"/>
							<String ID="string_371" HPOS="958" VPOS="1543" WIDTH="81" HEIGHT="26" WC="0.96" CONTENT="lydelse"/><SP WIDTH="10" VPOS="1543" HPOS="1039"/>
							<String ID="string_372" HPOS="1049" VPOS="1549" WIDTH="28" HEIGHT="14" WC="0.95" CONTENT="av"/>
						</TextLine>
						<TextLine ID="line_40" HPOS="187" VPOS="1572" WIDTH="890" HEIGHT="27">
							<String ID="string_373" HPOS="187" VPOS="1574" WIDTH="24" HEIGHT="19" WC="0.88" CONTENT="18"/><SP WIDTH="9" VPOS="1574" HPOS="211"/>
							<String ID="string_374" HPOS="220" VPOS="1574" WIDTH="10" HEIGHT="25" WC="0.91" CONTENT="$"/><SP WIDTH="10" VPOS="1574" HPOS="230"/>
							<String ID="string_375" HPOS="240" VPOS="1573" WIDTH="62" HEIGHT="26" WC="0.96" CONTENT="lagen"/><SP WIDTH="12" VPOS="1573" HPOS="302"/>
							<String ID="string_376" HPOS="314" VPOS="1573" WIDTH="41" HEIGHT="20" WC="0.96" CONTENT="den"/><SP WIDTH="11" VPOS="1573" HPOS="355"/>
							<String ID="string_377" HPOS="366" VPOS="1573" WIDTH="27" HEIGHT="20" WC="0.96" CONTENT="20"/><SP WIDTH="10" VPOS="1573" HPOS="393"/>
							<String ID="string_378" HPOS="403" VPOS="1573" WIDTH="48" HEIGHT="26" WC="0.96" CONTENT="juni"/><SP WIDTH="13" VPOS="1573" HPOS="451"/>
							<String ID="string_379" HPOS="464" VPOS="1573" WIDTH="51" HEIGHT="20" WC="0.96" CONTENT="1924"/><SP WIDTH="13" VPOS="1573" HPOS="515"/>
							<String ID="string_380" HPOS="528" VPOS="1573" WIDTH="34" HEIGHT="26" WC="0.96" CONTENT="(nr"/><SP WIDTH="11" VPOS="1573" HPOS="562"/>
							<String ID="string_381" HPOS="573" VPOS="1572" WIDTH="49" HEIGHT="27" WC="0.96" CONTENT="298)"/><SP WIDTH="12" VPOS="1572" HPOS="622"/>
							<String ID="string_382" HPOS="634" VPOS="1579" WIDTH="35" HEIGHT="14" WC="0.96" CONTENT="om"/><SP WIDTH="11" VPOS="1579" HPOS="669"/>
							<String ID="string_383" HPOS="680" VPOS="1573" WIDTH="44" HEIGHT="19" WC="0.93" CONTENT="viss"/><SP WIDTH="11" VPOS="1573" HPOS="724"/>
							<String ID="string_384" HPOS="735" VPOS="1574" WIDTH="101" HEIGHT="25" WC="0.91" CONTENT="panträtt"/><SP WIDTH="10" VPOS="1574" HPOS="836"/>
							<String ID="string_385" HPOS="846" VPOS="1573" WIDTH="6" HEIGHT="20" WC="0.96" CONTENT="i"/><SP WIDTH="11" VPOS="1573" HPOS="852"/>
							<String ID="string_386" HPOS="863" VPOS="1573" WIDTH="122" HEIGHT="26" WC="0.95" CONTENT="spannmål,"/><SP WIDTH="12" VPOS="1573" HPOS="985"/>
							<String ID="string_387" HPOS="997" VPOS="1572" WIDTH="34" HEIGHT="27" WC="0.95" CONTENT="lag"/><SP WIDTH="11" VPOS="1572" HPOS="1031"/>
							<String ID="string_388" HPOS="1042" VPOS="1578" WIDTH="35" HEIGHT="14" WC="0.96" CONTENT="om"/>
						</TextLine>
						<TextLine ID="line_41" HPOS="185" VPOS="1602" WIDTH="892" HEIGHT="27">
							<String ID="string_389" HPOS="185" VPOS="1603" WIDTH="82" HEIGHT="20" WC="0.96" CONTENT="ändrad"/><SP WIDTH="13" VPOS="1603" HPOS="267"/>
							<String ID="string_390" HPOS="280" VPOS="1603" WIDTH="80" HEIGHT="26" WC="0.96" CONTENT="lydelse"/><SP WIDTH="12" VPOS="1603" HPOS="360"/>
							<String ID="string_391" HPOS="372" VPOS="1609" WIDTH="27" HEIGHT="14" WC="0.96" CONTENT="av"/><SP WIDTH="15" VPOS="1609" HPOS="399"/>
							<String ID="string_392" HPOS="414" VPOS="1603" WIDTH="42" HEIGHT="25" WC="0.85" CONTENT="15"/><SP WIDTH="-15" VPOS="1603" HPOS="456"/>
							<String ID="string_393" HPOS="441" VPOS="1598" WIDTH="18" HEIGHT="35" WC="0.85" CONTENT="$"/><SP WIDTH="10" VPOS="1598" HPOS="459"/>
							<String ID="string_394" HPOS="469" VPOS="1602" WIDTH="189" HEIGHT="27" WC="0.91" CONTENT="bokföringslagen"/><SP WIDTH="13" VPOS="1602" HPOS="658"/>
							<String ID="string_395" HPOS="671" VPOS="1603" WIDTH="40" HEIGHT="19" WC="0.95" CONTENT="den"/><SP WIDTH="12" VPOS="1603" HPOS="711"/>
							<String ID="string_396" HPOS="723" VPOS="1603" WIDTH="24" HEIGHT="19" WC="0.95" CONTENT="31"/><SP WIDTH="14" VPOS="1603" HPOS="747"/>
							<String ID="string_397" HPOS="761" VPOS="1603" WIDTH="43" HEIGHT="25" WC="0.96" CONTENT="maj"/><SP WIDTH="15" VPOS="1603" HPOS="804"/>
							<String ID="string_398" HPOS="819" VPOS="1602" WIDTH="52" HEIGHT="20" WC="0.96" CONTENT="1929"/><SP WIDTH="12" VPOS="1602" HPOS="871"/>
							<String ID="string_399" HPOS="883" VPOS="1603" WIDTH="34" HEIGHT="25" WC="0.96" CONTENT="(nr"/><SP WIDTH="13" VPOS="1603" HPOS="917"/>
							<String ID="string_400" HPOS="930" VPOS="1602" WIDTH="55" HEIGHT="26" WC="0.96" CONTENT="117),"/><SP WIDTH="12" VPOS="1602" HPOS="985"/>
							<String ID="string_401" HPOS="997" VPOS="1602" WIDTH="34" HEIGHT="26" WC="0.95" CONTENT="lag"/><SP WIDTH="12" VPOS="1602" HPOS="1031"/>
							<String ID="string_402" HPOS="1043" VPOS="1608" WIDTH="34" HEIGHT="14" WC="0.96" CONTENT="om"/>
						</TextLine>
						<TextLine ID="line_42" HPOS="185" VPOS="1632" WIDTH="892" HEIGHT="27">
							<String ID="string_403" HPOS="185" VPOS="1633" WIDTH="83" HEIGHT="21" WC="0.96" CONTENT="ändrad"/><SP WIDTH="15" VPOS="1633" HPOS="268"/>
							<String ID="string_404" HPOS="283" VPOS="1632" WIDTH="81" HEIGHT="27" WC="0.96" CONTENT="lydelse"/><SP WIDTH="15" VPOS="1632" HPOS="364"/>
							<String ID="string_405" HPOS="379" VPOS="1639" WIDTH="28" HEIGHT="13" WC="0.93" CONTENT="av"/><SP WIDTH="15" VPOS="1639" HPOS="407"/>
							<String ID="string_406" HPOS="422" VPOS="1632" WIDTH="45" HEIGHT="25" WC="0.90" CONTENT="74$"/><SP WIDTH="16" VPOS="1632" HPOS="467"/>
							<String ID="string_407" HPOS="483" VPOS="1632" WIDTH="130" HEIGHT="26" WC="0.92" CONTENT="checklagen"/><SP WIDTH="16" VPOS="1632" HPOS="613"/>
							<String ID="string_408" HPOS="629" VPOS="1632" WIDTH="41" HEIGHT="20" WC="0.95" CONTENT="den"/><SP WIDTH="18" VPOS="1632" HPOS="670"/>
							<String ID="string_409" HPOS="688" VPOS="1632" WIDTH="25" HEIGHT="20" WC="0.95" CONTENT="13"/><SP WIDTH="15" VPOS="1632" HPOS="713"/>
							<String ID="string_410" HPOS="728" VPOS="1632" WIDTH="43" HEIGHT="26" WC="0.96" CONTENT="maj"/><SP WIDTH="19" VPOS="1632" HPOS="771"/>
							<String ID="string_411" HPOS="790" VPOS="1632" WIDTH="52" HEIGHT="20" WC="0.96" CONTENT="1932"/><SP WIDTH="16" VPOS="1632" HPOS="842"/>
							<String ID="string_412" HPOS="858" VPOS="1633" WIDTH="34" HEIGHT="25" WC="0.96" CONTENT="(nr"/><SP WIDTH="16" VPOS="1633" HPOS="892"/>
							<String ID="string_413" HPOS="908" VPOS="1632" WIDTH="55" HEIGHT="26" WC="0.95" CONTENT="131),"/><SP WIDTH="16" VPOS="1632" HPOS="963"/>
							<String ID="string_414" HPOS="979" VPOS="1632" WIDTH="35" HEIGHT="26" WC="0.96" CONTENT="lag"/><SP WIDTH="14" VPOS="1632" HPOS="1014"/>
							<String ID="string_415" HPOS="1028" VPOS="1637" WIDTH="49" HEIGHT="21" WC="0.96" CONTENT="ang."/>
						</TextLine>
						<TextLine ID="line_43" HPOS="185" VPOS="1661" WIDTH="893" HEIGHT="27">
							<String ID="string_416" HPOS="185" VPOS="1663" WIDTH="83" HEIGHT="20" WC="0.96" CONTENT="ändrad"/><SP WIDTH="9" VPOS="1663" HPOS="268"/>
							<String ID="string_417" HPOS="277" VPOS="1662" WIDTH="81" HEIGHT="26" WC="0.96" CONTENT="lydelse"/><SP WIDTH="9" VPOS="1662" HPOS="358"/>
							<String ID="string_418" HPOS="367" VPOS="1668" WIDTH="27" HEIGHT="14" WC="0.93" CONTENT="av"/><SP WIDTH="11" VPOS="1668" HPOS="394"/>
							<String ID="string_419" HPOS="405" VPOS="1662" WIDTH="29" HEIGHT="25" WC="0.85" CONTENT="1$"/><SP WIDTH="9" VPOS="1662" HPOS="434"/>
							<String ID="string_420" HPOS="443" VPOS="1662" WIDTH="61" HEIGHT="26" WC="0.96" CONTENT="lagen"/><SP WIDTH="10" VPOS="1662" HPOS="504"/>
							<String ID="string_421" HPOS="514" VPOS="1662" WIDTH="41" HEIGHT="20" WC="0.96" CONTENT="den"/><SP WIDTH="11" VPOS="1662" HPOS="555"/>
							<String ID="string_422" HPOS="566" VPOS="1662" WIDTH="25" HEIGHT="20" WC="0.96" CONTENT="12"/><SP WIDTH="9" VPOS="1662" HPOS="591"/>
							<String ID="string_423" HPOS="600" VPOS="1662" WIDTH="42" HEIGHT="26" WC="0.95" CONTENT="maj"/><SP WIDTH="13" VPOS="1662" HPOS="642"/>
							<String ID="string_424" HPOS="655" VPOS="1662" WIDTH="52" HEIGHT="20" WC="0.96" CONTENT="1933"/><SP WIDTH="9" VPOS="1662" HPOS="707"/>
							<String ID="string_425" HPOS="716" VPOS="1662" WIDTH="35" HEIGHT="26" WC="0.96" CONTENT="(nr"/><SP WIDTH="9" VPOS="1662" HPOS="751"/>
							<String ID="string_426" HPOS="760" VPOS="1662" WIDTH="48" HEIGHT="26" WC="0.96" CONTENT="182)"/><SP WIDTH="9" VPOS="1662" HPOS="808"/>
							<String ID="string_427" HPOS="817" VPOS="1668" WIDTH="35" HEIGHT="13" WC="0.96" CONTENT="om"/><SP WIDTH="10" VPOS="1668" HPOS="852"/>
							<String ID="string_428" HPOS="862" VPOS="1662" WIDTH="56" HEIGHT="20" WC="0.96" CONTENT="vissa"/><SP WIDTH="10" VPOS="1662" HPOS="918"/>
							<String ID="string_429" HPOS="928" VPOS="1661" WIDTH="150" HEIGHT="26" WC="0.96" CONTENT="tvångsmedel"/>
						</TextLine>
						<TextLine ID="line_44" HPOS="185" VPOS="1691" WIDTH="892" HEIGHT="27">
							<String ID="string_430" HPOS="185" VPOS="1693" WIDTH="6" HEIGHT="19" WC="0.96" CONTENT="i"/><SP WIDTH="11" VPOS="1693" HPOS="191"/>
							<String ID="string_431" HPOS="202" VPOS="1692" WIDTH="112" HEIGHT="23" WC="0.96" CONTENT="brottmål,"/><SP WIDTH="11" VPOS="1692" HPOS="314"/>
							<String ID="string_432" HPOS="325" VPOS="1692" WIDTH="35" HEIGHT="26" WC="0.96" CONTENT="lag"/><SP WIDTH="10" VPOS="1692" HPOS="360"/>
							<String ID="string_433" HPOS="370" VPOS="1697" WIDTH="48" HEIGHT="21" WC="0.96" CONTENT="ang."/><SP WIDTH="12" VPOS="1697" HPOS="418"/>
							<String ID="string_434" HPOS="430" VPOS="1692" WIDTH="83" HEIGHT="20" WC="0.96" CONTENT="ändrad"/><SP WIDTH="11" VPOS="1692" HPOS="513"/>
							<String ID="string_435" HPOS="524" VPOS="1691" WIDTH="81" HEIGHT="27" WC="0.96" CONTENT="lydelse"/><SP WIDTH="10" VPOS="1691" HPOS="605"/>
							<String ID="string_436" HPOS="615" VPOS="1697" WIDTH="28" HEIGHT="14" WC="0.96" CONTENT="av"/><SP WIDTH="11" VPOS="1697" HPOS="643"/>
							<String ID="string_437" HPOS="654" VPOS="1691" WIDTH="61" HEIGHT="26" WC="0.96" CONTENT="lagen"/><SP WIDTH="12" VPOS="1691" HPOS="715"/>
							<String ID="string_438" HPOS="727" VPOS="1692" WIDTH="41" HEIGHT="19" WC="0.96" CONTENT="den"/><SP WIDTH="12" VPOS="1692" HPOS="768"/>
							<String ID="string_439" HPOS="780" VPOS="1691" WIDTH="25" HEIGHT="20" WC="0.96" CONTENT="15"/><SP WIDTH="10" VPOS="1691" HPOS="805"/>
							<String ID="string_440" HPOS="815" VPOS="1691" WIDTH="47" HEIGHT="26" WC="0.96" CONTENT="juni"/><SP WIDTH="12" VPOS="1691" HPOS="862"/>
							<String ID="string_441" HPOS="874" VPOS="1691" WIDTH="53" HEIGHT="20" WC="0.96" CONTENT="1934"/><SP WIDTH="10" VPOS="1691" HPOS="927"/>
							<String ID="string_442" HPOS="937" VPOS="1691" WIDTH="35" HEIGHT="26" WC="0.95" CONTENT="(nr"/><SP WIDTH="9" VPOS="1691" HPOS="972"/>
							<String ID="string_443" HPOS="981" VPOS="1691" WIDTH="50" HEIGHT="26" WC="0.95" CONTENT="305)"/><SP WIDTH="11" VPOS="1691" HPOS="1031"/>
							<String ID="string_444" HPOS="1042" VPOS="1697" WIDTH="35" HEIGHT="14" WC="0.96" CONTENT="om"/>
						</TextLine>
						<TextLine ID="line_45" HPOS="185" VPOS="1721" WIDTH="893" HEIGHT="27">
							<String ID="string_445" HPOS="185" VPOS="1722" WIDTH="162" HEIGHT="26" WC="0.96" CONTENT="handläggning"/><SP WIDTH="7" VPOS="1722" HPOS="347"/>
							<String ID="string_446" HPOS="354" VPOS="1722" WIDTH="59" HEIGHT="19" WC="0.96" CONTENT="inom"/><SP WIDTH="9" VPOS="1722" HPOS="413"/>
							<String ID="string_447" HPOS="422" VPOS="1722" WIDTH="93" HEIGHT="25" WC="0.96" CONTENT="stängda"/><SP WIDTH="10" VPOS="1722" HPOS="515"/>
							<String ID="string_448" HPOS="525" VPOS="1722" WIDTH="74" HEIGHT="19" WC="0.96" CONTENT="dörrar"/><SP WIDTH="8" VPOS="1722" HPOS="599"/>
							<String ID="string_449" HPOS="607" VPOS="1727" WIDTH="28" HEIGHT="14" WC="0.96" CONTENT="av"/><SP WIDTH="8" VPOS="1727" HPOS="635"/>
							<String ID="string_450" HPOS="643" VPOS="1721" WIDTH="44" HEIGHT="20" WC="0.96" CONTENT="mål"/><SP WIDTH="9" VPOS="1721" HPOS="687"/>
							<String ID="string_451" HPOS="696" VPOS="1727" WIDTH="34" HEIGHT="14" WC="0.96" CONTENT="om"/><SP WIDTH="10" VPOS="1727" HPOS="730"/>
							<String ID="string_452" HPOS="740" VPOS="1721" WIDTH="144" HEIGHT="26" WC="0.96" CONTENT="utpressning,"/><SP WIDTH="10" VPOS="1721" HPOS="884"/>
							<String ID="string_453" HPOS="894" VPOS="1721" WIDTH="34" HEIGHT="26" WC="0.96" CONTENT="lag"/><SP WIDTH="8" VPOS="1721" HPOS="928"/>
							<String ID="string_454" HPOS="936" VPOS="1726" WIDTH="49" HEIGHT="21" WC="0.95" CONTENT="ang."/><SP WIDTH="9" VPOS="1726" HPOS="985"/>
							<String ID="string_455" HPOS="994" VPOS="1721" WIDTH="84" HEIGHT="20" WC="0.96" CONTENT="ändrad"/>
						</TextLine>
						<TextLine ID="line_46" HPOS="185" VPOS="1750" WIDTH="893" HEIGHT="28">
							<String ID="string_456" HPOS="185" VPOS="1752" WIDTH="80" HEIGHT="26" WC="0.96" CONTENT="lydelse"/><SP WIDTH="13" VPOS="1752" HPOS="265"/>
							<String ID="string_457" HPOS="278" VPOS="1758" WIDTH="28" HEIGHT="13" WC="0.96" CONTENT="av"/><SP WIDTH="13" VPOS="1758" HPOS="306"/>
							<String ID="string_458" HPOS="319" VPOS="1751" WIDTH="27" HEIGHT="20" WC="0.96" CONTENT="29"/><SP WIDTH="13" VPOS="1751" HPOS="346"/>
							<String ID="string_459" HPOS="359" VPOS="1751" WIDTH="40" HEIGHT="20" WC="0.96" CONTENT="och"/><SP WIDTH="13" VPOS="1751" HPOS="399"/>
							<String ID="string_460" HPOS="412" VPOS="1751" WIDTH="24" HEIGHT="20" WC="0.94" CONTENT="31"/><SP WIDTH="16" VPOS="1751" HPOS="436"/>
							<String ID="string_461" HPOS="452" VPOS="1751" WIDTH="20" HEIGHT="25" WC="0.96" CONTENT="$$"/><SP WIDTH="13" VPOS="1751" HPOS="472"/>
							<String ID="string_462" HPOS="485" VPOS="1751" WIDTH="62" HEIGHT="26" WC="0.96" CONTENT="lagen"/><SP WIDTH="14" VPOS="1751" HPOS="547"/>
							<String ID="string_463" HPOS="561" VPOS="1751" WIDTH="41" HEIGHT="20" WC="0.95" CONTENT="den"/><SP WIDTH="14" VPOS="1751" HPOS="602"/>
							<String ID="string_464" HPOS="616" VPOS="1751" WIDTH="12" HEIGHT="20" WC="0.96" CONTENT="3"/><SP WIDTH="12" VPOS="1751" HPOS="628"/>
							<String ID="string_465" HPOS="640" VPOS="1751" WIDTH="48" HEIGHT="25" WC="0.96" CONTENT="juni"/><SP WIDTH="14" VPOS="1751" HPOS="688"/>
							<String ID="string_466" HPOS="702" VPOS="1751" WIDTH="53" HEIGHT="20" WC="0.96" CONTENT="1938"/><SP WIDTH="13" VPOS="1751" HPOS="755"/>
							<String ID="string_467" HPOS="768" VPOS="1751" WIDTH="35" HEIGHT="26" WC="0.96" CONTENT="(nr"/><SP WIDTH="12" VPOS="1751" HPOS="803"/>
							<String ID="string_468" HPOS="815" VPOS="1751" WIDTH="49" HEIGHT="26" WC="0.96" CONTENT="274)"/><SP WIDTH="14" VPOS="1751" HPOS="864"/>
							<String ID="string_469" HPOS="878" VPOS="1757" WIDTH="35" HEIGHT="13" WC="0.96" CONTENT="om"/><SP WIDTH="13" VPOS="1757" HPOS="913"/>
							<String ID="string_470" HPOS="926" VPOS="1752" WIDTH="46" HEIGHT="19" WC="0.96" CONTENT="rätt"/><SP WIDTH="12" VPOS="1752" HPOS="972"/>
							<String ID="string_471" HPOS="984" VPOS="1750" WIDTH="33" HEIGHT="21" WC="0.96" CONTENT="till"/><SP WIDTH="12" VPOS="1750" HPOS="1017"/>
							<String ID="string_472" HPOS="1029" VPOS="1750" WIDTH="49" HEIGHT="26" WC="0.96" CONTENT="jakt"/>
						</TextLine>
						<TextLine ID="line_47" HPOS="185" VPOS="1780" WIDTH="893" HEIGHT="27">
							<String ID="string_473" HPOS="185" VPOS="1783" WIDTH="58" HEIGHT="18" WC="0.96" CONTENT="samt"/><SP WIDTH="11" VPOS="1783" HPOS="243"/>
							<String ID="string_474" HPOS="254" VPOS="1781" WIDTH="35" HEIGHT="26" WC="0.96" CONTENT="lag"/><SP WIDTH="11" VPOS="1781" HPOS="289"/>
							<String ID="string_475" HPOS="300" VPOS="1787" WIDTH="49" HEIGHT="20" WC="0.96" CONTENT="ang."/><SP WIDTH="13" VPOS="1787" HPOS="349"/>
							<String ID="string_476" HPOS="362" VPOS="1781" WIDTH="84" HEIGHT="20" WC="0.96" CONTENT="ändrad"/><SP WIDTH="12" VPOS="1781" HPOS="446"/>
							<String ID="string_477" HPOS="458" VPOS="1781" WIDTH="81" HEIGHT="26" WC="0.96" CONTENT="lydelse"/><SP WIDTH="12" VPOS="1781" HPOS="539"/>
							<String ID="string_478" HPOS="551" VPOS="1787" WIDTH="28" HEIGHT="13" WC="0.96" CONTENT="av"/><SP WIDTH="15" VPOS="1787" HPOS="579"/>
							<String ID="string_479" HPOS="594" VPOS="1781" WIDTH="31" HEIGHT="22" WC="0.96" CONTENT="10,"/><SP WIDTH="15" VPOS="1781" HPOS="625"/>
							<String ID="string_480" HPOS="640" VPOS="1781" WIDTH="24" HEIGHT="19" WC="0.96" CONTENT="12"/><SP WIDTH="13" VPOS="1781" HPOS="664"/>
							<String ID="string_481" HPOS="677" VPOS="1781" WIDTH="39" HEIGHT="19" WC="0.96" CONTENT="och"/><SP WIDTH="15" VPOS="1781" HPOS="716"/>
							<String ID="string_482" HPOS="731" VPOS="1781" WIDTH="24" HEIGHT="19" WC="0.96" CONTENT="13"/><SP WIDTH="12" VPOS="1781" HPOS="755"/>
							<String ID="string_483" HPOS="767" VPOS="1781" WIDTH="20" HEIGHT="25" WC="0.96" CONTENT="$$"/><SP WIDTH="12" VPOS="1781" HPOS="787"/>
							<String ID="string_484" HPOS="799" VPOS="1781" WIDTH="62" HEIGHT="25" WC="0.96" CONTENT="lagen"/><SP WIDTH="13" VPOS="1781" HPOS="861"/>
							<String ID="string_485" HPOS="874" VPOS="1781" WIDTH="41" HEIGHT="19" WC="0.96" CONTENT="den"/><SP WIDTH="14" VPOS="1781" HPOS="915"/>
							<String ID="string_486" HPOS="929" VPOS="1781" WIDTH="24" HEIGHT="20" WC="0.96" CONTENT="17"/><SP WIDTH="11" VPOS="1781" HPOS="953"/>
							<String ID="string_487" HPOS="964" VPOS="1780" WIDTH="48" HEIGHT="26" WC="0.96" CONTENT="juni"/><SP WIDTH="13" VPOS="1780" HPOS="1012"/>
							<String ID="string_488" HPOS="1025" VPOS="1780" WIDTH="53" HEIGHT="20" WC="0.96" CONTENT="1938"/>
						</TextLine>
						<TextLine ID="line_48" HPOS="185" VPOS="1810" WIDTH="892" HEIGHT="27">
							<String ID="string_489" HPOS="185" VPOS="1812" WIDTH="35" HEIGHT="25" WC="0.96" CONTENT="(nr"/><SP WIDTH="14" VPOS="1812" HPOS="220"/>
							<String ID="string_490" HPOS="234" VPOS="1811" WIDTH="49" HEIGHT="26" WC="0.96" CONTENT="318)"/><SP WIDTH="16" VPOS="1811" HPOS="283"/>
							<String ID="string_491" HPOS="299" VPOS="1817" WIDTH="34" HEIGHT="14" WC="0.96" CONTENT="om"/><SP WIDTH="15" VPOS="1817" HPOS="333"/>
							<String ID="string_492" HPOS="348" VPOS="1811" WIDTH="139" HEIGHT="26" WC="0.96" CONTENT="avbrytande"/><SP WIDTH="15" VPOS="1811" HPOS="487"/>
							<String ID="string_493" HPOS="502" VPOS="1816" WIDTH="28" HEIGHT="14" WC="0.93" CONTENT="av"/><SP WIDTH="15" VPOS="1816" HPOS="530"/>
							<String ID="string_494" HPOS="545" VPOS="1810" WIDTH="165" HEIGHT="26" WC="0.90" CONTENT="havandeskap;"/><SP WIDTH="16" VPOS="1810" HPOS="710"/>
							<String ID="string_495" HPOS="726" VPOS="1810" WIDTH="39" HEIGHT="20" WC="0.96" CONTENT="och"/><SP WIDTH="15" VPOS="1810" HPOS="765"/>
							<String ID="string_496" HPOS="780" VPOS="1810" WIDTH="72" HEIGHT="20" WC="0.93" CONTENT="avslår"/><SP WIDTH="15" VPOS="1810" HPOS="852"/>
							<String ID="string_497" HPOS="867" VPOS="1810" WIDTH="41" HEIGHT="20" WC="0.91" CONTENT="RD"/><SP WIDTH="15" VPOS="1810" HPOS="908"/>
							<String ID="string_498" HPOS="923" VPOS="1815" WIDTH="78" HEIGHT="21" WC="0.96" CONTENT="genom"/><SP WIDTH="16" VPOS="1815" HPOS="1001"/>
							<String ID="string_499" HPOS="1017" VPOS="1816" WIDTH="60" HEIGHT="20" WC="0.96" CONTENT="prop."/>
						</TextLine>
						<TextLine ID="line_49" HPOS="185" VPOS="1839" WIDTH="893" HEIGHT="27">
							<String ID="string_500" HPOS="185" VPOS="1841" WIDTH="122" HEIGHT="25" WC="0.96" CONTENT="framlagda"/><SP WIDTH="13" VPOS="1841" HPOS="307"/>
							<String ID="string_501" HPOS="320" VPOS="1840" WIDTH="80" HEIGHT="26" WC="0.96" CONTENT="förslag"/><SP WIDTH="13" VPOS="1840" HPOS="400"/>
							<String ID="string_502" HPOS="413" VPOS="1840" WIDTH="33" HEIGHT="20" WC="0.96" CONTENT="till"/><SP WIDTH="13" VPOS="1840" HPOS="446"/>
							<String ID="string_503" HPOS="459" VPOS="1840" WIDTH="34" HEIGHT="26" WC="0.96" CONTENT="lag"/><SP WIDTH="13" VPOS="1840" HPOS="493"/>
							<String ID="string_504" HPOS="506" VPOS="1845" WIDTH="49" HEIGHT="21" WC="0.95" CONTENT="ang."/><SP WIDTH="14" VPOS="1845" HPOS="555"/>
							<String ID="string_505" HPOS="569" VPOS="1840" WIDTH="84" HEIGHT="20" WC="0.96" CONTENT="ändrad"/><SP WIDTH="13" VPOS="1840" HPOS="653"/>
							<String ID="string_506" HPOS="666" VPOS="1840" WIDTH="81" HEIGHT="26" WC="0.96" CONTENT="lydelse"/><SP WIDTH="13" VPOS="1840" HPOS="747"/>
							<String ID="string_507" HPOS="760" VPOS="1846" WIDTH="28" HEIGHT="14" WC="0.96" CONTENT="av"/><SP WIDTH="15" VPOS="1846" HPOS="788"/>
							<String ID="string_508" HPOS="803" VPOS="1840" WIDTH="24" HEIGHT="20" WC="0.93" CONTENT="15"/><SP WIDTH="13" VPOS="1840" HPOS="827"/>
							<String ID="string_509" HPOS="840" VPOS="1840" WIDTH="10" HEIGHT="25" WC="0.93" CONTENT="$"/><SP WIDTH="13" VPOS="1840" HPOS="850"/>
							<String ID="string_510" HPOS="863" VPOS="1840" WIDTH="61" HEIGHT="26" WC="0.96" CONTENT="lagen"/><SP WIDTH="14" VPOS="1840" HPOS="924"/>
							<String ID="string_511" HPOS="938" VPOS="1840" WIDTH="41" HEIGHT="20" WC="0.96" CONTENT="den"/><SP WIDTH="15" VPOS="1840" HPOS="979"/>
							<String ID="string_512" HPOS="994" VPOS="1840" WIDTH="25" HEIGHT="20" WC="0.95" CONTENT="13"/><SP WIDTH="12" VPOS="1840" HPOS="1019"/>
							<String ID="string_513" HPOS="1031" VPOS="1839" WIDTH="47" HEIGHT="26" WC="0.95" CONTENT="juni"/>
						</TextLine>
						<TextLine ID="line_50" HPOS="187" VPOS="1869" WIDTH="891" HEIGHT="27">
							<String ID="string_514" HPOS="187" VPOS="1870" WIDTH="49" HEIGHT="20" WC="0.96" CONTENT="1921"/><SP WIDTH="16" VPOS="1870" HPOS="236"/>
							<String ID="string_515" HPOS="252" VPOS="1871" WIDTH="34" HEIGHT="25" WC="0.96" CONTENT="(nr"/><SP WIDTH="11" VPOS="1871" HPOS="286"/>
							<String ID="string_516" HPOS="297" VPOS="1870" WIDTH="49" HEIGHT="26" WC="0.96" CONTENT="299)"/><SP WIDTH="13" VPOS="1870" HPOS="346"/>
							<String ID="string_517" HPOS="359" VPOS="1876" WIDTH="35" HEIGHT="14" WC="0.96" CONTENT="om"/><SP WIDTH="12" VPOS="1876" HPOS="394"/>
							<String ID="string_518" HPOS="406" VPOS="1869" WIDTH="134" HEIGHT="27" WC="0.96" CONTENT="förvaltning"/><SP WIDTH="11" VPOS="1869" HPOS="540"/>
							<String ID="string_519" HPOS="551" VPOS="1876" WIDTH="28" HEIGHT="14" WC="0.92" CONTENT="av"/><SP WIDTH="12" VPOS="1876" HPOS="579"/>
							<String ID="string_520" HPOS="591" VPOS="1869" WIDTH="201" HEIGHT="27" WC="0.92" CONTENT="bysamfälligheter"/><SP WIDTH="11" VPOS="1869" HPOS="792"/>
							<String ID="string_521" HPOS="803" VPOS="1870" WIDTH="40" HEIGHT="19" WC="0.96" CONTENT="och"/><SP WIDTH="12" VPOS="1870" HPOS="843"/>
							<String ID="string_522" HPOS="855" VPOS="1870" WIDTH="89" HEIGHT="20" WC="0.96" CONTENT="därmed"/><SP WIDTH="11" VPOS="1870" HPOS="944"/>
							<String ID="string_523" HPOS="955" VPOS="1869" WIDTH="123" HEIGHT="26" WC="0.96" CONTENT="jämförliga"/>
						</TextLine>
						<TextLine ID="line_51" HPOS="185" VPOS="1899" WIDTH="893" HEIGHT="27">
							<String ID="string_524" HPOS="185" VPOS="1900" WIDTH="115" HEIGHT="20" WC="0.95" CONTENT="samfällda"/><SP WIDTH="11" VPOS="1900" HPOS="300"/>
							<String ID="string_525" HPOS="311" VPOS="1902" WIDTH="52" HEIGHT="24" WC="0.96" CONTENT="ägor"/><SP WIDTH="11" VPOS="1902" HPOS="363"/>
							<String ID="string_526" HPOS="374" VPOS="1900" WIDTH="39" HEIGHT="19" WC="0.96" CONTENT="och"/><SP WIDTH="11" VPOS="1900" HPOS="413"/>
							<String ID="string_527" HPOS="424" VPOS="1900" WIDTH="130" HEIGHT="25" WC="0.96" CONTENT="rättigheter"/><SP WIDTH="10" VPOS="1900" HPOS="554"/>
							<String ID="string_528" HPOS="564" VPOS="1901" WIDTH="58" HEIGHT="18" WC="0.96" CONTENT="samt"/><SP WIDTH="10" VPOS="1901" HPOS="622"/>
							<String ID="string_529" HPOS="632" VPOS="1899" WIDTH="35" HEIGHT="26" WC="0.95" CONTENT="lag"/><SP WIDTH="10" VPOS="1899" HPOS="667"/>
							<String ID="string_530" HPOS="677" VPOS="1905" WIDTH="49" HEIGHT="20" WC="0.96" CONTENT="ang."/><SP WIDTH="12" VPOS="1905" HPOS="726"/>
							<String ID="string_531" HPOS="738" VPOS="1899" WIDTH="82" HEIGHT="20" WC="0.96" CONTENT="ändrad"/><SP WIDTH="12" VPOS="1899" HPOS="820"/>
							<String ID="string_532" HPOS="832" VPOS="1899" WIDTH="80" HEIGHT="26" WC="0.96" CONTENT="lydelse"/><SP WIDTH="10" VPOS="1899" HPOS="912"/>
							<String ID="string_533" HPOS="922" VPOS="1905" WIDTH="28" HEIGHT="14" WC="0.96" CONTENT="av"/><SP WIDTH="11" VPOS="1905" HPOS="950"/>
							<String ID="string_534" HPOS="961" VPOS="1899" WIDTH="26" HEIGHT="20" WC="0.92" CONTENT="59"/><SP WIDTH="9" VPOS="1899" HPOS="987"/>
							<String ID="string_535" HPOS="996" VPOS="1900" WIDTH="10" HEIGHT="24" WC="0.92" CONTENT="$"/><SP WIDTH="10" VPOS="1900" HPOS="1006"/>
							<String ID="string_536" HPOS="1016" VPOS="1899" WIDTH="62" HEIGHT="26" WC="0.96" CONTENT="lagen"/>
						</TextLine>
						<TextLine ID="line_52" HPOS="186" VPOS="1929" WIDTH="893" HEIGHT="26">
							<String ID="string_537" HPOS="186" VPOS="1930" WIDTH="41" HEIGHT="20" WC="0.96" CONTENT="den"/><SP WIDTH="10" VPOS="1930" HPOS="227"/>
							<String ID="string_538" HPOS="237" VPOS="1930" WIDTH="13" HEIGHT="20" WC="0.96" CONTENT="2"/><SP WIDTH="8" VPOS="1930" HPOS="250"/>
							<String ID="string_539" HPOS="258" VPOS="1930" WIDTH="48" HEIGHT="25" WC="0.96" CONTENT="juni"/><SP WIDTH="12" VPOS="1930" HPOS="306"/>
							<String ID="string_540" HPOS="318" VPOS="1929" WIDTH="52" HEIGHT="20" WC="0.96" CONTENT="1933"/><SP WIDTH="11" VPOS="1929" HPOS="370"/>
							<String ID="string_541" HPOS="381" VPOS="1930" WIDTH="34" HEIGHT="25" WC="0.96" CONTENT="(nr"/><SP WIDTH="9" VPOS="1930" HPOS="415"/>
							<String ID="string_542" HPOS="424" VPOS="1929" WIDTH="49" HEIGHT="26" WC="0.96" CONTENT="269)"/><SP WIDTH="11" VPOS="1929" HPOS="473"/>
							<String ID="string_543" HPOS="484" VPOS="1935" WIDTH="35" HEIGHT="13" WC="0.93" CONTENT="om"/><SP WIDTH="9" VPOS="1935" HPOS="519"/>
							<String ID="string_544" HPOS="528" VPOS="1929" WIDTH="89" HEIGHT="26" WC="0.92" CONTENT="ägofred"/><SP WIDTH="10" VPOS="1929" HPOS="617"/>
							<String ID="string_545" HPOS="627" VPOS="1929" WIDTH="116" HEIGHT="26" WC="0.96" CONTENT="(avseende"/><SP WIDTH="10" VPOS="1929" HPOS="743"/>
							<String ID="string_546" HPOS="753" VPOS="1929" WIDTH="83" HEIGHT="20" WC="0.96" CONTENT="ändrad"/><SP WIDTH="10" VPOS="1929" HPOS="836"/>
							<String ID="string_547" HPOS="846" VPOS="1929" WIDTH="136" HEIGHT="26" WC="0.96" CONTENT="lagstiftning"/><SP WIDTH="10" VPOS="1929" HPOS="982"/>
							<String ID="string_548" HPOS="992" VPOS="1935" WIDTH="34" HEIGHT="13" WC="0.92" CONTENT="om"/><SP WIDTH="11" VPOS="1935" HPOS="1026"/>
							<String ID="string_549" HPOS="1037" VPOS="1929" WIDTH="42" HEIGHT="19" WC="0.92" CONTENT="för-"/>
						</TextLine>
						<TextLine ID="line_53" HPOS="186" VPOS="1958" WIDTH="659" HEIGHT="27">
							<String ID="string_550" HPOS="186" VPOS="1959" WIDTH="216" HEIGHT="26" WC="0.91" CONTENT="mögenhetsbrotten"/><SP WIDTH="11" VPOS="1959" HPOS="402"/>
							<String ID="string_551" HPOS="413" VPOS="1960" WIDTH="58" HEIGHT="18" WC="0.96" CONTENT="samt"/><SP WIDTH="10" VPOS="1960" HPOS="471"/>
							<String ID="string_552" HPOS="481" VPOS="1964" WIDTH="34" HEIGHT="14" WC="0.96" CONTENT="om"/><SP WIDTH="11" VPOS="1964" HPOS="515"/>
							<String ID="string_553" HPOS="526" VPOS="1958" WIDTH="65" HEIGHT="20" WC="0.96" CONTENT="straff"/><SP WIDTH="9" VPOS="1958" HPOS="591"/>
							<String ID="string_554" HPOS="600" VPOS="1959" WIDTH="34" HEIGHT="19" WC="0.96" CONTENT="för"/><SP WIDTH="9" VPOS="1959" HPOS="634"/>
							<String ID="string_555" HPOS="643" VPOS="1958" WIDTH="73" HEIGHT="20" WC="0.96" CONTENT="försök"/><SP WIDTH="10" VPOS="1958" HPOS="716"/>
							<String ID="string_556" HPOS="726" VPOS="1958" WIDTH="32" HEIGHT="20" WC="0.96" CONTENT="till"/><SP WIDTH="11" VPOS="1958" HPOS="758"/>
							<String ID="string_557" HPOS="769" VPOS="1959" WIDTH="76" HEIGHT="25" WC="0.96" CONTENT="brott)."/>
						</TextLine>
					</TextBlock>
				</ComposedBlock>
				<ComposedBlock ID="cblock_9" HPOS="186" VPOS="1997" WIDTH="710" HEIGHT="29">
					<TextBlock ID="block_14" HPOS="186" VPOS="1997" WIDTH="710" HEIGHT="29">
						<TextLine ID="line_54" HPOS="186" VPOS="1997" WIDTH="710" HEIGHT="29">
							<String ID="string_558" HPOS="186" VPOS="1997" WIDTH="324" HEIGHT="27" WC="0.90" CONTENT="FÖRMÖGENHETSSKATT;"/><SP WIDTH="14" VPOS="1997" HPOS="510"/>
							<String ID="string_559" HPOS="524" VPOS="2006" WIDTH="21" HEIGHT="14" WC="0.93" CONTENT="se"/><SP WIDTH="16" VPOS="2006" HPOS="545"/>
							<String ID="string_560" HPOS="561" VPOS="2000" WIDTH="180" HEIGHT="26" WC="0.92" CONTENT="Bevillningarna,"/><SP WIDTH="16" VPOS="2000" HPOS="741"/>
							<String ID="string_561" HPOS="757" VPOS="2000" WIDTH="139" HEIGHT="20" WC="0.92" CONTENT="Skatteväsen."/>
						</TextLine>
					</TextBlock>
				</ComposedBlock>
				<ComposedBlock ID="cblock_10" HPOS="186" VPOS="2038" WIDTH="782" HEIGHT="95">
					<TextBlock ID="block_15" HPOS="186" VPOS="2038" WIDTH="782" HEIGHT="95">
						<TextLine ID="line_55" HPOS="186" VPOS="2038" WIDTH="141" HEIGHT="25">
							<String ID="string_562" HPOS="186" VPOS="2038" WIDTH="141" HEIGHT="25" WC="0.95" CONTENT="FÖRNAMN."/>
						</TextLine>
						<TextLine ID="line_56" HPOS="215" VPOS="2077" WIDTH="753" HEIGHT="26">
							<String ID="string_563" HPOS="215" VPOS="2078" WIDTH="39" HEIGHT="20" WC="0.96" CONTENT="FK"/><SP WIDTH="12" VPOS="2078" HPOS="254"/>
							<String ID="string_564" HPOS="266" VPOS="2078" WIDTH="73" HEIGHT="20" WC="0.96" CONTENT="avslår"/><SP WIDTH="10" VPOS="2078" HPOS="339"/>
							<String ID="string_565" HPOS="349" VPOS="2077" WIDTH="84" HEIGHT="20" WC="0.96" CONTENT="motion"/><SP WIDTH="12" VPOS="2077" HPOS="433"/>
							<String ID="string_566" HPOS="445" VPOS="2083" WIDTH="35" HEIGHT="14" WC="0.92" CONTENT="om"/><SP WIDTH="12" VPOS="2083" HPOS="480"/>
							<String ID="string_567" HPOS="492" VPOS="2077" WIDTH="305" HEIGHT="26" WC="0.90" CONTENT="författningsbestämmelser"/><SP WIDTH="12" VPOS="2077" HPOS="797"/>
							<String ID="string_568" HPOS="809" VPOS="2079" WIDTH="40" HEIGHT="18" WC="0.96" CONTENT="rör."/><SP WIDTH="13" VPOS="2079" HPOS="849"/>
							<String ID="string_569" HPOS="862" VPOS="2077" WIDTH="106" HEIGHT="20" WC="0.95" CONTENT="förnamn."/>
						</TextLine>
						<TextLine ID="line_57" HPOS="216" VPOS="2106" WIDTH="347" HEIGHT="27">
							<String ID="string_570" HPOS="216" VPOS="2108" WIDTH="25" HEIGHT="19" WC="0.95" CONTENT="Se"/><SP WIDTH="13" VPOS="2108" HPOS="241"/>
							<String ID="string_571" HPOS="254" VPOS="2107" WIDTH="40" HEIGHT="20" WC="0.93" CONTENT="ock"/><SP WIDTH="13" VPOS="2107" HPOS="294"/>
							<String ID="string_572" HPOS="307" VPOS="2107" WIDTH="132" HEIGHT="26" WC="0.92" CONTENT="Kyrkolagen"/><SP WIDTH="14" VPOS="2107" HPOS="439"/>
							<String ID="string_573" HPOS="453" VPOS="2106" WIDTH="63" HEIGHT="27" WC="0.93" CONTENT="(1946"/><SP WIDTH="10" VPOS="2106" HPOS="516"/>
							<String ID="string_574" HPOS="526" VPOS="2106" WIDTH="37" HEIGHT="26" WC="0.91" CONTENT="H)."/>
						</TextLine>
					</TextBlock>
				</ComposedBlock>
				<ComposedBlock ID="cblock_11" HPOS="168" VPOS="146" WIDTH="6" HEIGHT="1987">
					<TextBlock ID="block_16" HPOS="168" VPOS="146" WIDTH="6" HEIGHT="1987">
						<TextLine ID="line_58" HPOS="168" VPOS="146" WIDTH="6" HEIGHT="1987">
							<String ID="string_575" HPOS="168" VPOS="146" WIDTH="6" HEIGHT="1987" WC="0.95" CONTENT=" "/>
						</TextLine>
					</TextBlock>
				</ComposedBlock>
				<ComposedBlock ID="cblock_12" HPOS="1215" VPOS="207" WIDTH="465" HEIGHT="1">
					<TextBlock ID="block_17" HPOS="1215" VPOS="207" WIDTH="465" HEIGHT="1">
						<TextLine ID="line_59" HPOS="1215" VPOS="207" WIDTH="465" HEIGHT="1">
							<String ID="string_576" HPOS="1215" VPOS="207" WIDTH="465" HEIGHT="1" WC="0.95" CONTENT=" "/>
						</TextLine>
					</TextBlock>
				</ComposedBlock>
				<ComposedBlock ID="cblock_13" HPOS="1090" VPOS="258" WIDTH="674" HEIGHT="6">
					<TextBlock ID="block_18" HPOS="1090" VPOS="258" WIDTH="674" HEIGHT="6">
						<TextLine ID="line_60" HPOS="1090" VPOS="258" WIDTH="674" HEIGHT="6">
							<String ID="string_577" HPOS="1090" VPOS="258" WIDTH="674" HEIGHT="6" WC="0.95" CONTENT=" "/>
						</TextLine>
					</TextBlock>
				</ComposedBlock>
				<ComposedBlock ID="cblock_14" HPOS="1083" VPOS="146" WIDTH="8" HEIGHT="1986">
					<TextBlock ID="block_19" HPOS="1083" VPOS="146" WIDTH="8" HEIGHT="1986">
						<TextLine ID="line_61" HPOS="1083" VPOS="146" WIDTH="8" HEIGHT="1986">
							<String ID="string_578" HPOS="1083" VPOS="146" WIDTH="8" HEIGHT="1986" WC="0.95" CONTENT=" "/>
						</TextLine>
					</TextBlock>
				</ComposedBlock>
				<ComposedBlock ID="cblock_15" HPOS="1095" VPOS="167" WIDTH="669" HEIGHT="1929">
					<TextBlock ID="block_20" HPOS="1097" VPOS="167" WIDTH="657" HEIGHT="56">
						<TextLine ID="line_62" HPOS="1232" VPOS="167" WIDTH="486" HEIGHT="36">
							<String ID="string_579" HPOS="1232" VPOS="167" WIDTH="91" HEIGHT="30" WC="0.96" CONTENT="Motioner"/><SP WIDTH="48" VPOS="167" HPOS="1323"/>
							<String ID="string_580" HPOS="1371" VPOS="167" WIDTH="90" HEIGHT="30" WC="0.96" CONTENT="Utskott"/><SP WIDTH="44" VPOS="167" HPOS="1461"/>
							<String ID="string_581" HPOS="1505" VPOS="167" WIDTH="52" HEIGHT="36" WC="0.88" CONTENT="Skriv."/><SP WIDTH="67" VPOS="167" HPOS="1557"/>
							<String ID="string_582" HPOS="1624" VPOS="171" WIDTH="94" HEIGHT="16" WC="0.96" CONTENT="Protokoll"/>
						</TextLine>
						<TextLine ID="line_63" HPOS="1097" VPOS="191" WIDTH="657" HEIGHT="32">
							<String ID="string_583" HPOS="1097" VPOS="191" WIDTH="26" HEIGHT="20" WC="0.96" CONTENT="År"/><SP WIDTH="-4" VPOS="191" HPOS="1123"/>
							<String ID="string_584" HPOS="1119" VPOS="187" WIDTH="20" HEIGHT="32" WC="0.96" CONTENT="|"/><SP WIDTH="7" VPOS="187" HPOS="1139"/>
							<String ID="string_585" HPOS="1146" VPOS="195" WIDTH="53" HEIGHT="20" WC="0.95" CONTENT="Prop."/><SP WIDTH="324" VPOS="195" HPOS="1199"/>
							<String ID="string_586" HPOS="1523" VPOS="211" WIDTH="22" HEIGHT="12" WC="0.26" CONTENT="RS"/><SP WIDTH="152" VPOS="211" HPOS="1545"/>
							<String ID="string_587" HPOS="1697" VPOS="207" WIDTH="57" HEIGHT="2" WC="0.20" CONTENT="SE"/>
						</TextLine>
					</TextBlock>
					<TextBlock ID="block_21" HPOS="1095" VPOS="225" WIDTH="669" HEIGHT="1041">
						<TextLine ID="line_64" HPOS="1227" VPOS="225" WIDTH="508" HEIGHT="16">
							<String ID="string_588" HPOS="1227" VPOS="225" WIDTH="32" HEIGHT="15" WC="0.96" CONTENT="FK"/><SP WIDTH="0" VPOS="225" HPOS="1259"/>
							<String ID="string_589" HPOS="1259" VPOS="221" WIDTH="26" HEIGHT="28" WC="0.96" CONTENT="|"/><SP WIDTH="5" VPOS="221" HPOS="1285"/>
							<String ID="string_590" HPOS="1290" VPOS="225" WIDTH="34" HEIGHT="15" WC="0.93" CONTENT="AK"/><SP WIDTH="22" VPOS="225" HPOS="1324"/>
							<String ID="string_591" HPOS="1346" VPOS="225" WIDTH="86" HEIGHT="16" WC="0.31" CONTENT="ISmllAvd!"/><SP WIDTH="23" VPOS="225" HPOS="1432"/>
							<String ID="string_592" HPOS="1455" VPOS="225" WIDTH="27" HEIGHT="16" WC="0.96" CONTENT="Nr"/><SP WIDTH="119" VPOS="225" HPOS="1482"/>
							<String ID="string_593" HPOS="1601" VPOS="225" WIDTH="33" HEIGHT="16" WC="0.96" CONTENT="FK"/><SP WIDTH="67" VPOS="225" HPOS="1634"/>
							<String ID="string_594" HPOS="1701" VPOS="225" WIDTH="34" HEIGHT="16" WC="0.95" CONTENT="AK"/>
						</TextLine>
						<TextLine ID="line_65" HPOS="1097" VPOS="444" WIDTH="666" HEIGHT="20">
							<String ID="string_595" HPOS="1097" VPOS="444" WIDTH="27" HEIGHT="20" WC="0.74" CONTENT="421"/><SP WIDTH="42" VPOS="444" HPOS="1124"/>
							<String ID="string_596" HPOS="1166" VPOS="445" WIDTH="25" HEIGHT="19" WC="0.53" CONTENT="571"/><SP WIDTH="45" VPOS="445" HPOS="1191"/>
							<String ID="string_597" HPOS="1236" VPOS="456" WIDTH="28" HEIGHT="2" WC="0.53" CONTENT="—I"/><SP WIDTH="37" VPOS="456" HPOS="1264"/>
							<String ID="string_598" HPOS="1301" VPOS="456" WIDTH="27" HEIGHT="2" WC="0.63" CONTENT="—I"/><SP WIDTH="35" VPOS="456" HPOS="1328"/>
							<String ID="string_599" HPOS="1363" VPOS="445" WIDTH="12" HEIGHT="19" WC="0.63" CONTENT="91"/><SP WIDTH="38" VPOS="445" HPOS="1375"/>
							<String ID="string_600" HPOS="1413" VPOS="445" WIDTH="7" HEIGHT="19" WC="0.58" CONTENT="11"/><SP WIDTH="44" VPOS="445" HPOS="1420"/>
							<String ID="string_601" HPOS="1464" VPOS="444" WIDTH="182" HEIGHT="20" WC="0.84" CONTENT="141109113:87"/><SP WIDTH="35" VPOS="444" HPOS="1646"/>
							<String ID="string_602" HPOS="1681" VPOS="445" WIDTH="30" HEIGHT="19" WC="0.85" CONTENT="|13:"/><SP WIDTH="16" VPOS="445" HPOS="1711"/>
							<String ID="string_603" HPOS="1727" VPOS="446" WIDTH="36" HEIGHT="18" WC="0.95" CONTENT="113"/>
						</TextLine>
						<TextLine ID="line_66" HPOS="1107" VPOS="533" WIDTH="641" HEIGHT="21">
							<String ID="string_604" HPOS="1107" VPOS="540" WIDTH="8" HEIGHT="13" WC="0.90" CONTENT="»"/><SP WIDTH="15" VPOS="540" HPOS="1115"/>
							<String ID="string_605" HPOS="1130" VPOS="529" WIDTH="18" HEIGHT="34" WC="0.50" CONTENT="1"/><SP WIDTH="6" VPOS="529" HPOS="1148"/>
							<String ID="string_606" HPOS="1154" VPOS="534" WIDTH="38" HEIGHT="19" WC="0.68" CONTENT="1631]"/><SP WIDTH="44" VPOS="534" HPOS="1192"/>
							<String ID="string_607" HPOS="1236" VPOS="545" WIDTH="28" HEIGHT="2" WC="0.70" CONTENT="—I"/><SP WIDTH="37" VPOS="545" HPOS="1264"/>
							<String ID="string_608" HPOS="1301" VPOS="545" WIDTH="27" HEIGHT="2" WC="0.68" CONTENT="—I"/><SP WIDTH="35" VPOS="545" HPOS="1328"/>
							<String ID="string_609" HPOS="1363" VPOS="534" WIDTH="12" HEIGHT="19" WC="0.92" CONTENT="91"/><SP WIDTH="38" VPOS="534" HPOS="1375"/>
							<String ID="string_610" HPOS="1413" VPOS="534" WIDTH="7" HEIGHT="19" WC="0.49" CONTENT="11"/><SP WIDTH="41" VPOS="534" HPOS="1420"/>
							<String ID="string_611" HPOS="1461" VPOS="533" WIDTH="92" HEIGHT="21" WC="0.89" CONTENT="4512871"/><SP WIDTH="25" VPOS="533" HPOS="1553"/>
							<String ID="string_612" HPOS="1578" VPOS="533" WIDTH="33" HEIGHT="20" WC="0.67" CONTENT="20:"/><SP WIDTH="12" VPOS="533" HPOS="1611"/>
							<String ID="string_613" HPOS="1623" VPOS="536" WIDTH="24" HEIGHT="17" WC="0.67" CONTENT="74"/><SP WIDTH="4" VPOS="536" HPOS="1647"/>
							<String ID="string_614" HPOS="1651" VPOS="529" WIDTH="22" HEIGHT="34" WC="0.90" CONTENT="|"/><SP WIDTH="6" VPOS="529" HPOS="1673"/>
							<String ID="string_615" HPOS="1679" VPOS="534" WIDTH="32" HEIGHT="20" WC="0.92" CONTENT="21:"/><SP WIDTH="12" VPOS="534" HPOS="1711"/>
							<String ID="string_616" HPOS="1723" VPOS="536" WIDTH="25" HEIGHT="17" WC="0.96" CONTENT="20"/>
						</TextLine>
						<TextLine ID="line_67" HPOS="1095" VPOS="723" WIDTH="669" HEIGHT="21">
							<String ID="string_617" HPOS="1095" VPOS="724" WIDTH="28" HEIGHT="20" WC="0.51" CONTENT="431"/><SP WIDTH="42" VPOS="724" HPOS="1123"/>
							<String ID="string_618" HPOS="1165" VPOS="724" WIDTH="26" HEIGHT="20" WC="0.92" CONTENT="871"/><SP WIDTH="45" VPOS="724" HPOS="1191"/>
							<String ID="string_619" HPOS="1236" VPOS="736" WIDTH="27" HEIGHT="2" WC="0.23" CONTENT="—I|"/><SP WIDTH="38" VPOS="736" HPOS="1263"/>
							<String ID="string_620" HPOS="1301" VPOS="735" WIDTH="27" HEIGHT="3" WC="0.26" CONTENT="—JI"/><SP WIDTH="35" VPOS="735" HPOS="1328"/>
							<String ID="string_621" HPOS="1363" VPOS="724" WIDTH="13" HEIGHT="20" WC="0.80" CONTENT="91"/><SP WIDTH="37" VPOS="724" HPOS="1376"/>
							<String ID="string_622" HPOS="1413" VPOS="724" WIDTH="7" HEIGHT="19" WC="0.80" CONTENT="11"/><SP WIDTH="41" VPOS="724" HPOS="1420"/>
							<String ID="string_623" HPOS="1461" VPOS="724" WIDTH="27" HEIGHT="20" WC="0.0" CONTENT="221"/><SP WIDTH="27" VPOS="724" HPOS="1488"/>
							<String ID="string_624" HPOS="1515" VPOS="723" WIDTH="131" HEIGHT="21" WC="0.0" CONTENT="114112:67"/><SP WIDTH="5" VPOS="723" HPOS="1646"/>
							<String ID="string_625" HPOS="1651" VPOS="719" WIDTH="22" HEIGHT="35" WC="0.72" CONTENT="|"/><SP WIDTH="8" VPOS="719" HPOS="1673"/>
							<String ID="string_626" HPOS="1681" VPOS="724" WIDTH="31" HEIGHT="20" WC="0.72" CONTENT="12:"/><SP WIDTH="15" VPOS="724" HPOS="1712"/>
							<String ID="string_627" HPOS="1727" VPOS="726" WIDTH="37" HEIGHT="17" WC="0.94" CONTENT="100"/>
						</TextLine>
						<TextLine ID="line_68" HPOS="1096" VPOS="824" WIDTH="652" HEIGHT="22">
							<String ID="string_628" HPOS="1096" VPOS="825" WIDTH="27" HEIGHT="20" WC="0.39" CONTENT="441"/><SP WIDTH="43" VPOS="825" HPOS="1123"/>
							<String ID="string_629" HPOS="1166" VPOS="825" WIDTH="25" HEIGHT="19" WC="0.57" CONTENT="691)"/><SP WIDTH="46" VPOS="825" HPOS="1191"/>
							<String ID="string_630" HPOS="1237" VPOS="837" WIDTH="27" HEIGHT="2" WC="0.56" CONTENT="—I"/><SP WIDTH="37" VPOS="837" HPOS="1264"/>
							<String ID="string_631" HPOS="1301" VPOS="837" WIDTH="27" HEIGHT="2" WC="0.37" CONTENT="—I"/><SP WIDTH="35" VPOS="837" HPOS="1328"/>
							<String ID="string_632" HPOS="1363" VPOS="825" WIDTH="12" HEIGHT="20" WC="0.78" CONTENT="91"/><SP WIDTH="38" VPOS="825" HPOS="1375"/>
							<String ID="string_633" HPOS="1413" VPOS="825" WIDTH="7" HEIGHT="19" WC="0.78" CONTENT="1"/><SP WIDTH="55" VPOS="825" HPOS="1420"/>
							<String ID="string_634" HPOS="1475" VPOS="824" WIDTH="171" HEIGHT="21" WC="0.0" CONTENT="&amp;IkTA9a52"/><SP WIDTH="46" VPOS="824" HPOS="1646"/>
							<String ID="string_635" HPOS="1692" VPOS="825" WIDTH="56" HEIGHT="21" WC="0.55" CONTENT="19:87"/>
						</TextLine>
						<TextLine ID="line_69" HPOS="1096" VPOS="925" WIDTH="653" HEIGHT="21">
							<String ID="string_636" HPOS="1096" VPOS="926" WIDTH="27" HEIGHT="20" WC="0.49" CONTENT="45|"/><SP WIDTH="43" VPOS="926" HPOS="1123"/>
							<String ID="string_637" HPOS="1166" VPOS="926" WIDTH="26" HEIGHT="19" WC="0.82" CONTENT="691"/><SP WIDTH="45" VPOS="926" HPOS="1192"/>
							<String ID="string_638" HPOS="1237" VPOS="938" WIDTH="27" HEIGHT="2" WC="0.53" CONTENT="—I"/><SP WIDTH="38" VPOS="938" HPOS="1264"/>
							<String ID="string_639" HPOS="1302" VPOS="938" WIDTH="27" HEIGHT="2" WC="0.12" CONTENT="—LJ]"/><SP WIDTH="34" VPOS="938" HPOS="1329"/>
							<String ID="string_640" HPOS="1363" VPOS="926" WIDTH="12" HEIGHT="20" WC="0.35" CONTENT="9)"/><SP WIDTH="38" VPOS="926" HPOS="1375"/>
							<String ID="string_641" HPOS="1413" VPOS="926" WIDTH="7" HEIGHT="20" WC="0.31" CONTENT="1j"/><SP WIDTH="44" VPOS="926" HPOS="1420"/>
							<String ID="string_642" HPOS="1464" VPOS="926" WIDTH="24" HEIGHT="20" WC="0.80" CONTENT="12]"/><SP WIDTH="38" VPOS="926" HPOS="1488"/>
							<String ID="string_643" HPOS="1526" VPOS="925" WIDTH="120" HEIGHT="21" WC="0.88" CONTENT="82112:62"/><SP WIDTH="6" VPOS="925" HPOS="1646"/>
							<String ID="string_644" HPOS="1652" VPOS="921" WIDTH="22" HEIGHT="35" WC="0.50" CONTENT="|"/><SP WIDTH="6" VPOS="921" HPOS="1674"/>
							<String ID="string_645" HPOS="1680" VPOS="927" WIDTH="31" HEIGHT="19" WC="0.50" CONTENT="12:"/><SP WIDTH="12" VPOS="927" HPOS="1711"/>
							<String ID="string_646" HPOS="1723" VPOS="928" WIDTH="26" HEIGHT="18" WC="0.68" CONTENT="78"/>
						</TextLine>
						<TextLine ID="line_70" HPOS="1096" VPOS="1245" WIDTH="668" HEIGHT="21">
							<String ID="string_647" HPOS="1096" VPOS="1247" WIDTH="28" HEIGHT="19" WC="0.76" CONTENT="421"/><SP WIDTH="41" VPOS="1247" HPOS="1124"/>
							<String ID="string_648" HPOS="1165" VPOS="1247" WIDTH="11" HEIGHT="19" WC="0.95" CONTENT="4"/><SP WIDTH="63" VPOS="1247" HPOS="1176"/>
							<String ID="string_649" HPOS="1239" VPOS="1246" WIDTH="24" HEIGHT="19" WC="0.59" CONTENT="16"/><SP WIDTH="4" VPOS="1246" HPOS="1263"/>
							<String ID="string_650" HPOS="1267" VPOS="1241" WIDTH="19" HEIGHT="35" WC="0.59" CONTENT="|"/><SP WIDTH="15" VPOS="1241" HPOS="1286"/>
							<String ID="string_651" HPOS="1301" VPOS="1246" WIDTH="27" HEIGHT="20" WC="0.92" CONTENT="361"/><SP WIDTH="35" VPOS="1246" HPOS="1328"/>
							<String ID="string_652" HPOS="1363" VPOS="1246" WIDTH="13" HEIGHT="20" WC="0.85" CONTENT="91"/><SP WIDTH="37" VPOS="1246" HPOS="1376"/>
							<String ID="string_653" HPOS="1413" VPOS="1246" WIDTH="8" HEIGHT="19" WC="0.91" CONTENT="11"/><SP WIDTH="43" VPOS="1246" HPOS="1421"/>
							<String ID="string_654" HPOS="1464" VPOS="1245" WIDTH="147" HEIGHT="21" WC="0.85" CONTENT="181191114:"/><SP WIDTH="11" VPOS="1245" HPOS="1611"/>
							<String ID="string_655" HPOS="1622" VPOS="1246" WIDTH="40" HEIGHT="20" WC="0.85" CONTENT="41d]"/><SP WIDTH="19" VPOS="1246" HPOS="1662"/>
							<String ID="string_656" HPOS="1681" VPOS="1246" WIDTH="31" HEIGHT="20" WC="0.92" CONTENT="14:"/><SP WIDTH="12" VPOS="1246" HPOS="1712"/>
							<String ID="string_657" HPOS="1724" VPOS="1246" WIDTH="40" HEIGHT="20" WC="0.78" CONTENT="53d"/>
						</TextLine>
					</TextBlock>
					<TextBlock ID="block_22" HPOS="1462" VPOS="1275" WIDTH="286" HEIGHT="21">
						<TextLine ID="line_71" HPOS="1462" VPOS="1275" WIDTH="286" HEIGHT="21">
							<String ID="string_658" HPOS="1462" VPOS="1275" WIDTH="26" HEIGHT="20" WC="0.96" CONTENT="30"/><SP WIDTH="92" VPOS="1275" HPOS="1488"/>
							<String ID="string_659" HPOS="1580" VPOS="1276" WIDTH="31" HEIGHT="20" WC="0.96" CONTENT="16:"/><SP WIDTH="12" VPOS="1276" HPOS="1611"/>
							<String ID="string_660" HPOS="1623" VPOS="1277" WIDTH="24" HEIGHT="18" WC="0.95" CONTENT="40"/><SP WIDTH="5" VPOS="1277" HPOS="1647"/>
							<String ID="string_661" HPOS="1652" VPOS="1272" WIDTH="21" HEIGHT="33" WC="0.40" CONTENT="|"/><SP WIDTH="9" VPOS="1272" HPOS="1673"/>
							<String ID="string_662" HPOS="1682" VPOS="1276" WIDTH="66" HEIGHT="20" WC="0.40" CONTENT="16:38"/>
						</TextLine>
					</TextBlock>
					<TextBlock ID="block_23" HPOS="1099" VPOS="2075" WIDTH="549" HEIGHT="21">
						<TextLine ID="line_72" HPOS="1099" VPOS="2075" WIDTH="549" HEIGHT="21">
							<String ID="string_663" HPOS="1099" VPOS="2076" WIDTH="28" HEIGHT="20" WC="0.77" CONTENT="44|"/><SP WIDTH="40" VPOS="2076" HPOS="1127"/>
							<String ID="string_664" HPOS="1167" VPOS="2088" WIDTH="28" HEIGHT="2" WC="0.70" CONTENT="—"/><SP WIDTH="2" VPOS="2088" HPOS="1195"/>
							<String ID="string_665" HPOS="1197" VPOS="2071" WIDTH="19" HEIGHT="35" WC="0.82" CONTENT="1"/><SP WIDTH="22" VPOS="2071" HPOS="1216"/>
							<String ID="string_666" HPOS="1238" VPOS="2075" WIDTH="26" HEIGHT="21" WC="0.70" CONTENT="781)"/><SP WIDTH="39" VPOS="2075" HPOS="1264"/>
							<String ID="string_667" HPOS="1303" VPOS="2075" WIDTH="74" HEIGHT="20" WC="0.11" CONTENT="—J]121.:1"/><SP WIDTH="102" VPOS="2075" HPOS="1377"/>
							<String ID="string_668" HPOS="1479" VPOS="2076" WIDTH="8" HEIGHT="19" WC="0.56" CONTENT="11]"/><SP WIDTH="41" VPOS="2076" HPOS="1487"/>
							<String ID="string_669" HPOS="1528" VPOS="2087" WIDTH="27" HEIGHT="3" WC="0.0" CONTENT="—I|"/><SP WIDTH="26" VPOS="2087" HPOS="1555"/>
							<String ID="string_670" HPOS="1581" VPOS="2075" WIDTH="67" HEIGHT="20" WC="0.95" CONTENT="10:86"/>
						</TextLine>
					</TextBlock>
				</ComposedBlock>
				<ComposedBlock ID="cblock_16" HPOS="1131" VPOS="146" WIDTH="7" HEIGHT="1986">
					<TextBlock ID="block_24" HPOS="1131" VPOS="146" WIDTH="7" HEIGHT="1986">
						<TextLine ID="line_73" HPOS="1131" VPOS="146" WIDTH="7" HEIGHT="1986">
							<String ID="string_671" HPOS="1131" VPOS="146" WIDTH="7" HEIGHT="1986" WC="0.95" CONTENT=" "/>
						</TextLine>
					</TextBlock>
				</ComposedBlock>
				<ComposedBlock ID="cblock_17" HPOS="1208" VPOS="146" WIDTH="6" HEIGHT="1986">
					<TextBlock ID="block_25" HPOS="1208" VPOS="146" WIDTH="6" HEIGHT="1986">
						<TextLine ID="line_74" HPOS="1208" VPOS="146" WIDTH="6" HEIGHT="1986">
							<String ID="string_672" HPOS="1208" VPOS="146" WIDTH="6" HEIGHT="1986" WC="0.95" CONTENT=" "/>
						</TextLine>
					</TextBlock>
				</ComposedBlock>
				<ComposedBlock ID="cblock_18" HPOS="1275" VPOS="211" WIDTH="3" HEIGHT="1919">
					<TextBlock ID="block_26" HPOS="1275" VPOS="211" WIDTH="3" HEIGHT="1919">
						<TextLine ID="line_75" HPOS="1275" VPOS="211" WIDTH="3" HEIGHT="1919">
							<String ID="string_673" HPOS="1275" VPOS="211" WIDTH="3" HEIGHT="1919" WC="0.95" CONTENT=" "/>
						</TextLine>
					</TextBlock>
				</ComposedBlock>
				<ComposedBlock ID="cblock_19" HPOS="1338" VPOS="153" WIDTH="6" HEIGHT="1977">
					<TextBlock ID="block_27" HPOS="1338" VPOS="153" WIDTH="6" HEIGHT="1977">
						<TextLine ID="line_76" HPOS="1338" VPOS="153" WIDTH="6" HEIGHT="1977">
							<String ID="string_674" HPOS="1338" VPOS="153" WIDTH="6" HEIGHT="1977" WC="0.95" CONTENT=" "/>
						</TextLine>
					</TextBlock>
				</ComposedBlock>
				<ComposedBlock ID="cblock_20" HPOS="1387" VPOS="207" WIDTH="3" HEIGHT="1921">
					<TextBlock ID="block_28" HPOS="1387" VPOS="207" WIDTH="3" HEIGHT="1921">
						<TextLine ID="line_77" HPOS="1387" VPOS="207" WIDTH="3" HEIGHT="1921">
							<String ID="string_675" HPOS="1387" VPOS="207" WIDTH="3" HEIGHT="1921" WC="0.95" CONTENT=" "/>
						</TextLine>
					</TextBlock>
				</ComposedBlock>
				<ComposedBlock ID="cblock_21" HPOS="1435" VPOS="211" WIDTH="3" HEIGHT="1917">
					<TextBlock ID="block_29" HPOS="1435" VPOS="211" WIDTH="3" HEIGHT="1917">
						<TextLine ID="line_78" HPOS="1435" VPOS="211" WIDTH="3" HEIGHT="1917">
							<String ID="string_676" HPOS="1435" VPOS="211" WIDTH="3" HEIGHT="1917" WC="0.95" CONTENT=" "/>
						</TextLine>
					</TextBlock>
				</ComposedBlock>
				<ComposedBlock ID="cblock_22" HPOS="1499" VPOS="146" WIDTH="5" HEIGHT="1985">
					<TextBlock ID="block_30" HPOS="1499" VPOS="146" WIDTH="5" HEIGHT="1985">
						<TextLine ID="line_79" HPOS="1499" VPOS="146" WIDTH="5" HEIGHT="1985">
							<String ID="string_677" HPOS="1499" VPOS="146" WIDTH="5" HEIGHT="1985" WC="0.95" CONTENT=" "/>
						</TextLine>
					</TextBlock>
				</ComposedBlock>
				<ComposedBlock ID="cblock_23" HPOS="1565" VPOS="146" WIDTH="5" HEIGHT="1985">
					<TextBlock ID="block_31" HPOS="1565" VPOS="146" WIDTH="5" HEIGHT="1985">
						<TextLine ID="line_80" HPOS="1565" VPOS="146" WIDTH="5" HEIGHT="1985">
							<String ID="string_678" HPOS="1565" VPOS="146" WIDTH="5" HEIGHT="1985" WC="0.95" CONTENT=" "/>
						</TextLine>
					</TextBlock>
				</ComposedBlock>
				<ComposedBlock ID="cblock_24" HPOS="1665" VPOS="271" WIDTH="5" HEIGHT="1863">
					<TextBlock ID="block_32" HPOS="1665" VPOS="271" WIDTH="5" HEIGHT="1863">
						<TextLine ID="line_81" HPOS="1665" VPOS="271" WIDTH="5" HEIGHT="1863">
							<String ID="string_679" HPOS="1665" VPOS="271" WIDTH="5" HEIGHT="1863" WC="0.95" CONTENT=" "/>
						</TextLine>
					</TextBlock>
				</ComposedBlock>
				<ComposedBlock ID="cblock_25" HPOS="1766" VPOS="147" WIDTH="6" HEIGHT="1983">
					<TextBlock ID="block_33" HPOS="1766" VPOS="147" WIDTH="6" HEIGHT="1983">
						<TextLine ID="line_82" HPOS="1766" VPOS="147" WIDTH="6" HEIGHT="1983">
							<String ID="string_680" HPOS="1766" VPOS="147" WIDTH="6" HEIGHT="1983" WC="0.95" CONTENT=" "/>
						</TextLine>
					</TextBlock>
				</ComposedBlock>
				<ComposedBlock ID="cblock_26" HPOS="1844" VPOS="867" WIDTH="20" HEIGHT="1447">
					<TextBlock ID="block_34" HPOS="1844" VPOS="867" WIDTH="20" HEIGHT="1447">
						<TextLine ID="line_83" HPOS="1844" VPOS="867" WIDTH="20" HEIGHT="1447">
							<String ID="string_681" HPOS="1844" VPOS="867" WIDTH="20" HEIGHT="1447" WC="0.95" CONTENT=" "/>
						</TextLine>
					</TextBlock>
				</ComposedBlock>
			</PrintSpace>
		</Page>
	</Layout>
</alto>
