1859 2359
172 163 43 22 290
904 165 136 16 SAKREGISTER

1140 228 16 17 5
1498 232 54 18 Riks-

1116 245 12 11 &

1063 258 17 26 2
1115 247 36 46 Fe
1216 281 3 4 Hök
1333 247 93 42 Utskott:
1489 256 73 33 dagens
1619 262 117 17 Kamrarnas

1063 288 64 26 FS
1139 287 18 36 =
1174 281 94 18 Motioner
1320 280 114 34 utlåtanden
1503 292 38 17 ski
1604 291 145 22 förhandlingar

1056 309 23 40 ee
1116 316 40 32 22
1296 311 47 17 eller
1355 310 98 18 memorial
1496 321 62 18 väller

1058 347 97 27 Fä
1185 359 239 9 eeEAEe
1577 359 121 1 Pr

1063 379 17 11 FM
1203 389 7 5 -
1256 390 7 3 lar
1266 367 19 35 |
1289 371 59 21 SIA)
1385 388 7 8 Z
1423 371 1 10 |
1445 378 16 19 2
1518 388 1 7 |
1546 377 17 19 2)
1592 376 67 17 Första
1669 367 18 35 |
1693 375 65 17 Andra

1063 394 11 9 ä
1116 388 33 41 23
1178 389 86 17 TEE
1289 384 17 45 2
1331 394 17 31 å
1385 388 17 27 Z
1423 382 2 52 |
1444 398 18 25 g
1498 387 17 27 «
1546 398 17 24 &)
1589 400 70 17 kamm.
1662 394 24 32 |
1690 400 70 17 kamm.

188 448 94 22 Blinda.
1220 445 55 18 Re

234 481 56 19 samt
315 478 95 21 >»vårdar-
434 478 39 20 och
489 477 212 27 ekonomipersonal»
719 477 85 20 anvisas
820 477 27 26 på
862 478 60 18 extra
938 477 42 19 stat
994 476 33 19 för
1043 474 54 21 1922

233 509 60 21 tiden
311 508 11 21 1
339 508 104 27 jan.—30
459 508 48 27 juni
524 507 57 21 1923
598 509 29 19 ett
643 507 170 26 förslagsanslag,
829 507 69 26 högst,
915 506 11 20 7
938 505 42 21 000
996 505 31 20 kr.
1274 497 1 20 |

1478 532 2 10 |
1673 535 2 4 I

1478 547 1 4 I
1673 541 2 10 I

178 580 23 15 16
219 574 42 21 Till
277 574 105 21 täckande
398 580 26 14 av
440 574 52 20 brist
507 574 33 20 för
556 574 23 20 år
595 573 56 20 1920
668 573 7 20 i
691 575 69 18 staten
776 572 33 21 för
819 573 108 20 institutet
937 572 39 20 och
988 572 38 20 för-|
1066 578 7 9 >
1114 570 42 20 12:8
1275 569 1 5 |
1295 569 11 20 6)
1337 569 74 20 118B
1445 563 81 44 13/8B
1551 567 75 22 Sk:
1638 572 22 16 ss
1693 567 69 21 20:42

233 604 76 21 skolan
332 605 33 20 för
388 604 74 20 blinda
477 604 13 20 å
505 603 132 21 Tomteboda
660 603 84 20 anvisas
767 603 27 27 på
814 602 128 26 tilläggsstat
956 602 33 20 för
1005 602 23 20 år
1112 597 43 34 p-31
1474 611 1 12 I

235 634 57 21 1922
309 636 31 19 ett
355 634 168 26 förslagsanslag,
539 634 68 26 högst,
624 633 28 20 28
662 633 42 21 276
721 633 39 24 kr.;
775 635 57 18 samt
841 632 34 21 till
886 632 104 21 täckande
1001 638 26 13 av
1474 632 6 26 I

234 664 99 21 motsedd
356 665 53 20 brist
424 665 8 19 i
447 666 69 19 staten
539 664 33 20 för
590 670 83 14 samma
692 663 86 20 institut
793 663 39 20 och
848 662 94 21 förskola
957 662 33 20 för
1005 662 23 20 år
1474 654 6 21 I

236 695 56 20 1922
304 696 28 26 på
340 694 128 27 tilläggsstat
474 694 33 20 för
514 694 23 20 år
547 693 55 21 1922
614 695 31 19 ett
651 693 170 26 förslagsanslag,
831 693 68 26 högst,
909 692 27 20 90
944 692 42 20 000
995 692 31 20 kr.
1478 712 2 4 |

178 765 23 16 17
220 760 43 21 Till
278 760 105 21 täckande
399 767 26 14 av
442 760 52 20 brist
507 760 33 20 för
550 760 23 20 år
584 759 57 21 1920
652 760 7 20 i
670 761 68 19 staten
749 759 33 20 för
792 758 108 21 förskolan
911 758 33 20 för
955 757 72 21 blinda
1027 753 15 37 |
1065 763 9 12 >»
1114 757 41 21 12:8
1294 755 52 20 OR
1357 744 1 41 |
1372 755 39 19 8B|
1445 747 56 29 13/8
1510 754 16 20 B|
1550 759 10 15 ol
1592 753 68 21 17:88]
1693 753 69 20 20:42

235 791 7 20 i
259 791 71 26 Växjö
353 790 84 21 anvisas
460 791 28 25 på
506 789 127 26 tilläggsstat
651 789 33 20 för
699 790 23 19 år
739 788 56 21 1922
812 790 30 18 ett
857 787 170 27 förslagsanslag,
1113 793 44 23 p.-32
1315 783 2 22 I
1479 798 1 13 |
1672 806 2 2 I

235 821 69 26 högst,
329 820 63 20 9175
412 820 42 24 kr.;
471 822 56 18 samt
542 819 34 21 till
592 819 103 21 täckande
711 826 26 13 av
753 818 98 21 motsedd
867 818 53 20 brist
935 818 7 20 i
958 819 69 19 staten
1479 817 1 29 |
1672 821 2 22 |

234 851 33 20 för
283 856 84 15 samma
382 849 94 21 förskola
491 850 33 20 för
539 850 23 19 år
579 849 56 20 1922
652 849 27 26 på
695 849 126 26 tilläggsstat
837 848 33 20 för
885 848 23 20 år
925 848 56 20 1922
998 849 28 19 ett
1479 849 1 27 |

234 879 170 27 förslagsanslag,
421 880 68 25 högst,
507 879 26 20 10
543 879 42 20 000
601 879 31 20 kr.
1479 879 1 24 |

1474 906 6 28 |

179 951 23 15 18
220 946 43 20 Till
278 945 148 21 förstärkande
448 952 26 14 av
493 945 36 20 det
544 945 44 20 ord.
605 944 236 26 reservationsanslaget
856 943 33 21 till
905 943 122 20 hantverks-|
1066 950 8 9 >»
1114 943 42 20 12:8
1275 933 1 19 |
1295 941 11 19 6)
1337 940 73 23 118B
1445 929 55 44 14]8
1511 939 50 20 Bliol
1593 938 68 21 17:88
1663 934 15 38 |
1694 938 68 20 20:42

234 976 76 20 skolan
325 976 8 20 i
349 975 162 21 Kristinehamn
534 975 33 20 för
589 974 75 21 blinda
682 974 84 21 anvisas
782 974 12 20 å
809 974 128 26 tilläggsstat
954 973 33 20 för
1006 973 22 20 år
1112 984 12 16 p
1135 978 23 17 33
1275 994 1 10 |
1475 968 5 44 |

235 1006 56 20 1922
308 1008 31 18 ett
353 1005 170 26 förslagsanslag,
540 1005 68 26 högst,
625 1004 79 21 11350
722 1004 29 20 kr.
1275 1012 1 19 |

1275 1032 1 16 I

178 1082 22 16 19
219 1077 37 20 RD
272 1077 115 26 medgiver,
404 1078 32 19 att
451 1083 27 14 av
493 1076 42 20 den
550 1076 135 24 reservation,
705 1082 46 14 som
768 1076 41 19 kan
825 1075 134 27 uppkomma
974 1075 12 19 å
1002 1074 26 20 del
1066 1081 8 10 »
1116 1074 40 20 1186
1176 1072 47 32 156)
1275 1072 43 35 161
1337 1071 22 20 11
1386 1071 26 20 53
1479 1057 46 60 125
1585 1069 83 20 29:118|
1694 1069 33 20 32:
1739 1074 24 15 56

234 1114 25 14 av
275 1107 114 26 riksdagen
405 1106 101 21 anvisade
520 1106 73 26 anslag
604 1107 12 19 å
627 1106 143 26 sammanlagt
782 1104 43 22 610
835 1105 42 20 000
888 1105 32 20 kr.
932 1104 32 21 till
976 1111 51 20 upp-
1221 1111 2 4 I
1316 1109 2 24 |
1423 1114 2 10 I
1480 1120 1 8 |
1674 1103 1 25 I

233 1137 89 20 förande
346 1144 26 13 av
391 1136 129 27 nybyggnad
539 1136 34 20 för
588 1135 191 21 hantverksskolan
794 1135 8 20 i
818 1135 162 20 Kristinehamn
996 1134 42 20 för
1316 1137 2 24 |
1479 1133 2 43 |
1674 1131 2 28 I

234 1167 80 24 blinda,
332 1169 30 18 ett
378 1167 78 26 belopp
472 1173 26 14 av
514 1166 62 26 högst
592 1166 27 20 26
629 1165 43 21 800
688 1166 31 19 kr.
734 1166 37 19 må
787 1164 108 21 användas
912 1164 32 20 till
960 1163 78 21 inred-/
1316 1163 1 3 |
1479 1179 2 22 |
1674 1163 2 17 I

234 1197 51 26 ning
300 1197 40 20 och
355 1196 120 26 möblering
490 1203 26 14 av
532 1195 94 21 nämnda
642 1195 122 27 byggnader
780 1197 56 19 samt
850 1194 32 21 till
894 1193 133 28 uppförande
1479 1202 2 21 |
1674 1185 2 13 |

233 1233 26 14 av
275 1228 31 19 ett
321 1226 201 26 automobilgarage.
1475 1225 6 10 |

192 1292 7 15 1
218 1286 50 21 Ord.
286 1286 95 26 anslaget
396 1286 34 20 till
446 1286 108 20 institutet
569 1285 40 21 och
625 1285 109 20 förskolan
744 1285 33 20 för
789 1284 73 21 blinda
873 1285 12 19 å
896 1275 132 29 Tomteboda
1043 1280 56 23 1923]
1116 1282 18 20 1:
1144 1283 13 20 8
1295 1280 12 20 6|
1338 1279 8 20 11
1401 1279 12 20 8/1
1445 1279 56 20 83)8
1510 1279 52 20 Ales]
1593 1277 69 21 20:371
1695 1278 67 21 20:27

233 1317 101 26 uppföres
350 1316 50 20 med
417 1318 31 18 ett
462 1316 79 26 belopp
557 1322 25 13 av
600 1314 94 21 103150
711 1315 31 20 kr.
1108 1323 16 16 p-
1130 1317 34 17 207

1221 1360 2 13 |
1316 1349 2 22 I
1423 1364 1 8 |

191 1387 9 15 2
218 1382 42 20 Till
283 1381 148 22 förstärkande
454 1382 34 20 för
509 1381 59 20 tiden
585 1380 10 21 1
613 1381 44 26 jan.
679 1379 117 21 1923—30
812 1380 48 26 juni
878 1379 57 20 1924
951 1385 25 14 av
992 1378 35 20 det!
1066 1386 7 9 »
1116 1377 40 20 |1:8
1221 1376 1 6 |
1295 1373 23 20 6!
1337 1375 9 19 11
1400 1375 25 33 81
1444 1379 24 16 8318
1488 1374 73 20 Alss
1593 1372 32 21 20:
1637 1371 38 22 87
1663 1367 23 36 |
1694 1373 32 20 20:
1739 1378 24 16 27

233 1412 44 20 ord.
295 1412 96 25 anslaget
406 1411 33 21 till
455 1411 108 21 institutet
574 1411 39 20 och
624 1410 108 20 förskolan
744 1410 33 20 för
788 1409 75 21 blinda
873 1410 13 19 å
896 1404 130 32 "Tomteboda
1107 1418 17 17 p.
1129 1412 35 18 208
1221 1410 1 28 I
1316 1411 1 19 I
1423 1409 1 30 |
1531 1407 1 21 I

233 1442 85 21 anvisas
333 1442 33 20 för
382 1441 125 26 budgetåret
519 1439 126 29 1923/1924
656 1442 30 19 ett
697 1442 61 19 extra
769 1439 73 26 anslag
853 1446 25 13 av
891 1438 42 21 100
941 1438 42 20 000
997 1438 41 47 SN
1221 1443 1 7 I
1531 1432 1 20 |

1221 1470 1 22 |
1530 1472 2 7 |
1673 1482 2 5 |

190 1519 10 15 3
218 1513 50 21 Ord.
285 1513 96 27 anslaget
396 1513 33 21 till
445 1512 108 21 förskolan
570 1512 32 21 för
619 1511 73 21 blinda
708 1512 6 20 i
732 1512 70 26 Växjö
817 1511 102 27 uppföres
934 1510 50 21 med
987 1494 38 49 ett
1024 1494 13 49 |
1065 1509 91 20 FElLe
1221 1504 1 32 |
1295 1506 11 19 6)
1337 1506 9 20 1)
1399 1505 12 21 8/
1444 1510 24 16 s38|8
1487 1505 74 20 Alss|
1592 1504 69 20 20:87
1674 1498 1 35 /|
1693 1505 70 21 20:27

234 1544 77 26 belopp
328 1550 26 14 av
370 1543 79 20 20600
466 1543 31 20 kr.
1036 1542 2 13 I
1107 1550 16 16 p.
1130 1544 34 17 209
1221 1544 1 22 |
1316 1543 1 25 |

1221 1575 1 23 |
1674 1568 1 25 |

189 1614 10 15 4
217 1609 42 20 Till
279 1608 147 22 förstärkande
445 1615 27 14 av
487 1608 37 21 det
539 1608 44 20 ord.
599 1607 96 26 anslaget
710 1607 33 21 till
758 1607 108 20 förskolan
882 1607 33 20 för
931 1606 74 20 blinda
1021 1606 5 19 i|
1066 1612 7 10 >»
1115 1604 41 21 |1:8
1294 1567 21 66 el
1336 1602 10 19 1!
1399 1602 13 19 81
1444 1606 23 16 81418
1487 1601 74 20 Alss]
1592 1598 83 22 20:37]
1694 1600 68 21 20:27

233 1639 71 27 Växjö
328 1639 84 20 anvisas
435 1639 34 20 för
492 1638 125 26 budgetåret
641 1635 127 30 1923/1924
787 1639 30 18 ett
837 1639 59 18 extra
913 1636 73 26 anslag
1002 1642 25 14 av
1107 1645 16 17 p.
1125 1630 39 36 210
1316 1636 1 19 |
1674 1632 1 6 I

234 1669 26 20 12
269 1669 43 20 450
329 1669 30 20 kr.
1315 1674 2 53 |
1423 1656 1 17 |
1674 1691 1 4 |

1674 1701 1 19 |

190 1734 9 15 5
217 1728 50 21 Ord.
291 1728 187 27 förslagsanslaget
496 1728 33 20 till
545 1728 157 26 järnvägsresor
717 1728 33 19 för
767 1726 177 21 blindskolelever
960 1726 67 26 jämte!
1066 1732 7 10 >»
1115 1724 41 20 |1:8
1293 1721 24 42 61
1336 1721 9 20 1!
1399 1721 13 20 8/
1444 1726 24 15 84/8
1487 1720 74 21 Alss]
1593 1719 82 29 20:37]
1694 1720 68 21 20:27

232 1758 118 27 åtföljande
365 1758 88 21 vårdare
469 1758 101 26 uppföres
586 1757 50 20 med
652 1759 31 18 ett
699 1757 78 26 belopp
793 1763 26 14 av
835 1756 63 20 4000
915 1756 31 20 kr.
1129 1759 33 17 211
1316 1770 1 3 |
1674 1753 1 4 |

1316 1784 1 27 |
1674 1786 1 25 |

189 1829 10 15 6
217 1824 9 20 I
243 1824 117 20 riksstaten
375 1825 104 25 upptages
490 1823 45 21 dels
548 1824 53 20 utan
611 1822 91 21 särskild
713 1822 212 26 anslagsbeteckning
936 1821 36 20 det
982 1820 43 21 ord.
1030 1815 16 39 |
1065 1826 8 11 >
1115 1819 40 21 11:8
1294 1818 12 20 6|
1337 1816 9 20 1|
1399 1817 13 19 81
1444 1816 56 21 8418
1510 1817 51 19 Alssl|
1592 1815 69 21 20:37
1674 1817 1 23 /|
1694 1815 69 21 20:27

232 1854 96 26 anslaget
346 1853 34 21 till
395 1853 124 26 avlöningar
534 1853 37 20 vid
586 1852 191 21 hantverksskolan
793 1852 7 20 i
816 1851 163 21 Kristinehamn
995 1851 33 19 för
1107 1847 16 34 p.-
1130 1854 34 17 212
1423 1872 1 4 I
1674 1854 1 10 I

232 1883 75 21 blinda
322 1883 50 21 med
388 1884 31 20 ett
435 1883 78 26 belopp
529 1890 26 13 av
573 1882 25 21 17
609 1882 43 20 300
668 1882 38 24 kr.,
722 1882 47 21 dels
782 1882 40 20 ock
833 1881 36 21 det
879 1881 44 20 ord.
937 1887 89 14 reserva-
1316 1889 1 7 |
1423 1877 1 44 |
1674 1880 1 16 I

233 1913 152 26 tionsanslaget
400 1913 33 21 till
449 1919 83 14 samma
548 1912 60 21 skola
624 1912 50 20 med
690 1913 30 19 ett
735 1912 78 27 belopp
829 1918 26 13 av
872 1910 79 21 11000
967 1910 30 20 kr.
1316 1897 1 37 |
1423 1926 1 4 I
1674 1907 1 26 |

1221 1939 1 17 |
1316 1935 1 7 |
1423 1939 1 13 |
1674 1936 1 8 |

1221 1959 1 17 |
1302 1973 3 5 4
1423 1953 1 19 I

190 1983 9 16 7
217 1979 42 20 Till
283 1978 148 22 förstärkande
454 1979 34 20 för
510 1978 59 21 tiden
586 1978 11 20 1
614 1979 43 26 jan.
679 1977 116 21 1923—30
811 1977 49 27 juni
877 1976 57 21 1924
950 1983 26 13 av
992 1975 36 21 det!
1066 1982 7 10 >
1116 1974 40 21 11:8
1221 1984 1 9 |
1294 1947 23 46 6|
1337 1972 9 20 11
1400 1971 24 31 8
1445 1976 23 16 s4l8
1487 1971 74 20 Alss]
1592 1970 83 28 20:37
1663 1965 11 41 1
1694 1969 68 21 20:27

232 2009 44 20 ord.
293 2008 237 27 reservationsanslaget
545 2008 34 21 till
595 2008 192 21 hantverksskolan
803 2007 7 20 i
821 2006 163 21 Kristinehamn
994 2006 33 19 för
1106 2015 17 17 p.
1128 2001 36 35 213
1220 2003 2 18 |
1316 1980 1 47 |
1423 2003 1 18 I
1674 2000 1 22 |

232 2038 74 21 blinda
329 2039 85 21 anvisas
437 2039 33 20 för
493 2038 125 26 budgetåret
646 2037 126 28 1923/1924
791 2039 30 19 ett
837 2039 59 18 extra
912 2036 74 26 anslag
1000 2042 26 14 av
1423 2036 2 4 I
1479 2042 2 31 |

233 2068 26 21 17
270 2068 42 21 025
329 2069 30 20 kr.
1316 2051 1 37 |
