1864 2359
160 156 43 20 234
894 161 136 15 SAKREGISTER

180 437 219 27 Barnaföderskor,

210 471 41 20 AK
267 470 70 21 avslår
352 471 82 20 motion
450 477 35 13 om
502 470 113 26 utredning
630 477 47 19 ang.
694 470 119 20 beredande
825 476 26 14 av
862 469 94 26 billigast
967 470 52 26 möj-
1027 464 61 27 1921

225 501 43 25 liga
290 500 122 27 läkarhjälp
436 501 32 20 för
487 500 176 21 barnaföderskor
679 500 39 20 och
735 506 34 14 om
786 499 56 21 ökad
858 499 171 29 sköterskevård
1016 495 15 37 /

225 531 22 20 åt
263 530 66 21 dessa.
1028 529 1 39 |

1028 571 1 12 I

181 594 160 30 Barnamord;
358 603 22 14 se
396 595 136 28 Strafflagen
548 595 72 27 (1921:
632 595 25 27 2).
1028 592 2 35 |

181 660 167 28 Barnaskydd,
364 661 172 21 internationella
547 661 123 25 föreningen
682 661 41 24 för;
736 667 21 14 se
769 659 133 28 Fattigvård
913 660 72 26 (1922:
999 665 20 18 4;

227 692 63 20 1923:
302 697 22 19 4;
343 692 63 20 1924:
418 691 25 28 5).

180 755 149 23 Barnavård.

211 789 37 20 RD
273 790 86 24 antager
382 788 33 20 för
434 788 33 20 sin
483 787 35 21 del
534 787 34 26 lag
584 794 34 13 om
635 786 82 21 ändrad
732 786 81 27 lydelse
830 793 25 13 av
871 785 149 27 övergångsbe-
1035 785 55 23 1921

225 818 162 21 stämmelserna
403 818 34 20 till
453 818 61 26 lagen
531 817 40 20 den
589 817 11 20 6
617 817 48 27 juni
682 816 56 21 1919
755 823 35 14 om
807 816 81 20 ändrad
903 815 81 27 lydelse
995 822 26 14 av

226 848 34 25 14,
279 848 26 20 15
322 848 39 21 och
378 848 28 20 23
423 848 28 25 88
467 848 7 20 i
490 848 62 25 lagen
568 847 41 20 den
627 847 26 20 13
669 847 48 26 juni
735 846 56 20 1902
803 853 46 19 ang.
861 846 127 26 uppfostran
1000 846 21 19 åt

225 878 115 21 vanartade
357 878 39 20 och
412 878 7 19 i
436 877 77 27 sedligt
528 877 104 21 avseende
649 876 146 21 försummade
808 876 53 20 barn
872 874 106 29 (uppskov
988 876 43 26 för
1014 870 15 38 |

226 908 108 26 landsting
351 910 30 18 att
397 907 95 21 anordna
508 906 145 28 skyddshem).
1029 909 2 3 |

210 974 49 21 Ord.
280 974 187 26 förslagsanslaget
484 973 34 21 till
537 972 249 27 uppfostringsanstalter
801 972 33 20 för
850 971 115 21 vanartade
981 972 39 20 och
1035 970 57 23 1922

224 1005 7 19 i
247 1004 77 26 sedligt
340 1004 104 20 avseende
460 1003 146 21 försummade
621 1003 53 20 barn
690 1004 103 25 upptages
809 1002 33 20 för
853 1001 58 21 tiden
924 1001 10 20 1
946 1002 74 26 jan.—

225 1034 27 21 30
268 1035 49 26 juni
334 1034 56 20 1923
407 1034 49 20 med
472 1033 64 21 halva
552 1033 100 26 beloppet
667 1032 52 21 eller
735 1032 27 20 92
772 1031 42 21 000
831 1032 30 20 kr.

181 1105 7 15 1
209 1099 81 21 Motion
310 1106 46 19 ang.
377 1098 143 27 upphävande
539 1105 26 14 av
580 1097 99 27 gällande
696 1097 149 20 bestämmelse
861 1103 35 14 om
913 1096 107 27 självskri-
1035 1095 57 23 1923]

224 1129 79 20 venhet
318 1129 33 20 för
366 1128 149 27 kyrkoherden
532 1128 51 20 eller
599 1127 41 21 den
656 1127 54 20 hans
726 1127 84 20 ämbete
826 1127 89 20 förestår
929 1128 31 18 att
971 1132 49 14 vara

223 1159 129 20 ordförande
368 1159 7 19 i
392 1157 212 22 barnavårdsnämnd
620 1157 75 21 avslås.

180 1230 10 15 2
208 1224 50 21 Ord.
275 1224 186 26 förslagsanslaget
476 1224 34 20 till
525 1222 251 28 uppfostringsanstalter
791 1222 33 20 för
835 1221 115 21 vanartade
961 1221 58 20 och
1001 1217 38 37 i|
1058 1230 8 10 >

223 1254 78 26 sedligt
316 1254 104 21 avseende
435 1253 146 21 försummade
598 1253 52 20 barn
666 1252 101 27 uppföres
783 1252 49 20 med
845 1251 123 21 oförändrat
979 1252 40 19 års-

223 1284 84 27 belopp,
326 1284 42 20 184
378 1284 43 20 000
437 1284 30 20 kr.

181 1350 7 14 1
208 1344 49 21 Ord.
274 1344 187 26 förslagsanslaget
476 1343 33 21 till
525 1342 250 28 uppfostringsanstalter
791 1343 32 19 för
836 1341 114 21 vanartade
961 1342 38 19 och
1011 1342 7 19 i
1034 1340 56 22 1924]

223 1374 77 26 sedligt
323 1373 103 21 avseende
450 1372 147 22 försummade
620 1373 53 20 barn
697 1372 60 27 höjes
774 1372 49 20 med
842 1371 26 21 66
879 1371 41 21 000
937 1371 30 20 kr.
985 1371 33 20 till

224 1404 42 20 250
276 1404 42 20 000
334 1404 31 20 kr.

181 1469 9 15 2
208 1464 82 20 Motion
306 1470 35 14 om
357 1463 128 26 statsbidrag
500 1463 33 20 till
550 1463 100 25 avlöning
665 1463 22 19 åt
703 1462 55 20 vissa
772 1462 66 20 lärare
850 1461 39 21 och
901 1461 118 20 lärarinnor
1018 1457 10 36 |
1045 1457 14 36 >»

223 1494 36 20 vid
275 1493 131 27 skyddshem
424 1493 74 20 avslås.

179 1559 10 15 3
207 1553 38 20 RD
261 1554 86 25 antager
362 1553 33 20 för
411 1553 33 19 sin
460 1552 34 20 del
509 1552 45 20 dels
565 1552 34 25 lag
609 1558 36 14 om
656 1551 124 21 samhällets
792 1550 124 25 barnavård,
928 1550 45 21 dels
985 1550 34 26 lag
1016 1546 15 37 |
1057 1558 7 11 >»

223 1590 35 13 om
279 1582 89 26 ändring
384 1583 6 19 i
406 1583 57 20 vissa
482 1582 58 20 delar
559 1588 25 14 av
603 1581 61 26 lagen
681 1581 41 20 den
740 1581 27 20 14
782 1581 47 26 juni
847 1580 56 20 1918
919 1580 33 26 (nr
967 1580 52 26 422)

222 1619 35 14 om
274 1612 148 27 fattigvården,
439 1612 46 20 dels
501 1612 39 20 ock
556 1612 34 25 lag
606 1618 34 13 om
657 1611 82 20 ändrad
754 1611 82 26 lydelse
852 1617 26 14 av
891 1610 10 20 1
915 1610 13 26 $
927 1606 15 37 i
957 1610 61 26 lagen

223 1643 41 20 den
284 1642 26 20 12
327 1643 47 26 juni
392 1642 56 20 1885
464 1642 33 25 (nr
514 1641 36 26 27)
565 1648 46 19 ang.
629 1641 126 20 lösdrivares
771 1640 139 26 behandling;
928 1640 39 20 och
984 1647 34 13 an-

223 1673 67 20 håller
313 1672 38 20 RD
375 1679 34 13 om
433 1671 121 26 utredning,
571 1672 28 25 på
614 1671 41 20 vad
672 1673 41 18 sätt
729 1671 39 20 och
784 1671 54 19 efter
853 1670 59 20 vilka
927 1670 92 26 grunder

222 1702 155 21 underderstöd
392 1704 52 18 utan
459 1701 127 26 fattigvårds
603 1701 99 20 karaktär
715 1701 36 20 må
761 1701 74 20 kunna
846 1700 87 20 beredas
944 1700 73 24 änkor,

222 1732 59 21 vilka
296 1734 36 18 äro
348 1733 7 19 i
371 1732 68 20 behov
455 1731 65 21 därav
536 1732 33 19 för
584 1731 47 20 sina
648 1731 62 20 barns
726 1730 133 27 uppfostran.

179 1798 9 15 4
207 1792 38 21 RD
262 1794 86 24 antager
363 1792 33 20 för
412 1792 32 19 sin
461 1792 34 19 del
511 1791 34 26 lag
561 1798 35 13 om
612 1791 81 20 ändrad
710 1790 81 27 lydelse
807 1797 26 13 av
850 1790 27 20 14
894 1790 48 26 kap.
959 1790 28 20 45
1004 1790 13 25 $
1021 1786 9 36 |
1057 1797 7 10 >

222 1822 129 26 strafflagen,
368 1821 35 26 lag
418 1828 35 14 om
470 1821 81 20 ändrad
567 1821 80 26 lydelse
663 1827 26 14 av
705 1821 13 20 8
734 1821 40 19 och
791 1820 27 20 20
835 1820 28 26 $$
879 1820 7 20 i
902 1820 61 26 lagen
976 1819 40 21 den

224 1852 27 20 14
266 1852 48 27 juni
332 1851 54 21 1917
404 1858 35 13 om
455 1851 87 20 införsel
558 1851 7 20 i
582 1851 105 25 avlöning,
704 1850 89 26 pension
810 1850 51 20 eller
874 1850 98 23 livränta,
984 1849 34 26 lag

221 1889 35 13 om
273 1882 91 25 ändring
379 1882 7 19 i
402 1882 57 20 vissa
475 1881 58 20 delar
549 1887 26 14 av
591 1881 60 26 lagen
668 1880 41 20 den
727 1880 27 20 14
764 1880 48 26 juni
825 1879 56 21 1917
893 1886 35 14 om
939 1879 79 20 förbud

221 1912 33 20 för
270 1912 56 20 vissa
341 1910 224 27 underhållsskyldiga
581 1912 31 19 att
628 1910 89 26 avflytta
732 1910 47 20 från
795 1910 61 24 riket,
873 1909 35 26 lag
921 1916 35 13 om
968 1909 49 20 änd-

221 1942 47 25 ring
284 1942 7 19 i
307 1942 56 19 vissa
379 1941 58 20 delar
448 1948 26 13 av
484 1941 62 25 lagen
559 1940 41 20 den
612 1940 26 20 26
651 1941 43 25 maj
708 1939 56 21 1909
775 1946 36 14 om
822 1939 71 20 KM:ts
904 1940 112 25 regerings-

221 1973 48 22 rätt,
289 1971 40 20 och
348 1971 34 26 lag
397 1977 35 14 om
449 1971 116 25 ersättning
581 1971 7 19 i
604 1970 56 20 vissa
676 1969 38 21 fall
731 1976 25 14 av
773 1969 109 20 allmänna
898 1969 70 20 medel
984 1969 33 20 till

221 2002 83 19 vittnen
320 2001 8 20 i
344 2001 43 20 mål
404 2001 66 25 enligt
486 2000 27 20 26
530 2000 12 26 $
558 2000 7 20 i
581 2000 61 25 lagen
655 2006 35 14 om
702 1999 125 21 samhällets
838 1999 119 21 barnavård
967 1999 49 25 (lag-

221 2031 143 25 ändringarna
379 2030 125 21 föranledda
520 2037 25 13 av
561 2030 100 25 förslaget
672 2029 33 20 till
717 2029 34 26 lag
761 2036 35 13 om
808 2029 124 20 samhällets
944 2029 83 39 barna]

221 2060 65 25 vård).

1137 219 6 30 AR
1266 226 1 10 I
1510 229 34 12 iks-

1055 253 17 25 =
1116 241 28 40 2
1266 240 1 27 |
1324 243 93 43 Utskotts:
1481 229 72 52 2
1611 259 118 17 Kamrarnas

1028 280 1 16 |
1055 284 16 12 =
1109 279 40 14 |”
1167 272 100 23 Motioner]
1304 273 121 30 utlåtanden
1530 289 3 3 3
1594 273 20 30 iz
1688 289 3 3 ;

1028 298 1 27 |
1055 301 11 19 2
1108 298 41 24 leg
1266 296 1 20 |
1289 307 46 17 Sllös
1350 312 43 12 nen
1401 307 45 17 brik
1485 285 57 31 skri-
1596 285 146 30 förhandlingar

1055 320 17 20 >
1109 319 41 31 Ze
1266 321 2 23 |
1488 319 62 17 velser

1027 349 2 28 |
1050 345 16 24 z
1108 346 40 37 2
1165 352 23 40 RR
1266 345 2 23 |
1282 367 17 11 Pl
1442 361 7 31 we
1523 365 1 6 I
1539 373 16 11 ol
1586 373 13 16 F
1717 361 16 32 d;

1055 370 20 32 FÅ
1177 385 26 11 PK
1266 376 69 22 [RAT
1437 381 17 10 2
1539 386 17 4 21
1592 374 60 16 Första
1659 367 20 32 |
1686 373 65 17 Andra

1055 389 11 9 i
1108 384 36 40 "8
1194 385 9 16 S
1222 385 35 17 FS
1282 381 12 42 E
1309 391 1 29 |
1323 398 18 23 &
1378 384 16 27 é
1415 407 2 23 |
1437 393 17 24 >
1491 384 17 27 ä
1539 393 16 24 2)
1582 397 69 17 kamm.
1656 389 22 34 |
1683 397 70 17 kamm.

1267 439 43 13 EE
1416 438 1 23 |

1218 470 50 47 2
1287 453 23 62 3
1328 470 12 20 2
1393 469 11 20 6
1416 486 1 14 |
1679 469 33 20 28:
1724 469 41 21 71d

1308 523 44 13 SEO
1667 517 1 14 I

1267 536 85 21 asgud
1667 540 1 12 I

1267 604 1 3 I
1417 602 1 18 I

1267 627 2 10 I
1417 624 1 19 I

1160 656 1 16 |
1267 653 2 24 fr
1351 648 67 30 De)

1160 728 2 9 |
1668 726 1 7 |

1196 785 11 20 6)
1234 786 28 21 54)
1288 786 54 20 921
1394 772 25 36 6)
1445 768 38 50 I
1494 785 28 20 64)
1581 785 84 21 J11:27d|
1689 785 69 21 16:59

1108 971 42 21 EB
1268 986 2 8 |
1289 971 11 23 6]
1332 972 21 29 11
1367 966 52 39 8A]|
1439 966 56 39 9418
1505 971 52 20 Al7z3]
1590 971 67 20 17:68
1658 966 16 39 |
1690 970 69 21 20:14

1101 1006 56 23 p.209
1418 1020 1 16 |

1310 1068 2 7 I
1352 1081 1 9 I
1670 1084 2 6 I

1160 1099 2 24 I
1249 1096 12 20 3
1288 1096 65 21 912]
1395 1097 24 34 51
1590 1092 66 43 12:12
1670 1096 2 35 |
1691 1091 32 36 12:
1736 1100 23 15 25

1352 1125 1 11 I
1418 1133 1 10 I
1670 1134 1 18 |

1160 1204 1 15 |

1107 1215 54 37 1:81
1288 1222 12 20 6|
1331 1222 10 20 1!
1394 1221 13 20 8|
1440 1226 24 16 87I8
1483 1221 74 21 Ass]
1588 1221 69 20 30:37)
1690 1221 70 20 20:27

1099 1247 62 32 p.227/

1159 1310 2 22 |
1417 1290 2 6 |

1107 1332 53 39 1:8/|
1287 1342 12 19 6|
1330 1342 10 20 1|
1393 1341 70 22 814318
1482 1341 74 20 Alsol
1588 1341 32 20 27:
1632 1345 25 16 86
1658 1333 20 38 |
1689 1341 69 20 27:63

1090 1372 25 30 ip.
1122 1376 33 18 176

1219 1460 120 21 TI61:0:E
1378 1461 27 20 RS
1586 1460 69 20 37:36
1656 1456 22 34 |
1688 1460 33 20 36:
1733 1465 25 15 60

1113 1550 26 21 53
1169 1552 35 17 |289
1217 1552 47 18 1445-|
1287 1550 12 20 91
1329 1551 12 20 21
1378 1550 26 20 27
1478 1546 42 34 245
1578 1549 34 21 41:
1624 1549 40 21 18d|
1680 1549 33 21 41:
1725 1549 41 21 62d

1106 1580 41 21 150
1223 1582 40 22 451,

1222 1612 35 17 4538

1106 1775 39 45 151
1286 1789 12 20 9)
1328 1790 12 19 2)
1377 1789 40 26 28)
1478 1789 47 40 J240
1585 1777 84 32 41:28
1655 1773 24 46 |
1687 1789 68 20 41:71

1308 1828 43 38 FSS

1307 1872 2 12 I
1415 1869 1 19 I

1307 1886 1 18 RR
1415 1895 1 8 |

1265 1912 1 3 |
1415 1913 1 13 |
1667 1906 1 26 |

1307 1938 1 18 I
1667 1936 1 13 I

1211 1979 1 9 |
1349 1961 1 29 a
1667 1976 1 9 |

1307 1986 43 15 FS:

1211 1995 1 37 FSE
1667 2008 1 24 |

1211 2040 1 9 |
1414 2047 51 8 Irena
1523 2041 1 13 |
1667 2033 1 22 I

1211 2056 1 11 I
1464 2056 1 11 I
