1848 2357
802 144 136 35 SAKREGISTER
1629 148 41 21 703

1033 216 16 19 A
1390 223 53 18 Riks-

1009 234 35 18 25
1313 252 5 3 3

955 246 17 28 Z
1009 249 35 33 2A
1067 271 45 17 Moti
1224 241 87 48 a
1381 247 72 33 dagens
1509 254 119 17 Kamrarnas

956 278 16 25 &
1009 294 12 9 la
1033 292 17 20 2
1087 276 11 12 SE
1108 276 53 13 ORT
1200 272 31 47 Le
1253 273 33 16 Sn
1300 277 26 27 S
1340 301 6 18 1
1395 279 46 32 skri-
1494 283 146 22 förhandlingar

956 308 17 27 3
1006 300 20 38 Z.
1028 314 22 17 2
1188 307 47 12 eller
1248 306 91 13 memorial
1387 313 63 18 velser

958 330 8 38 SR
1009 334 40 24 EE

956 355 17 24 >
1010 359 35 18 leg
1182 361 17 24 gl
1337 370 16 11 2
1438 369 17 12 2
1454 358 14 36 |
1484 368 66 17 Första
1555 358 23 36 |
1584 367 65 17 Andra

1010 377 12 11 [CE
1337 383 11 6 -
1438 383 11 5 -

957 383 11 9 3
1010 388 35 30 "8
1071 379 87 17 FETA
1182 385 58 31 Blå
1277 379 17 27 2
1337 390 17 24 :
1394 375 9 44 Zz
1438 390 17 24 &|
1481 392 69 17 kamm.
1551 385 26 33 |
1580 392 72 17 kamm.

83 430 91 27 Hydén,
190 431 25 21 F.
231 430 32 27 N.,
280 432 122 24 kontrollör;
420 439 22 14 se
459 432 77 21 Socker
552 431 72 29 (1929:
636 433 25 26 3).

83 496 215 27 Hydrofontjänst;
315 505 22 14 se
353 497 106 22 Marinen
475 498 72 26 (1926:
559 498 25 28 3).

83 561 195 28 Hydrografiska
288 560 86 29 byrån,
383 564 181 24 internationella;
574 571 22 13 se
605 563 173 27 Sjökarteverket
787 564 72 25 (1921:
871 569 18 18 2,
903 569 18 19 6;

130 593 63 20 1923:
205 599 18 18 5;
248 593 92 25 1924:5;
367 593 93 26 1925:6;
486 593 92 25 1926:5;
606 593 92 25 1927:5;
717 593 63 21 1928:
792 599 18 19 8;
828 593 63 21 1929:
904 599 17 19 2;

131 622 63 21 1930:
205 623 25 26 4).

84 680 194 28 Hydrografiska
286 679 215 29 undersökningar
509 690 26 14 av
544 683 95 26 Sveriges
646 683 138 24 färskvatten;
792 690 22 14 se
821 682 102 22 Meteoro-

129 711 239 28 logisk-hydrografiska
380 712 109 22 anstalten
500 712 72 27 (1921:
584 718 17 19 7;
618 713 63 20 1922:
694 718 17 19 7;
724 713 63 20 1923:
797 719 18 18 6;
829 713 63 21 1924:
904 719 18 19 6;

131 742 63 20 1925:
207 747 32 20 10;
257 742 63 21 1926:
331 748 18 19 0;
368 742 63 21 1927:
444 748 18 20 9;
481 743 63 20 1928:
556 747 17 21 7;
593 743 91 25 1929:6;
702 742 100 27 1930:1).

84 805 313 28 Hydrografisk-biologisk
409 806 195 27 centralanstalt,
614 808 168 24 internationell;
794 815 22 14 se
827 807 95 22 Fiskeri-

128 837 107 27 näringen
259 837 117 27 (1921:13,
404 843 34 20 14;
464 838 95 24 1923:6;
586 838 95 24 1925:7;
708 838 93 24 1926:6;
828 838 94 24 1927:5;

130 867 63 20 1928:
204 873 18 18 5;
241 867 64 20 1929:
317 873 18 18 5;
354 868 62 20 1930:
429 868 25 25 3).

83 924 331 28 Hydrografisk-biologiska
438 924 287 28 havsundersökningar;
751 934 22 13 se
796 926 126 22 Fiskerinä-

128 955 78 28 ringen
229 956 119 27 (1921:18,
376 962 31 19 14;
426 957 93 24 1922:6;
545 957 91 24 1923:e;
660 957 63 21 1924:
735 962 18 19 6;
775 957 63 20 1925:
853 962 18 20 7,
891 962 31 19 11;

129 986 64 20 1926:
206 992 17 18 e;
243 986 91 25 1927:5;
353 986 63 21 1928:
428 992 18 19 5;
465 986 62 21 1929:
538 992 18 19 5;
575 987 63 22 1930:
650 987 25 26 38).

83 1049 229 28 Hydrogeologiska
335 1049 225 28 undersökningar;
583 1059 22 14 se
621 1051 173 29 Hydrografiska
810 1052 112 21 undersök-

128 1080 83 28 ningar
227 1089 26 14 av
270 1082 96 27 Sveriges
382 1082 139 21 färskvatten.

83 1139 105 28 Hygien;
205 1148 22 14 se
243 1141 164 28 Kroppskultur
422 1141 37 22 och
474 1141 85 28 hygien.

83 1199 134 27 Hygienisk
226 1199 238 28 fortbildningskurs
472 1202 33 20 för
512 1202 66 20 lärare
585 1208 29 14 m.
622 1201 27 25 fl.;
659 1208 21 14 se
689 1201 119 28 Nykterhet
814 1201 72 27 (1928:
897 1201 24 26 1).

83 1259 151 26 Hygieniska
249 1260 211 28 ungkarlshotell;
476 1268 22 14 se
519 1260 174 28 Ungkarlshotell
707 1261 80 27 (1922).

83 1318 199 27 Hypoteksbank,
299 1319 112 27 Sveriges
427 1319 130 22 allmänna.
1426 1338 1 23 |

113 1350 37 20 RD
163 1352 86 24 antager
260 1351 79 26 förslag
350 1351 33 20 till
394 1351 126 26 förordning
530 1358 35 13 om
578 1351 81 20 ändrad
670 1351 81 26 lydelse
762 1357 26 14 av
799 1351 27 25 $$
839 1351 59 25 4—6,
910 1351 12 20 8
938 1350 57 22 119301
1009 1350 42 21 265
1188 1350 117 21 SKIeAv
1379 1351 42 20 302

128 1380 39 20 och
186 1380 78 20 12—15
281 1381 7 19 i
304 1381 152 26 förordningen
472 1381 41 20 den
532 1380 26 20 16
575 1381 44 26 maj
638 1380 55 21 1890
710 1380 33 27 (nr
759 1380 26 20 21
803 1387 15 14 s.
837 1380 19 27 1)
877 1387 45 20 ang.

128 1410 96 26 Sveriges
240 1410 110 21 allmänna
366 1411 164 26 hypoteksbank
547 1411 39 20 och
602 1411 34 20 till
652 1410 124 26 förordning
791 1417 35 13 om
842 1410 81 21 ändrad

127 1439 82 26 lydelse
226 1447 26 13 av
268 1440 28 25 $$
313 1440 19 25 4,
349 1441 19 24 5,
388 1441 57 25 7—9,
464 1440 33 25 14,
516 1440 25 21 17
558 1441 40 20 och
616 1440 26 20 18
658 1441 8 19 i
681 1440 150 26 förordningen
843 1440 40 20 den
896 1440 26 20 16

127 1470 44 25 maj
198 1469 56 20 1890
278 1470 34 25 (nr
335 1470 26 20 21
383 1477 16 14 s.
422 1470 34 26 11)
476 1477 46 19 ang.
543 1470 26 20 de
585 1470 110 21 allmänna
710 1470 98 26 grunder,
825 1476 46 14 som
888 1470 35 21 vid

127 1499 239 27 hypoteksföreningars
383 1500 101 20 bildande
500 1500 39 20 och
555 1500 102 20 framtida
672 1500 137 21 verksamhet
819 1500 60 20 skola
890 1500 32 20 till

127 1529 141 20 efterrättelse
291 1529 71 25 lända;
383 1530 39 20 och
439 1530 93 20 besluter
548 1530 44 24 RD,
610 1532 31 18 att
656 1530 48 20 från
720 1529 204 27 riksgäldskontoret

129 1558 61 21 skola
205 1559 34 20 till
250 1559 96 26 Sveriges
357 1560 111 20 allmänna
478 1560 164 26 hypoteksbank
653 1560 69 20 såsom
736 1560 48 20 dess
795 1559 127 26 grundfond,

129 1590 58 18 emot
203 1588 36 21 det
255 1590 31 19 att
302 1589 85 20 banken
403 1590 84 20 återbär
502 1590 89 26 tidigare
607 1590 33 20 för
655 1589 95 21 nämnda
766 1589 100 21 ändamål
882 1589 41 21 till-

128 1618 146 21 handahållna
290 1619 145 26 obligationer,
447 1620 133 20 överlämnas
591 1620 91 20 svenska
692 1621 80 19 statens
783 1618 42 28 4!/;
837 1621 87 25 procent

127 1648 148 26 obligationer,
284 1649 148 26 ouppsägbara
442 1650 46 19 från
500 1650 156 20 innehavarens
665 1649 53 25 sida,
729 1649 34 21 till
772 1651 31 19 ett
810 1649 114 21 nominellt

127 1678 79 27 belopp
230 1685 26 14 av
280 1678 28 20 60
320 1679 43 20 000
373 1679 42 20 000
439 1679 31 20 kr.
487 1679 49 21 med
552 1681 43 19 rätt
610 1680 33 20 för
660 1680 84 20 banken
760 1681 31 19 att
807 1679 67 26 enligt
890 1680 32 19 be-

126 1708 165 21 stämmelserna
306 1709 7 20 i
329 1709 151 26 förordningen
502 1716 47 20 ang.
574 1709 84 21 banken
682 1710 82 25 förfoga
780 1711 49 19 över
844 1709 78 26 obliga-

126 1738 104 20 tionerna.

1479 1347 33 34 36:
1524 1347 51 34 118|
1580 1351 33 20 37:
1625 1356 38 15 114

81 1801 278 28 Hypoteksföreningar.

111 1833 38 20 RD
171 1835 87 25 antager
281 1834 79 26 förslag
383 1834 33 20 till
436 1834 124 26 förordning
575 1840 35 14 om
627 1834 81 20 ändrad
724 1834 81 26 lydelse
821 1840 26 15 av
864 1834 27 25 $8
908 1834 13 19 4
938 1832 56 22 1924]
1017 1832 28 21 94
1189 1832 12 21 8
1279 1832 27 20 49
1379 1832 41 20 216
1487 1832 32 21 36:
1531 1837 24 16 88
1561 1827 15 36 |
1580 1833 33 20 35:
1625 1838 38 16 128

126 1864 40 19 och
183 1863 12 20 5
207 1864 7 19 i
224 1864 151 26 förordningen
389 1864 42 20 den
443 1863 27 20 16
482 1864 43 26 maj
539 1863 57 21 1890
607 1870 47 19 ang.
666 1864 26 20 de
703 1864 110 20 allmänna
823 1863 97 26 grunder,

127 1899 46 13 som
189 1893 37 21 vid
242 1893 238 26 hypoteksföreningars
497 1893 101 21 bildande
613 1894 40 20 och
668 1893 103 21 framtida
786 1893 137 21 verksamhet

126 1922 61 20 skola
198 1923 33 20 till
242 1923 140 21 efterrättelse
393 1923 64 20 lända
465 1923 119 26 (införande
601 1930 25 14 av
635 1923 45 21 s.k.
690 1923 231 26 överslagsvärdering),

139 1957 24 17 Se
176 1958 35 17 ock
224 1958 180 22 Hypoteksbank,
417 1958 103 23 Sveriges
534 1958 113 19 allmänna
659 1957 67 24 (1930).

80 2014 235 29 Hyresförmedling,
339 2018 106 27 offentlig;
470 2025 22 14 se
508 2018 131 27 Fastighets-
662 2017 37 22 och
721 2017 200 28 hyresförmedling,

126 2048 104 25 offentlig.
