1828 2350
1627 67 38 20 191

81 246 146 27 Civilförsvar.

81 282 99 26 bildning
192 289 29 14 m.
231 289 28 14 m.
275 282 60 21 1050
343 282 42 20 000
397 282 31 21 kr.
442 282 33 26 (f),
489 282 32 20 till
534 282 130 26 gottgörelse
676 282 33 20 till
721 282 180 26 fastighetsägare
913 288 28 14 m.
952 282 22 20 fl.

81 312 34 20 för
125 312 147 26 anordningar
283 312 39 20 och
333 312 98 20 materiel
442 318 29 14 m.
481 318 28 14 m.
522 312 40 20 200
571 312 41 20 000
622 312 32 20 kr.
666 312 26 25 (f)
703 313 58 18 samt
771 311 32 20 till
814 312 118 19 kostnader
943 311 33 20 för

81 342 131 26 avveckling
226 348 28 14 av
268 342 295 26 civilförsvarsberedskapen
578 341 27 21 50
613 342 41 19 000
668 342 32 20 kr.
715 341 33 26 (f);
764 341 39 20 och
818 341 80 20 befriar
912 341 42 20 RD
969 341 6 20 i

82 372 95 26 enlighet
193 372 49 20 med
259 372 42 20 vad
317 378 46 14 som
379 372 6 19 i
399 371 241 27 statsrådsprotokollet
653 373 51 19 över
718 371 160 20 socialärenden
889 371 34 20 för
934 371 41 20 den

84 402 22 19 11
127 401 43 26 maj
192 401 52 21 1945
263 402 84 19 anförts
364 401 37 20 vid
420 401 159 26 behandlingen
598 407 28 14 av
644 401 98 26 anslaget
760 401 32 20 till
810 401 164 20 civilförsvaret:

82 431 111 26 förvaring
213 431 39 20 och
273 431 112 20 underhåll
405 437 28 14 av
452 431 44 20 viss
515 431 97 20 materiel
632 437 28 14 m.
671 437 28 14 m.
720 430 214 27 bryggeriarbetaren
955 431 19 19 S.

84 460 108 21 Svensson
213 461 6 20 i
239 461 103 26 Vrigstad
362 461 48 20 från
431 461 80 20 honom
532 461 101 20 åvilande
654 460 269 26 skadeståndsskyldighet
943 460 32 20 till

83 492 73 19 staten
168 491 7 19 i
187 491 43 20 anl.
244 497 27 14 av
284 491 90 20 förstört
386 490 142 26 träullsparti.

114 539 16 19 1.
148 538 42 20 RD
204 538 126 26 godkänner
344 538 42 20 vad
400 538 7 20 i
421 538 240 26 statsrådsprotokollet
675 539 51 19 över
740 538 189 20 försvarsärenden
943 538 33 19 för

84 568 41 19 den
143 568 13 19 9
175 574 50 13 nov.
247 568 52 20 1945
317 574 28 13 av
364 568 240 25 departementschefen
622 567 121 26 föreslagits
762 567 137 20 beträffande
917 568 59 19 hem-

83 599 89 18 värnets
188 597 135 26 rekrytering
338 599 58 18 samt
411 597 255 26 hemvärnspersonalens
681 597 146 26 tjänstgöring
842 597 40 19 och
897 597 79 19 ekono-

83 627 69 19 miska
165 626 115 21 förmåner.

111 657 19 19 2.
147 657 55 25 Ang.
218 657 100 25 uppskov
332 656 34 20 för
380 656 161 26 landsbygdens
555 656 34 20 del
603 656 49 20 med
667 656 99 26 samtliga
782 656 105 26 övningar
901 662 28 14 m.
939 662 36 17 m.;

83 692 21 13 se
120 686 180 26 Interpellationer
312 686 70 26 (1945:
397 686 52 25 124).

112 733 42 20 RD
172 733 87 20 anvisar
276 733 32 20 till
325 733 260 26 civilförsvarsstyrelsen:
603 733 32 20 till
652 733 127 26 avlöningar
796 733 39 20 715
844 733 41 20 000
901 733 32 20 kr.
951 733 25 26 (f)

84 764 57 18 samt
151 762 32 20 till
194 763 156 20 omkostnader
359 762 41 20 200
409 762 41 20 000
459 763 32 19 kr.
502 763 33 25 (f),
546 762 33 20 till
589 762 164 20 civilförsvaret:
764 762 32 20 till
808 762 122 26 utbildning
940 763 36 19 vid

84 794 83 18 statens
181 792 208 20 civilförsvarsskola
404 794 57 18 samt
474 792 37 20 vid
524 792 81 23 kurser,
620 792 125 20 anordnade
758 798 28 14 av
800 792 176 26 länsstyrelserna

86 822 38 20 125
133 822 42 19 000
188 822 32 20 kr.
234 821 33 26 (f),
283 821 31 20 till
328 822 165 19 civilförsvaret:
508 822 32 19 till
554 822 76 26 bidrag
643 821 32 21 till
689 821 288 27 riksluftskyddsförbundet

86 851 38 20 126
134 851 40 20 500
185 852 40 22 kr.,
238 851 32 20 till
282 851 165 20 civilförsvaret:
460 851 32 20 till
504 851 101 26 övnings-
616 851 39 20 och
667 851 224 20 försöksverksamhet
902 851 26 20 95
937 851 41 20 000

84 881 32 20 kr.
134 881 32 25 (f),
184 881 33 20 till
234 880 165 21 civilförsvaret:
418 881 31 20 till
466 880 140 27 anskaffning
622 887 28 14 av
666 880 44 20 viss
726 880 251 27 förbrukningsmateriel

85 911 25 20 75
120 911 41 19 000
173 911 31 20 kr.
218 911 33 25 (f),
264 910 33 21 till
309 910 165 20 civilförsvaret:
487 910 110 26 förvaring
609 911 40 19 och
662 910 111 20 underhåll
786 916 28 14 av
826 911 43 19 viss
880 910 98 20 materiel

85 946 29 14 m.
124 946 28 14 m.
171 940 40 20 280
220 940 41 20 000
278 940 31 20 kr.
327 940 33 27 (f),
378 940 33 20 till
428 940 164 20 civilförsvaret:
610 940 32 20 till
659 940 76 26 bidrag
751 940 33 20 till
800 940 128 20 kommuner
945 940 33 20 till

85 970 147 20 kostnaderna
243 970 33 20 för
287 970 56 20 vissa
354 970 96 20 arvoden
461 976 28 14 m.
499 976 29 14 m.
540 970 40 20 300
589 970 40 20 000
639 970 32 20 kr.
683 970 32 26 (f),
727 970 32 20 till
770 970 163 20 civilförsvaret:
945 970 32 20 till

85 1000 77 26 bidrag
177 999 32 20 till
224 1000 129 20 kommuner
368 1000 33 19 för
416 1000 124 26 utbildning
554 1006 28 14 m.
592 1006 29 14 m.
637 1000 40 20 700
686 999 41 20 000
741 1000 32 20 kr.
789 999 33 27 (f),
837 1000 33 20 till
885 1000 93 19 civilför-

85 1031 80 18 svaret:
186 1029 33 20 till
238 1029 131 26 gottgörelse
388 1029 33 20 till
441 1029 179 26 fastighetsägare
640 1035 28 14 m.
678 1029 22 20 fl.
721 1029 33 20 för
773 1029 145 26 anordningar
937 1030 39 19 och

86 1059 98 20 materiel
199 1065 28 14 m.
238 1065 28 14 m.
282 1059 27 20 50
317 1059 41 20 000
373 1059 31 20 kr.
421 1059 25 26 (f)
462 1061 57 18 samt
535 1059 31 20 till
581 1059 164 20 civilförsvaret:
761 1059 117 20 kostnader
892 1059 34 20 för
940 1065 37 14 av-

86 1089 99 25 veckling
197 1095 28 14 av
237 1078 295 41 cifilförsvarsberedskapen
545 1089 26 20 50
580 1088 41 21 000
632 1089 32 20 kr.
677 1089 33 25 (f).

114 1130 42 20 RD
172 1130 143 26 bemyndigar
330 1130 63 20 KM:t
408 1132 34 18 att
456 1130 90 26 vidtaga
561 1130 56 20 vissa
633 1130 116 26 ändringar
763 1130 6 20 i
784 1130 193 26 personalförteck-

86 1160 78 26 ningen
177 1160 34 20 för
223 1160 252 26 civilförsvarsstyrelsen
489 1162 57 18 samt
558 1160 88 20 anvisar
658 1159 32 21 till
703 1160 127 26 avlöningar
842 1160 41 20 850
891 1160 41 20 000
944 1160 31 20 kr.

86 1190 33 25 (f),
137 1189 32 20 till
187 1190 156 19 omkostnader
361 1189 39 20 190
409 1189 41 21 000
466 1190 32 20 kr.
517 1189 32 27 (f),
568 1189 32 20 till
617 1189 164 21 civilförsvaret:
800 1189 124 27 utbildning
940 1190 37 19 vid

86 1221 84 18 statens
184 1219 208 20 civilförsvarsskola
407 1221 57 18 samt
479 1219 37 20 vid
530 1219 75 20 kurser
619 1219 125 20 anordnade
758 1225 28 14 av
801 1219 176 26 länsstyrelserna

88 1249 38 20 125
135 1249 41 19 000
186 1249 31 20 kr.
229 1249 33 26 (f),
274 1249 75 26 bidrag
360 1249 32 19 till
402 1249 57 19 vissa
470 1249 99 25 frivilliga
580 1249 170 26 organisationer
762 1249 35 19 141
809 1249 40 20 500
859 1249 32 20 kr.
902 1249 32 25 (f),
946 1249 32 21 till

86 1278 101 26 övnings-
197 1278 40 20 och
248 1278 224 20 försöksverksamhet
482 1278 26 20 95
517 1278 41 20 000
568 1278 31 20 kr.
610 1278 33 26 (f),
654 1278 33 20 till
697 1278 139 26 anskaffning
845 1284 28 14 av
883 1279 44 19 viss
936 1279 42 19 för-

86 1308 219 26 brukningsmateriel
324 1308 26 20 50
359 1308 41 20 000
418 1308 32 20 kr.
469 1308 33 26 (f),
521 1308 33 20 till
572 1308 110 26 förvaring
700 1308 40 20 och
759 1308 112 21 underhåll
889 1314 28 14 av
935 1308 43 20 viss

86 1337 97 20 materiel
194 1344 28 13 m.
233 1343 29 14 m.
276 1338 7 19 1
295 1338 41 19 000
345 1337 40 20 000
396 1338 31 19 kr.
439 1337 33 26 (f),
484 1337 32 20 till
527 1337 76 26 bidrag
613 1337 33 20 till
656 1338 128 19 kommuner
795 1338 33 19 för
838 1338 140 20 anordnande

86 1373 28 14 av
125 1367 109 20 allmänna
246 1367 131 26 skyddsrum
388 1373 28 14 m.
426 1373 28 14 m.
468 1368 8 19 1
488 1367 41 20 500
537 1367 41 20 000
588 1367 31 20 kr.
631 1368 34 25 (r),
677 1367 34 20 till
721 1367 76 26 bidrag
808 1367 32 20 till
850 1367 129 20 kommuner

87 1397 32 20 till
134 1397 147 20 kostnaderna
296 1397 33 20 för
344 1397 56 20 vissa
415 1397 96 20 arvoden
526 1403 28 14 m.
565 1403 28 14 m.
609 1397 40 20 300
658 1397 41 20 000
713 1397 31 20 kr.
760 1397 33 26 (f),
809 1397 32 20 till
856 1397 75 26 bidrag
946 1397 32 20 till

86 1427 129 20 kommuner
231 1427 33 19 för
282 1426 122 26 utbildning
420 1433 28 13 m.
459 1432 28 14 m.
505 1426 40 21 675
554 1426 41 20 000
607 1427 31 20 kr.
652 1427 26 26 (f)
691 1428 57 18 samt
760 1426 32 20 till
804 1427 130 26 gottgörelse
945 1427 32 20 till

86 1456 179 26 fastighetsägare
285 1463 28 13 m.
324 1456 22 20 fl.
366 1456 33 20 för
414 1456 145 26 anordningar
572 1456 39 20 och
623 1456 97 20 materiel
732 1462 28 14 m.
770 1462 28 14 m.
813 1456 24 20 10
846 1456 40 20 000
898 1457 32 20 kr.
944 1457 32 25 (f).

116 1498 17 20 1.
150 1498 42 20 RD
208 1500 91 24 antager
315 1498 78 26 förslag
409 1498 32 20 till
457 1498 126 26 kungörelse
599 1504 35 14 om
650 1498 83 20 ändrad
749 1498 80 26 lydelse
844 1504 28 14 av
887 1499 13 19 2
915 1499 10 24 $
940 1504 37 14 av-

87 1528 226 26 löningsreglementet
326 1528 40 19 den
382 1528 24 20 15
418 1528 38 25 juli
472 1528 52 19 1944
536 1528 34 24 (nr
583 1528 48 25 546)
645 1528 32 19 för
690 1528 97 26 personal
800 1528 6 19 i
819 1528 37 20 det
868 1528 108 20 allmänna

86 1557 165 20 civilförsvaret.

114 1587 19 20 2.
150 1587 42 20 RD
203 1587 117 26 medgiver,
331 1589 34 18 att
376 1587 31 20 till
418 1587 107 20 täckande
536 1593 27 14 av
573 1587 57 20 vissa
640 1587 6 20 i
656 1587 118 20 försvarets
783 1587 195 27 civilförvaltnings

86 1617 147 26 räkenskaper
248 1617 70 19 såsom
335 1617 186 26 propriebalanser
536 1617 126 20 redovisade
677 1617 125 26 ytterligare
817 1617 160 20 medelsbrister

86 1647 35 19 må
136 1646 126 26 disponeras
276 1646 63 26 högst
353 1646 26 20 38
388 1646 41 20 000
442 1646 32 20 kr.
489 1652 28 14 av
531 1647 37 19 det
581 1647 33 19 för
627 1647 130 25 budgetåret
772 1646 89 26 1947/48
874 1647 104 20 anvisade

86 1676 190 26 förslagsanslaget
288 1676 33 20 till
334 1676 140 20 oförutsedda
488 1676 96 26 utgifter.

114 1705 19 20 3,
151 1705 42 20 RD
205 1705 117 26 medgiver,
334 1707 35 18 att
380 1705 33 20 till
424 1706 109 19 täckande
544 1711 29 14 av
584 1706 41 19 den
637 1705 6 20 i
655 1705 117 20 försvarets
784 1705 194 28 civilförvaltnings

86 1735 147 26 räkenskaper
247 1735 127 20 redovisade
387 1740 79 21 genom
480 1735 130 20 kursförlust
624 1735 126 26 uppkomna
764 1735 164 20 medelsbristen
942 1736 35 19 må

86 1764 126 26 disponeras
213 1760 5 35 -
226 1765 63 25 högst
302 1765 24 19 51
337 1764 41 20 000
390 1765 32 19 kr.
436 1770 28 14 av
478 1765 37 19 det
527 1765 33 19 för
573 1765 130 25 budgetåret
718 1764 89 26 1947/48
820 1764 103 21 anvisade
936 1765 42 20 för-

86 1794 155 26 slagsanslaget
253 1794 33 20 till
298 1794 140 20 oförutsedda
451 1794 95 26 utgifter.

114 1824 19 19 4.
151 1824 42 19 RD
209 1825 91 25 antager
316 1824 33 26 lag
365 1829 35 14 om
416 1824 92 25 ändring
524 1824 5 19 i
546 1824 207 25 civilförsvarslagen
770 1824 41 20 den
829 1824 24 20 15
868 1824 39 26 juli
926 1824 52 20 1944

86 1854 35 25 (nr
132 1853 50 25 536)
194 1855 57 18 samt
264 1853 89 20 fortsatt
364 1853 100 26 giltighet
475 1859 28 14 av
515 1859 82 14 samma
610 1853 40 26 lag.

114 1913 19 19 5.
151 1912 42 20 RD
213 1913 126 25 godkänner
358 1913 79 25 förslag
456 1914 41 19 rör.
518 1913 174 25 organisationen
712 1919 28 14 av
759 1913 169 20 civilförsvarets
947 1913 31 20 in-

86 1944 84 18 stanser
184 1948 28 14 m.
223 1948 37 17 m.;
275 1942 39 20 och
329 1942 87 20 anvisar
430 1942 42 20 RD
486 1942 33 20 till
533 1942 258 27 civilförsvarsstyrelsen:
806 1942 32 21 till
851 1942 127 27 avlöningar

86 1972 40 20 814
135 1971 41 20 000
192 1972 31 20 kr.
240 1972 40 20 och
296 1972 32 20 till
345 1972 154 20 omkostnader
516 1972 39 20 190
563 1972 41 20 000
619 1972 31 20 kr.
667 1972 33 26 (f),
716 1972 32 20 till
764 1972 164 21 civilförsvaret:
944 1974 34 19 ut-

86 2001 98 26 bildning
204 2002 37 19 vid
260 2003 84 19 statens
361 2002 207 20 civilförsvarsskola
587 2004 57 18 samt
661 2002 37 20 vid
716 2002 74 20 kurser
808 2002 124 20 anordnade
950 2008 28 14 av

86 2031 178 26 länsstyrelserna
282 2031 40 20 316
331 2031 41 20 000
388 2031 31 20 kr.
438 2031 33 26 (f),
489 2031 37 20 till:
538 2032 76 26 bidrag
631 2031 31 20 till
679 2032 57 20 vissa
752 2032 101 26 frivilliga
870 2032 108 26 organisa-

86 2060 70 20 tioner
171 2056 41 36 285
212 2056 48 36 000
277 2061 39 23 kr.,
333 2061 32 20 till
381 2061 101 26 övnings-
497 2061 39 20 och
552 2061 224 20 försöksverksamhet
793 2061 38 20 120
840 2061 41 20 000
896 2062 31 20 kr.
944 2062 32 26 (f),

87 2090 31 20 till
132 2090 236 26 engångsanskaffning
382 2097 27 14 av
423 2091 97 20 materiel
533 2091 12 20 4
555 2091 40 20 780
604 2091 41 20 000
658 2091 30 20 kr.
703 2092 34 25 (r),
752 2091 32 20 till
798 2091 139 26 anskaffning
949 2097 28 14 av

1117 152 103 30 Motioner
1267 152 90 30 Utskott
1520 157 95 16 Protokoll

996 178 25 19 År
1019 174 16 31 |
1043 181 54 20 Prop.
1402 168 57 40 ig

1124 210 33 16 FK
1161 206 23 29 |
1187 211 35 15 AK
1244 193 84 55 smilaval
1352 210 27 19 Nr
1498 211 32 15 FK
1597 211 35 16 AK

996 538 27 20 451
1051 538 40 20 379
1101 533 27 35 |
1136 550 28 2 —
1164 533 10 35 1
1188 538 40 20 6891
1264 538 12 19 6
1297 550 27 2 |—]|
1348 537 40 21 2871
1413 538 40 20 5921
1478 538 33 20 39:
1523 538 24 20 9d
1549 533 23 35 |
1578 538 33 20 41:
1623 539 38 19 67d

999 568 20 19 H

997 733 27 20 461
1052 733 41 20 294
1099 729 30 34 |
1137 745 27 2 —I
1202 745 27 2 —I
1264 733 60 19 61—1]
1348 733 40 20 2261
1413 733 40 20 4291
1478 729 33 34 27:
1522 729 49 34 57dl
1578 733 33 21 28:
1623 734 39 19 74d

996 1131 28 20 471
1053 1131 40 20 2781
1138 1143 26 2 —I
1202 1143 27 2 —IJI
1264 1131 61 19 6|—]
1348 1131 41 20 2001
1413 1131 40 20 410]
1478 1132 33 20 27:
1522 1134 24 18 36
1550 1127 23 34 |
1578 1131 33 21 30:
1623 1134 24 17 24

997 1499 28 20 481
1067 1499 26 20 241
1137 1510 27 3 —I
1202 1511 27 2 —I
1264 1499 60 19 61—]
1362 1499 26 20 241
1426 1499 26 20 251]
1491 1500 55 20 5:83
1549 1495 27 34 |
1591 1500 19 20 5:
1624 1502 37 18 117

1008 1595 8 12 »
1068 1588 25 20 131]
1137 1600 26 2 —IJ.
1202 1600 27 2 —]
1263 1588 61 19 61—]
1362 1588 26 20 251
1426 1589 23 19 411
1491 1589 54 20 7:20]
1591 1589 55 20 7:56

1008 1714 8 11 »
1068 1707 25 19 14]
1137 1718 27 3 —|
1202 1718 26 2 —]
1263 1706 61 20 61—]
1361 1707 26 19 261
1425 1707 27 20 421
1490 1707 55 20 7:20
1548 1702 22 34 |
1591 1707 54 20 7:56

1008 1832 8 12 »
1066 1825 23 20 81
1098 1821 22 34 |
1131 1825 39 20 268)
1195 1825 40 20 423]
1263 1825 12 19 91
1311 1825 12 20 21
1361 1825 91 21 401375]
1476 1826 33 20 25:
1520 1826 25 20 8d
1548 1821 22 34 |
1576 1825 33 21 25:
1622 1826 37 20 16d

1113 1855 122 20 -270/-425]

1195 1884 41 20 430]

1008 1920 8 13 »
1048 1914 17 20 11:
1078 1916 22 17 131
1123 1914 40 20 264
1163 1910 22 34 |
1187 1914 41 20 422]
1263 1914 60 20 61—
1322 1910 8 34 i]
1349 1914 38 20 1681
1411 1914 40 20 374
1450 1910 18 34 |
1476 1915 33 20 25:
1522 1915 37 20 19d]
1576 1914 33 21 25:
1620 1915 39 20 29d/

1038 1947 20 20 pt
1070 1945 36 18 154
1187 1944 37 20 431

1038 1975 68 17 —164

1056 2005 36 17 172

1038 2034 68 18 —174I|

1066 2062 26 20 82

1052 2092 40 19 233
