1850 2357
161 151 43 20 362
897 157 135 14 SAKREGISTER

182 435 125 27 Domsagor.

226 466 93 20 ärenden
336 465 41 21 den
393 466 14 19 4
422 466 43 26 jan.
485 465 55 20 1928
558 466 6 19 i
580 465 59 20 detta
655 466 76 19 ärende
748 465 75 20 väckta
839 465 84 26 förslag,
936 465 84 20 anvisas

225 496 33 20 för
270 496 125 26 budgetåret
412 493 125 29 1928/1929
554 497 30 18 ett
600 497 59 18 extra
674 495 164 25 förslagsanslag
849 496 12 19 å
872 495 42 20 550
924 495 42 20 000
979 495 40 23 kr.;
1029 491 2 28 |

226 526 39 20 och
282 526 115 26 medgives,
414 528 31 18 att
461 526 7 19 i
484 525 66 20 Södra
569 525 88 26 Roslags
676 525 101 26 domsaga
793 526 35 18 må
844 524 130 21 fortfarande
979 516 39 41 så-
1029 520 2 33 |

226 563 46 13 som
284 556 49 20 chef
343 556 33 20 för
386 556 42 20 den
439 555 109 21 därstädes
563 555 104 21 inrättade
683 555 142 26 avdelningen
841 555 33 20 för
890 555 141 25 behandling
1016 551 10 34 |

227 593 26 13 av
268 585 246 26 inskrivningsärenden,
531 585 127 20 utfärdande
674 592 26 13 av
716 585 180 26 gravationsbevis
907 592 28 13 m.
948 591 28 13 m.
988 585 33 19 för

226 616 60 20 tiden
301 616 58 20 intill
375 616 41 20 den
434 615 10 20 1
464 615 41 27 juli
531 615 54 20 1931
611 615 100 20 tillsättas
735 622 25 13 en
786 615 124 20 biträdande
934 614 87 21 domare

227 646 49 20 med
292 648 42 18 rätt
349 648 31 18 att
396 645 97 27 uppbära
509 645 44 20 dels
570 652 25 13 av
612 645 124 20 statsmedel
752 647 30 18 ett
798 645 77 20 arvode
892 645 31 19 för
939 646 23 18 år
975 644 45 20 räk-

227 678 37 17 nat
279 682 27 14 av
323 675 64 20 7500
404 675 31 20 kr.
451 676 68 25 jämte
535 676 41 19 rätt
592 675 33 20 till
642 677 30 18 ett
688 675 144 25 ålderstillägg
843 675 11 20 å
866 674 42 20 600
925 675 30 19 kr.
968 675 54 19 efter

227 706 12 19 5
254 706 33 20 års
301 706 148 26 tjänstgöring,
461 705 6 20 i
479 705 72 20 vilken
568 706 35 19 må
618 705 101 20 inräknas
735 711 58 14 mera
809 704 211 26 sammanhängande

226 735 143 21 förordnande
385 736 12 19 å
413 735 148 26 domartjänst,
581 735 45 20 dels
646 735 39 20 ock
705 735 28 20 40
753 737 87 24 procent
859 742 26 12 av
903 734 118 26 inflytande

226 765 59 20 lösen
301 766 32 19 för
349 766 6 19 i
372 765 116 26 domsagan
504 764 112 21 utfärdade
632 765 190 25 gravationsbevis;
840 766 31 18 att
886 764 33 20 till
935 764 40 20 den
992 764 29 20 bi-

226 795 103 20 trädande
345 795 103 20 domaren
463 794 62 24 skall,
542 795 66 25 enligt
619 794 25 21 de
655 794 98 26 grunder,
766 801 45 13 som
823 794 56 26 gälla
889 794 33 20 för
933 795 88 26 tjänste-

226 832 51 13 man
296 825 7 20 i
322 825 57 24 verk,
400 832 46 13 som
465 825 47 20 icke
532 825 61 20 blivit
612 825 7 19 i
638 824 233 26 avlöningshänseende
895 824 125 27 nyreglerat,

226 856 50 25 utgå
293 855 158 26 dyrtidstillägg
467 855 12 20 å
495 861 25 13 en
537 857 90 23 antagen
643 855 96 19 inkomst
750 861 26 13 av
791 854 12 20 9
814 854 41 21 100
872 854 30 20 kr.
915 854 57 23 eller,
984 854 38 20 där

226 885 41 20 den
282 885 125 20 biträdande
424 885 100 20 domaren
541 886 49 24 äger
600 885 97 26 uppbära
708 884 150 26 ålderstillägg,
870 885 12 19 å
893 891 26 13 en
931 886 90 24 antagen

226 915 96 20 inkomst
337 922 27 13 av
380 915 12 19 9
403 914 41 21 700
461 915 41 23 kr.;
520 917 31 18 att
567 915 6 19 i
590 921 82 13 samma
688 914 101 26 domsaga
805 915 36 19 må
852 914 68 20 under
930 915 92 25 angivna

226 945 32 20 tid
274 945 109 23 anställas,
399 946 75 19 utöver
489 944 26 21 de
531 945 97 23 notarier,
644 951 46 14 som
702 944 65 26 enligt
778 944 98 26 gällande
888 944 134 20 bestämmel-

226 982 33 13 ser
275 976 35 19 må
330 975 37 20 där
387 977 94 23 antagas,
501 974 121 27 ytterligare
638 981 26 13 en
680 975 65 19 förste
761 975 39 19 och
817 981 27 13 en
859 974 65 20 andre
941 975 80 19 notarie

226 1005 33 20 för
274 1005 142 26 tjänstgöring
431 1005 12 19 å
459 1004 141 26 avdelningen
611 1004 33 20 för
660 1004 246 26 inskrivningsärenden;
924 1006 56 18 samt
991 1006 31 18 att

226 1035 41 20 den
284 1035 118 25 ersättning
421 1036 60 18 utom
503 1034 163 26 dyrtidstillägg,
682 1041 46 13 som
745 1034 127 21 statsverket
888 1034 38 20 har
941 1036 31 18 att
988 1034 33 20 be-

226 1064 67 20 strida
308 1064 33 20 för
357 1064 94 20 nämnda
467 1065 142 25 tjänstemäns
626 1063 125 25 avlönande,
763 1064 35 19 må
809 1064 51 25 utgå
871 1070 25 14 av
907 1063 36 21 det
954 1063 68 20 under

227 1095 34 19 2:a
280 1094 40 20 HT
339 1094 107 26 uppförda
467 1094 187 25 förslagsanslaget
672 1094 33 19 till
725 1093 74 25 bidrag
818 1093 33 20 till
871 1093 150 26 domsagornas

226 1124 139 25 förvaltning;
386 1124 81 20 motion
487 1130 35 13 om
541 1123 74 26 anslag
634 1123 33 20 till
683 1123 135 20 bestridande
834 1130 26 13 av
876 1123 56 21 vissa
949 1123 73 26 bidrag

227 1154 32 20 till
276 1153 143 20 kostnaderna
434 1153 33 20 för
483 1153 151 26 domsagornas
650 1153 130 26 förvaltning
795 1153 75 20 avslås.

186 1218 7 15 1
212 1213 42 20 Till
270 1212 136 21 bestridande
422 1219 26 14 av
463 1213 57 19 vissa
536 1212 74 26 bidrag
626 1212 32 20 till
675 1212 142 20 kostnaderna
827 1212 33 20 för
871 1212 151 25 domsagornas

227 1243 153 25 förvaltning
363 1237 27 35 i
399 1242 144 26 huvudsaklig
566 1242 212 20 överensstämmelse
802 1242 50 20 med
875 1242 26 20 de
925 1241 96 26 grunder,

227 1279 46 14 som
293 1272 69 21 finnas
381 1274 109 25 upptagna
506 1272 7 20 i
529 1272 98 26 gällande
647 1271 176 27 domsagostadga
841 1272 68 26 jämte
928 1272 72 25 övriga
1015 1272 7 19 i

227 1304 73 18 ämnet
309 1302 125 20 meddelade
444 1302 166 23 bestämmelser,
621 1302 84 20 anvisas
716 1302 32 20 för
759 1301 125 26 budgetåret
896 1300 126 28 1929/1930

228 1334 31 18 ett
274 1334 60 18 extra
350 1332 164 25 förslagsanslag
530 1332 11 19 å
558 1332 42 20 550
611 1331 42 20 000
670 1332 41 23 kr.;
730 1332 82 20 motion
831 1338 35 13 om
885 1332 92 20 revision
997 1338 26 13 av

228 1361 192 27 domsagostadgan
436 1368 28 14 m.
482 1368 28 13 m.
528 1361 75 21 avslås.

185 1433 10 14 2
214 1428 38 19 RD
272 1427 99 25 besluter,
391 1429 32 19 att
441 1427 66 20 Nätra
525 1428 39 19 och
584 1427 117 26 Nordingrå
721 1427 102 25 domsaga
841 1427 55 20 skall
915 1427 25 20 fr.
957 1433 19 14 o.
993 1434 28 13 m.

228 1457 42 20 den
288 1457 10 20 1
315 1458 43 26 jan.
378 1457 55 20 1930
450 1457 105 26 uppdelas
571 1458 12 19 å
600 1457 110 27 Själevads
726 1457 40 20 och
782 1458 69 19 Arnäs
869 1460 57 17 samt
944 1452 78 31 Ånger-

228 1487 114 21 manlands
358 1487 61 20 södra
436 1487 113 26 domsagor
567 1487 97 24 sålunda,
683 1489 31 18 att
732 1487 66 20 Nätra
816 1487 92 26 tingslag
925 1487 98 26 tillägges

228 1517 41 20 den
280 1517 56 20 förra
347 1517 122 26 domsagan,
480 1524 46 13 som
543 1517 53 20 efter
611 1516 240 27 indelningsändringen
867 1517 55 20 skall
939 1517 83 19 benäm-

228 1553 38 14 nas
282 1543 185 30 Ångermanlands
483 1553 62 14 norra
561 1546 107 26 domsaga,
684 1547 40 20 och
740 1547 119 25 Nordingrå
875 1546 92 26 tingslag
982 1546 40 20 till-

228 1577 71 26 lägges
315 1577 41 20 den
372 1583 72 14 senare
459 1576 126 26 domsagan;
597 1577 39 19 och
648 1576 116 21 fastställas
775 1576 248 26 avlöningsförmånerna

228 1607 33 20 för
272 1606 198 26 häradshövdingen
482 1607 7 19 i
499 1602 186 30 Ångermanlands
696 1613 62 13 norra
768 1606 102 26 domsaga
878 1606 98 20 sålunda:
986 1606 36 20 lön

228 1637 14 19 4
251 1636 42 20 500
306 1636 38 25 kr.,
356 1636 271 27 tjänstgöringspenningar
639 1636 9 20 1
660 1636 42 20 300
715 1636 31 20 kr.
758 1636 51 20 eller
820 1643 85 13 samma
917 1636 12 19 5
939 1636 42 20 800
990 1636 31 20 kr.

213 1696 42 20 Till
272 1696 135 20 bestridande
423 1703 26 13 av
466 1696 56 20 vissa
537 1695 75 26 bidrag
627 1696 34 19 till
677 1696 142 20 kostnaderna
828 1696 33 20 för
871 1696 151 25 domsagornas

228 1726 152 26 förvaltning
361 1721 28 35 i
399 1725 144 26 huvudsaklig
566 1726 211 20 överensstämmelse
800 1725 51 20 med
874 1725 26 20 de
923 1725 98 26 grunder,

227 1762 46 14 som
293 1756 69 20 finnas
381 1758 110 24 upptagna
507 1756 6 19 i
529 1755 99 26 gällande
647 1755 176 26 domsagostadga
841 1756 67 26 jämte
928 1756 70 25 övriga
1015 1755 7 20 i

227 1787 73 19 ämnet
308 1785 126 21 meddelade
443 1785 166 25 bestämmelser,
621 1786 85 19 anvisas
717 1786 32 19 för
761 1786 124 25 budgetåret
897 1784 123 28 1930/1931

228 1818 30 18 ett
274 1817 60 19 extra
349 1815 164 26 förslagsanslag
529 1816 12 19 å
557 1815 42 20 550
609 1815 42 20 000
668 1815 30 20 kr.

212 1876 52 24 Ang.
289 1875 46 20 icke
362 1875 140 20 rättsbildade
529 1874 210 26 domsagobiträden;
764 1881 21 14 se
810 1874 212 27 Häradshövdingar

227 1905 73 25 (1927:
312 1905 25 26 2),
355 1904 170 21 Pensionsväsen
540 1904 72 26 (1927:
626 1905 39 25 12).

239 1940 23 17 Se
275 1940 35 17 ock
323 1940 97 22 Domare,
433 1939 217 23 Häradshövdingar,
664 1939 69 19 Södra
746 1939 91 22 Roslags
850 1939 112 22 domsaga.

182 1992 117 25 Domstol,
315 1994 111 24 utländsk;
443 2000 21 14 se
486 1993 106 22 Utländsk
608 1994 95 20 domstol.

1051 249 22 145 I8S3LpsAIA

1109 296 17 104 198[9ALIYS
1109 237 17 47 199

1129 366 16 54 "doad
1129 295 21 64 s):ler
1128 219 22 71 [Bun

1167 273 94 18 Motioner

1324 244 95 17 Utskotts-

1312 273 112 18 utlåtanden

1289 303 46 18 eller
1348 303 99 18 memorial

1378 380 17 17 N

1437 371 17 45 BpIg
1432 352 15 2 |

1492 226 52 17 Riks-

1481 256 74 22 dagens

1496 286 46 16 skri-

1488 316 63 17 velser

1585 366 69 32 Första
1668 358 1 36 |
1687 370 66 17 Andra

1612 256 117 17 Kamrarnas

1598 286 144 22 förhandlingar

1583 394 70 17 kamm.
1668 401 1 14 |
1684 394 71 17 kamm.

1668 416 1 12 I

1035 466 56 20 1928

1037 1211 56 22 1929

1037 1695 57 22 1930

182 2052 147 26 Domstolar;
346 2060 21 13 se
384 2053 81 21 Forum
481 2053 79 26 (1924),
578 2052 174 27 Handräckning
767 2053 80 26 (1930).

1110 1427 42 20 155

1270 1424 2 27 |
1290 1424 53 29 6/1]
1382 1426 27 21 58

1442 1217 24 15 10

1443 1701 22 15 12

1482 1695 41 21 136

1606 1213 17 20 6:
1635 1212 26 21 4d

1590 1428 12 20 Da

1605 1428 18 20 »

1634 1433 10 15 ro

1649 1432 10 16 -

1684 1427 33 20 29:
1728 1427 40 21 38d

1599 1697 17 20 7:
1628 1696 45 21 11dl
1699 1696 18 20 9:
1730 1696 39 20 17d

1583 1727 69 20 22:72
1671 1715 2 29 |
1684 1726 33 20 23:
1729 1731 23 15 24
