1811 2361
227 693 212 72 Föritagkade
459 728 188 32 tioårsregister
668 728 36 24 till
726 728 162 31 Riksdagens
903 728 129 31 protokoll
1046 728 59 24 med
1119 727 97 32 bihang
1230 727 39 24 för
1283 727 60 24 åren
1359 726 166 25 1931—--1940
1540 726 46 24 har
1599 725 80 31 enligt

222 776 120 32 uppdrag
361 784 34 16 av
415 776 97 24 Herrar
532 776 175 31 Fullmäktige
727 776 7 23 i
754 776 265 31 Riksgäldskontoret
1038 776 149 23 utarbetats
1207 775 33 32 på
1256 774 163 32 grundvalen
1434 782 33 16 av
1481 774 31 24 de
1525 774 40 23 för
1579 780 100 17 samma

222 824 41 24 års
282 824 56 24 tolv
358 824 134 32 riksdagar
511 824 109 31 utgivna
640 824 124 31 registren
784 824 65 24 efter
862 824 7 23 i
884 824 139 24 huvudsak
1037 823 31 24 de
1082 823 136 32 principer,
1233 830 56 17 som
1303 822 144 32 tillämpats
1462 822 7 23 i
1481 822 31 24 de
1524 820 154 32 föregående

222 872 215 31 tioårsregistren.
461 872 85 24 Bland
572 872 47 24 här
642 872 102 24 införda
768 872 110 31 nyheter
901 872 42 24 må
963 871 158 28 framhållas,
1142 872 41 23 att
1202 870 8 24 i
1230 869 213 33 personregistret
1463 869 92 24 införts
1575 868 104 32 uppgift

223 920 14 24 å
257 920 120 31 samtliga
398 920 31 24 de
448 920 135 31 riksdagar
602 920 195 24 vederbörande
817 919 116 24 ledamot
951 921 67 22 även
1038 919 53 24 före
1111 919 28 24 år
1160 918 59 25 1931
1243 917 124 25 bevistat.
1390 918 10 23 I
1420 916 180 32 sakregistrets
1614 923 66 24 upp-

223 968 123 31 ställning
370 968 46 24 har
440 968 101 31 hänsyn
561 968 80 31 tagits
662 968 37 23 till
720 967 49 24 den
789 967 82 24 under
890 967 171 24 förevarande
1080 966 172 32 tioårsperiod
1271 966 31 24 fr.
1323 973 22 17 o.
1367 973 33 16 m.
1421 965 29 24 år
1470 965 63 23 1933
1553 964 126 31 vidtagna

222 1016 143 31 ändringen
385 1016 7 23 i
411 1016 284 31 kolumnindelningen.
719 1016 9 23 I
749 1015 128 25 avseende
896 1016 15 23 å
925 1022 99 17 samma
1038 1015 119 31 registers
1171 1014 113 24 innehåll
1298 1013 47 24 har
1358 1013 182 24 eftersträvats
1554 1013 41 22 att
1608 1011 71 24 inom

223 1070 88 17 ramen
325 1063 40 24 för
378 1063 159 31 vedertagna
552 1062 128 32 principer
693 1062 117 25 undvika
822 1062 94 31 onödig
926 1062 178 32 vidlyftighet,
1115 1062 159 31 exempelvis
1284 1067 94 25 genom
1389 1062 48 26 att,
1449 1067 56 16 som
1516 1059 82 24 delvis
1609 1059 70 23 skett

222 1113 67 22 även
312 1110 115 32 tidigare,
448 1111 58 24 från
525 1111 28 24 år
575 1110 37 24 till
632 1111 28 23 år
679 1110 169 32 regelbundet
868 1110 215 24 återkommande
1102 1109 90 31 anslag
1212 1108 135 32 upptagits
1366 1107 109 25 allenast
1495 1107 33 24 då
1548 1106 74 24 deras
1637 1106 43 23 be-

223 1158 60 32 lopp
303 1158 109 24 ändrats
431 1158 60 24 eller
510 1158 75 31 eljest
605 1158 125 24 särskilda
750 1158 180 24 förhållanden
950 1159 100 23 ansetts
1070 1157 103 32 påkalla
1193 1156 52 24 det.
1269 1156 10 24 I
1300 1156 68 31 syfte
1387 1157 42 22 att
1442 1155 50 24 öka
1506 1154 115 24 arbetets
1635 1161 45 16 an-

222 1206 167 24 vändbarhet
408 1207 46 23 har
474 1206 135 32 upptagits
629 1207 39 23 ett
687 1207 68 23 stort
773 1206 72 24 antal
865 1205 84 32 hjälp-
968 1205 47 24 och
1036 1205 97 27 ledord,
1154 1204 161 24 hänvisande
1333 1203 39 24 till
1386 1210 65 24 resp.
1467 1201 147 25 huvudord.
1630 1201 50 23 För

223 1254 156 24 redaktören
402 1256 29 22 är
454 1254 45 24 det
522 1261 31 16 en
576 1253 68 32 plikt
665 1255 42 22 att
726 1253 39 24 till
785 1253 55 24 sina
860 1253 178 31 medhjälpare
1058 1252 7 24 i
1085 1252 102 24 arbetet
1207 1252 47 23 här
1273 1251 124 31 uttrycka
1417 1250 46 24 sitt
1485 1250 70 27 tack;
1576 1246 104 27 särskilt

223 1302 82 24 riktas
325 1302 75 24 detta
422 1301 36 24 till
479 1302 65 24 hans
563 1301 81 29 fader,
665 1301 39 24 d:r
722 1301 30 24 G.
772 1301 144 32 Liliequist,
938 1308 54 17 som
1013 1301 54 23 före
1087 1300 38 24 sin
1145 1299 82 24 under
1246 1299 116 24 arbetets
1380 1299 68 31 gång
1468 1296 141 25 inträffade
1629 1295 51 24 död

224 1349 120 25 biträdde
363 1349 45 24 vid
427 1349 195 32 genomgången
642 1356 33 17 av
696 1349 103 24 162000
819 1348 69 25 sidor
907 1356 33 16 av
960 1347 155 25 materialet.

260 1421 152 24 Stockholm
432 1421 49 24 den
501 1421 28 24 31
553 1420 135 25 december
709 1420 71 24 1941.
1396 1418 32 23 N.
1449 1417 161 28 LIunIEQUIST
