1852 2361
809 157 134 35 SAKREGISTER
1631 160 42 20 377

1042 223 27 23 7
1373 223 2 23 ||
1397 234 53 18 Rike-

1017 247 12 10 e

964 259 17 25 =
1033 248 20 39 3
1117 283 3 3 j
1224 248 101 41 Utskotts-
1373 249 2 35 |
1388 260 72 30 dagens
1517 265 117 16 Kamrarnas

964 290 17 25 z
1017 285 41 30 SS
1075 283 94 17 Motioner
1221 282 113 34 utlåtanden
1374 294 6 28 I
1403 295 38 17 Ski
1503 294 144 22 förhandlingar

964 319 17 28 &
1018 315 35 31 AR
1197 313 46 17 eller
1256 313 99 17 memorial
1374 324 6 26 |
1395 325 62 17 velser

1017 346 38 30 lf
1572 370 1 12 1

964 383 17 21 7
1017 376 36 48 183
1078 391 32 16 [re
1131 391 34 17 lar
1190 378 58 45 812
1286 393 15 24 4
1310 370 27 70 |
1344 379 118 50 BEE
1488 379 70 41 kom
1572 410 2 26 |
1589 378 70 42 non.

90 438 178 37 Dyrtidstillägg.
1375 445 58 29 lea

91 481 9 14 5
120 475 36 20 RD
173 474 99 24 besluter,
290 476 30 19 att
336 474 25 20 de
378 475 32 19 för
427 474 123 26 budgetåret
569 474 124 27 1924/1925
710 474 97 26 gällande
819 475 108 20 allmänna
936 475 120 20 192511:
1036 469 14 36 8
1196 476 50 19 6151
1301 472 99 24 815818
1411 477 58 19 Alis)
1495 475 66 21 19:68
1565 468 19 37 |
1594 476 67 20 21:76

133 504 92 27 grunder
241 505 32 20 för
289 504 157 27 dyrtidstillägg
462 505 22 19 åt
500 504 65 20 lärare
582 504 36 20 vid
629 504 51 20 folk-
693 504 40 21 och
744 504 117 21 småskolor
872 506 55 19 samt
1008 510 55 23 p.262
1380 514 1 15 |

134 535 57 20 vissa
212 534 222 27 sjukvårdsanstalter,
459 534 63 26 högre
545 534 124 26 folkskolor,
686 534 140 21 kommunala
841 535 86 20 mellan-

133 564 71 21 skolor
217 565 39 20 och
267 565 56 20 vissa
334 564 238 24 småskoleseminarier,
584 566 100 18 ävensom
696 565 21 19 åt
728 564 66 20 lärare
805 564 36 20 vid
853 565 75 26 privat-

135 594 95 20 läroverk
249 596 56 18 samt
323 594 36 20 vid
375 594 160 26 folkhögskolor
550 593 61 21 skola
626 593 56 27 gälla
697 594 81 26 jämväl
794 594 33 20 för
843 594 85 26 budget-

134 625 45 19 året
199 623 135 28 1925/1926;
355 624 38 20 och
411 624 139 26 bemyndigas
566 624 61 20 KM:t
643 625 31 19 att
689 624 86 20 utfärda
790 624 26 20 de
833 626 95 18 närmare

134 654 137 24 föreskrifter,
288 660 45 14 som
350 654 33 20 för
399 653 138 27 tillämpning
548 660 26 14 av
585 653 122 21 förberörda
718 654 109 20 allmänna
838 654 91 26 grunder
1259 672 1 3 |

135 684 35 20 må
186 684 95 20 befinnas
298 684 145 26 erforderliga;
461 684 39 20 och
517 684 84 20 anvisas
617 683 34 21 till
662 684 136 20 bestridande
809 690 25 14 av
846 684 82 20 kostna-
1259 688 1 16 I

135 713 65 21 derna
215 714 33 20 för
263 713 158 27 dyrtidstillägg
434 715 22 18 åt
467 713 95 21 nämnda
572 713 147 27 lärargrupper
729 715 100 19 ävensom
841 715 21 19 åt
873 714 56 20 vissa
1375 728 1 9 I

134 744 117 20 lärarinnor
267 743 36 21 vid
320 743 126 21 fackskolan
462 744 32 19 för
511 743 70 26 huslig
592 743 100 21 ekonomi
703 744 7 19 i
721 744 94 26 Uppsala
827 746 56 18 samt
893 744 36 20 vid
1259 744 1 7 I
1375 746 1 7 I

134 775 31 18 tre
181 774 6 19 i
204 773 232 26 statsrådsprotokollet
455 775 49 19 över
523 773 229 21 ecklesiastikärenden
771 773 41 21 den
830 774 26 19 14
873 780 56 14 mars

136 803 56 20 1924
203 803 132 20 omnämnda
345 803 148 21 läroanstalter
504 803 32 20 för
547 803 126 20 utbildande
684 810 26 14 av
721 803 117 21 lärarinnor
849 804 7 20 i
865 804 63 20 hand-

134 833 71 21 arbete
229 834 32 19 för
286 833 124 26 budgetåret
434 832 126 28 1925/1926
585 835 30 18 ett
638 835 59 18 extra
720 833 163 26 förslagsanslag
904 841 25 13 av

135 863 78 20 22500
224 863 42 20 000
283 863 31 20 kr.

92 922 9 14 6
122 917 35 19 RD
174 916 99 24 besluter,
290 918 31 19 att
336 917 7 19 i
360 917 59 26 fråga
434 924 36 13 om
488 916 134 21 bestridande
639 923 25 14 av
681 917 142 20 kostnaderna
839 918 32 19 för
884 917 44 26 dyr-
1033 916 8 20 1
1050 900 30 48 |
1089 916 119 21 832000]
1259 904 1 13 |
1287 916 22 20 21
1389 917 38 20 108
1498 919 64 18 20:80)
1595 918 25 19 22:
1644 922 18 15 84

135 946 143 26 tidstilläggen
295 946 35 21 vid
347 948 80 19 statens
443 946 102 21 domäner
558 946 55 21 skall
624 947 32 20 för
668 946 124 27 budgetåret
804 945 125 29 1925/1926
1021 945 34 17 För
1069 946 100 26 |154/216

134 976 57 25 gälla
214 976 40 20 vad
271 976 5 20 i
294 976 73 20 sådant
393 976 120 20 hänseende
534 976 60 20 blivit
614 977 33 19 för
662 976 123 26 budgetåret
804 975 125 29 1924/1925
1025 965 19 49 ST

136 1006 99 20 bestämt.
1014 1004 35 39 ge-

1013 1047 52 11 mens.

1021 1065 31 17 frå-

1016 1095 39 16 gor:

1009 1113 37 17 avd.
1057 1116 8 14 3
1432 1122 2 6 I

1022 1137 32 21 p.4
1432 1160 2 24 |

93 1195 8 15 7
120 1190 37 20 RD
175 1190 98 24 besluter,
291 1192 30 18 att
338 1190 6 20 i
360 1190 59 26 fråga
435 1197 34 13 om
487 1191 134 20 bestridande
638 1198 26 13 av
680 1191 142 21 kostnaderna
838 1192 33 20 för
884 1192 46 26 dyr-
1033 1191 9 20 1-1
1089 1191 83 21 831200
1196 1192 12 19 8
1287 1191 25 20 21
1402 1192 25 19 87
1494 1192 169 20 21:281-24:18

135 1219 143 27 tidstilläggen
291 1220 35 20 vid
338 1220 86 21 flottans
436 1221 162 26 pensionskassa
609 1221 39 20 och
660 1223 80 18 statens
751 1221 79 21 anstalt
840 1222 33 20 för
882 1229 47 19 pen-
1021 1226 34 17 För
1060 1217 56 35 |154
1123 1221 46 20 216

135 1250 107 26 sionering
258 1257 25 13 av
299 1250 162 21 folkskollärare
477 1258 29 12 m.
523 1251 20 20 fl.
558 1251 55 20 skall
624 1251 32 20 för
667 1251 125 26 budgetåret
804 1251 125 28 1925/1926
1017 1250 41 30 flera

135 1280 55 25 gälla
213 1280 40 20 vad
270 1280 5 19 i
293 1280 75 20 sådant
392 1280 120 21 hänseende
536 1281 61 20 blivit
613 1281 33 20 för
662 1281 124 26 budgetåret
804 1281 125 27 1924/1925
1023 1274 25 37 Ke

137 1310 96 20 bestämt.
1014 1304 52 35 SR

1021 1346 31 17 frå

938 1380 2 22 |
1016 1366 43 39 gor:
1381 1396 1 4 |

1008 1393 38 17 avd.
1057 1396 8 14 3

939 1407 1 65 |
1022 1417 32 22 p.4
1377 1416 5 16 I

91 1469 10 15 8
119 1464 41 20 Till
177 1463 103 21 täckande
297 1470 26 13 av
339 1464 115 20 kostnader
468 1464 33 20 för
517 1464 157 26 dyrtidstillägg
690 1465 22 20 åt
723 1465 207 26 befattningshavare
969 1474 7 9 >»
1020 1466 38 20 |1:7
1197 1466 51 20 61
1303 1466 10 19 71
1350 1466 51 20 1217
1419 1467 45 20 Altol
1494 1467 24 20 21:
1539 1466 89 22 681-24:
1644 1471 18 16 37

135 1493 35 20 vid
187 1495 68 25 mynt
272 1494 38 19 och
327 1494 191 26 justeringsverket
528 1494 85 20 anvisas
624 1494 32 20 för
668 1494 124 26 budgetåret
804 1494 125 27 1925/1926
1023 1501 31 22 p.7

135 1525 27 18 ett
188 1525 60 18 extra
271 1524 215 25 reservationsanslag
509 1531 26 13 av
555 1523 79 21 39000
655 1524 29 20 kr.
706 1526 31 18 att
752 1524 70 21 direkt
838 1526 48 24 utgå
904 1532 25 13 av

136 1553 95 20 inkomst
248 1560 24 13 av
289 1554 115 25 myntning
419 1554 39 20 och
474 1554 110 26 justering.

92 1619 9 14 9
120 1613 42 20 Till
179 1613 103 20 täckande
298 1620 26 13 av
341 1613 114 20 kostnader
470 1613 33 21 för
519 1613 157 27 dyrtidstillägg
689 1615 21 19 åt
721 1614 209 26 befattningshavare
1018 1616 17 20 1:
1048 1610 23 26 7]
1197 1617 11 18 Gi
1303 1616 10 19 T|
1349 1616 52 20 1917
1413 1617 49 20 Alta]
1495 1616 68 21 21:58
1565 1611 19 35 |
1596 1616 67 19 24:37

136 1643 35 20 vid
188 1643 64 20 bank-
263 1643 40 20 och
314 1643 204 26 fondinspektionen
529 1644 84 20 anvisas
624 1644 33 20 för
668 1644 124 26 budgetåret
804 1643 125 29 1925/1926
1016 1643 43 41 p-14
1069 1650 2 30 |

135 1675 30 18 ett
189 1675 59 18 extra
271 1673 214 26 reservationsanslag
509 1680 25 14 av
560 1673 77 21 18000
657 1673 30 21 kr.
706 1676 31 19 att
752 1674 70 20 direkt
838 1675 50 25 utgå
904 1682 26 13 av
1070 1682 1 7 |

137 1703 73 26 bidrag
225 1702 33 21 till
275 1703 207 26 bankinspektionen
499 1704 38 19 och
555 1710 25 14 av
592 1703 74 26 bidrag
675 1704 34 20 till
720 1704 208 26 fondinspektionen.

71 1768 31 14 10
120 1762 42 20 Till
179 1762 104 21 täckande
299 1770 26 13 av
341 1763 115 20 kostnader
472 1764 32 19 för
519 1763 158 27 dyrtidstillägg
690 1764 22 20 åt
723 1764 207 26 befattningshavare
933 1758 19 36 |
969 1773 7 10 »
1018 1765 39 20 |1:7
1197 1765 11 20 Od
1303 1765 10 19 71
1352 1765 49 19 3217
1413 1766 51 20 Al1iol
1495 1766 68 20 21:65
1564 1761 18 34 |
1596 1766 68 19 24:49

135 1793 6 19 i
158 1794 80 18 statens
255 1793 66 25 tjänst
337 1792 36 21 vid
389 1792 26 21 de
431 1793 33 20 till
482 1793 238 26 finansdepartementet
736 1794 93 20 hörande
840 1794 89 21 ämbets-
1015 1800 45 22 p-36

136 1822 50 20 verk
205 1822 39 20 och
261 1822 58 20 kårer
338 1823 83 20 anvisas
437 1823 33 19 för
487 1823 123 26 budgetåret
628 1823 124 27 1925/1926
770 1825 30 19 ett
816 1825 57 19 extra
890 1824 39 20 för-

136 1852 130 25 slagsanslag
281 1859 26 13 av
324 1852 12 20 3
347 1852 41 20 300
398 1852 42 20 000
457 1853 31 19 kr.

70 1916 28 18 11
121 1911 36 20 RD
175 1911 113 26 medgiver,
305 1914 31 18 att
353 1912 67 20 under
435 1912 58 21 tiden
512 1912 9 20 1
539 1912 40 26 juli
596 1912 115 21 1925—30
722 1913 48 25 juni
783 1912 55 21 1926
851 1914 35 19 må
897 1913 32 20 till
1018 1914 40 20 1:9
1184 1914 24 21 10
1305 1914 6 19 1.
1362 1915 266 20 6)9A)-41-22:251-25:
1642 1920 21 15 12

70 1938 1 13 |
135 1941 234 27 lantbruksingenjörer
387 1942 39 20 och
446 1944 59 18 extra
525 1942 232 27 lantbruksingenjörer
776 1944 99 20 ävensom
896 1943 33 20 till
1021 1949 33 22 p-4

136 1971 258 26 lantbruksstipendiater,
418 1972 58 20 vilka
499 1972 110 20 förordnas
633 1974 31 18 att
682 1973 7 19 i
708 1972 231 28 lantbruksingenjörs

135 2001 62 20 ställe
216 2001 70 20 utföra
301 2002 134 26 förrättning,
451 2002 34 20 för
500 2002 40 20 den
558 2002 31 20 tid
605 2002 152 21 förordnandet
773 2009 66 18 varar,
856 2005 83 19 utöver
925 1997 19 36 |

135 2031 158 26 dyrtidstillägg
309 2032 27 26 på
351 2032 69 25 grund
436 2039 26 14 av
479 2032 34 20 lön
530 2032 51 20 eller
597 2032 83 25 arvode,
698 2039 25 14 av
740 2033 123 20 statsmedel
879 2034 50 25 utgå
1377 2043 1 6 I

135 2061 91 20 tillskott
250 2061 71 20 därtill
346 2063 27 25 på
396 2062 68 26 grund
481 2069 25 13 av
523 2062 117 21 inkomster
655 2063 33 19 för
703 2062 71 21 arbete
790 2063 66 26 enligt
873 2067 55 21 taxa,
1377 2060 1 15 |

69 2115 28 17 48.
113 2116 90 19 Sakregister
212 2117 13 14 1.
