1817 2340
148 73 39 18 238
836 72 222 19 SAKREGISTER

168 258 76 21 Enkla
252 258 81 26 frågor

212 289 32 19 Nr
260 289 26 20 47
306 288 95 24 (fröken
417 288 137 23 Karlsson):
571 288 57 25 Ang.
644 288 107 25 åtgärder
766 287 36 20 för
817 287 193 25 tillvaratagande
1025 293 28 14 av

213 319 63 20 äldre
286 318 105 25 kvinnlig
401 318 148 20 arbetskraft.

212 348 32 20 Nr
257 348 27 20 48
300 348 65 24 (herr
376 348 91 23 Ståhl):
480 348 57 25 Ang.
549 354 29 14 en
590 348 130 25 förklaring
732 348 34 20 till
779 347 125 20 stärkande
916 353 28 14 av
956 347 97 20 allmän-

212 378 82 20 hetens
307 378 134 20 förtroende
454 378 36 20 för
502 378 101 25 polisens
617 377 102 20 förhörs-
732 377 42 20 och
787 377 265 24 behandlingsmetoder.

212 408 32 20 Nr
258 408 27 20 49
302 408 65 23 (herr
379 407 129 25 Nihlfors):
523 408 57 24 Ang.
594 407 151 25 möjligheten
759 408 33 19 att
805 407 105 20 anordna
923 406 129 26 kyrkofull-

212 438 140 24 mäktigeval
362 438 119 24 samtidigt
491 438 51 19 med
551 438 73 19 annat
634 437 97 20 allmänt
740 437 44 20 val.

211 468 33 19 Nr
262 467 27 21 50
310 468 65 22 (herr
391 467 97 20 Hamrin
507 468 6 19 i
530 467 158 25 Jönköping):
707 467 57 24 Ang.
781 467 155 24 utredningen
952 472 38 14 om
1008 467 45 24 lag-

213 498 75 24 skydd
298 497 23 20 åt
331 497 199 25 frikyrkopastors
540 497 175 25 tystnadsplikt.

212 528 32 19 Nr
257 527 25 20 51
300 527 64 24 (herr
376 527 111 20 Karlsson
500 528 7 19 i
519 527 119 23 Stuvsta):
651 527 57 25 Ang.
721 527 210 20 Stor-Stockholms
944 526 109 21 trafikut-

213 557 98 25 redning
320 563 28 14 av
357 557 25 20 år
394 557 61 20 1949.

212 587 32 20 Nr
258 587 27 20 52
302 587 65 23 (herr
379 587 142 24 Svenning):
535 587 58 25 Ang.
607 587 129 20 direktiven
749 587 37 20 för
799 587 43 20 den
855 586 107 21 blivande
976 587 76 20 utred-

213 617 208 25 ningskommittén
435 617 36 20 för
484 618 98 24 översyn
595 623 28 14 av
635 617 44 20 den
692 617 119 20 allmänna
824 617 144 25 hyreslagen.

213 647 31 20 Nr
260 647 27 20 53
305 647 65 23 (herr
384 647 149 23 Braconier):
549 647 44 20 Om
608 647 144 25 publicering
767 652 27 15 av
808 653 28 14 en
850 647 33 20 vit
896 646 46 20 bok
956 652 38 14 om
1008 647 44 20 den

213 677 99 20 svenska
327 677 203 25 utrikespolitiken
544 677 7 20 i
566 677 38 20 det
618 677 72 20 andra
705 676 167 26 världskrigets
886 676 125 21 slutskede.

212 707 32 20 Nr
256 707 28 20 54
299 707 65 23 (herr
376 706 137 26 Gustafsson
526 707 6 20 i
544 706 138 26 Göteborg):
695 707 44 20 Om
751 706 173 26 nedbringande
936 713 28 14 av
975 707 77 20 vänte-

212 737 63 20 tiden
295 736 35 21 för
348 736 206 21 biltrafikanterna
572 737 37 20 vid
628 736 106 25 färjorna
753 737 85 20 mellan
856 737 136 20 Svanesund
1010 737 43 19 och

212 766 80 21 Orust.

212 797 32 20 Nr
257 797 27 20 55
300 797 65 23 (herr
376 797 130 25 Nihlfors):
520 797 44 20 Om
577 797 150 25 nedsättning
739 803 28 14 av
779 796 151 21 tullsatserna
943 796 36 20 för
990 796 62 20 vissa

211 828 105 24 proteser
325 827 36 20 för
370 827 120 20 invalider.

212 857 32 19 Nr
258 857 27 20 56
303 856 49 24 (fru
368 856 139 24 Torbrink):
522 856 44 21 Om
580 856 159 21 restriktivare
752 856 175 21 bestämmelser
941 856 36 20 för
989 856 64 21 hem-

212 887 139 19 värnsmäns
365 887 46 19 rätt
425 887 33 20 att
472 886 93 21 förvara
578 886 177 25 eldhandvapen
769 887 6 19 i
788 886 109 20 hemmet.

211 916 33 20 Nr
259 916 26 20 57
304 916 65 23 (herr
383 916 92 20 Nilsson
491 917 7 19 i
512 916 199 25 Göingegården):
727 916 44 20 Om
786 915 151 26 möjligheten
952 917 33 19 att
1000 916 52 20 från

211 946 48 20 viss
276 946 82 25 tjänst,
376 952 50 14 som
443 946 42 20 har
503 946 116 25 betydelse
644 946 37 20 för
705 946 72 20 rikets
802 946 114 23 säkerhet,
942 946 111 25 avstänga

212 976 152 25 tjänsteman,
377 982 50 14 som
439 976 60 20 visat
511 976 34 25 sig
558 976 90 20 mindre
661 976 92 24 lämpad
766 976 37 20 för
815 976 104 25 tjänsten
931 976 6 20 i
950 976 73 25 fråga.

211 1006 32 20 Nr
258 1006 27 20 58
304 1006 65 23 (herr
383 1005 93 25 Boija):
492 1006 44 20 Om
551 1006 262 25 säkerhetsåtgärderna
828 1006 37 20 vid
880 1005 173 21 marinförvalt-

212 1035 98 25 ningens
320 1035 315 25 ljuskopieringsavdelning.

211 1065 32 20 Nr
257 1065 27 20 59
301 1065 65 23 (herr
379 1065 93 20 Nilsson
486 1066 7 19 i
507 1065 149 23 Bästekille)
648 1061 23 35 :
670 1066 44 20 Om
728 1066 132 24 grunderna
874 1066 36 20 för
923 1066 130 25 ersättning

211 1095 35 20 till
263 1095 106 20 fiskarna
386 1095 29 25 på
432 1095 103 20 skånska
551 1095 122 21 ostkusten
698 1095 36 20 för
757 1096 63 20 lidna
844 1096 161 20 stormskador
1028 1096 25 20 år

214 1125 62 20 1956.

211 1155 32 20 Nr
254 1155 27 21 60
296 1155 65 24 (herr
371 1155 109 20 Hansson
492 1156 6 19 i
510 1155 104 25 Skegrie)
624 1161 4 14 :
640 1155 44 20 Om
696 1156 128 24 översynen
835 1161 28 14 av
875 1156 55 20 1953
941 1155 38 21 års
989 1156 64 20 växt-

212 1185 268 25 förädlingsutrednings
490 1185 94 25 förslag.

210 1215 33 20 Nr
262 1215 25 20 61
313 1216 65 22 (herr
396 1215 166 23 Sundström):
583 1215 44 20 Om
647 1215 172 21 busstrafikens
839 1215 49 25 läge
907 1216 43 19 och
969 1215 84 21 villkor

212 1251 70 14 m.m.

212 1275 32 19 Nr
255 1275 27 20 62
298 1274 49 24 (fru
361 1274 143 24 Thorsson):
516 1274 45 21 Om
572 1275 62 20 vissa
646 1275 107 20 lämnade
764 1274 118 26 uppgifter
893 1281 38 14 om
942 1275 72 25 inköp
1025 1281 28 14 av

212 1304 142 25 robotvapen
364 1304 36 20 för
409 1305 100 19 svenska
519 1304 121 21 försvaret.

211 1334 32 20 Nr
258 1334 28 20 63
304 1334 66 24 (herr
383 1334 158 24 Heckscher):
558 1334 44 20 Om
618 1335 144 24 redogörelse
777 1334 36 21 för
828 1334 147 25 regeringens
990 1334 63 21 ställ-

211 1364 170 25 ningstagande
394 1364 34 20 till
441 1364 62 20 vissa
515 1370 28 14 av
556 1364 172 25 Europarådets
741 1364 230 21 ministerkommitté
984 1364 69 20 fatta-

212 1394 27 20 de
248 1394 84 20 beslut.

211 1424 32 19 Nr
255 1423 28 20 64
298 1424 65 22 (herr
373 1424 100 20 Persson
485 1424 7 19 i
503 1424 125 24 Appuna):
640 1424 44 20 Om
697 1424 45 20 rätt
754 1424 36 20 för
801 1424 106 20 enskilda
919 1424 134 24 medborga-

212 1459 24 14 re
250 1454 33 19 att
297 1453 7 20 i
317 1453 62 20 vissa
393 1453 41 20 fall
448 1453 87 25 förtöja
549 1453 98 21 roddbåt
659 1453 37 20 vid
711 1454 80 19 strand
805 1459 28 14 av
846 1454 90 20 kronan
950 1454 103 24 tillhörig

212 1489 43 18 sjö.

211 1514 33 20 Nr
256 1514 28 20 65
300 1514 66 23 (herr
378 1513 146 25 Lothigius):
538 1514 44 20 Om
595 1514 218 24 överförmyndares
826 1514 46 20 rätt
884 1514 34 19 till
932 1513 91 20 arvode.

210 1544 33 20 Nr
260 1544 28 20 66
310 1544 65 23 (herr
392 1544 123 24 Löfroth):
534 1543 44 20 Om
596 1543 134 21 inkallande
748 1549 27 14 av
793 1543 208 25 provinsialläkare
1018 1542 34 21 till

213 1574 87 19 militär
310 1574 157 24 tjänstgöring
477 1574 37 19 vid
526 1573 154 20 länslasarett.

211 1604 32 19 Nr
259 1604 26 20 67
306 1604 65 22 (herr
385 1603 93 20 Nilsson
494 1603 7 20 i
516 1603 159 23 Tvärålund):
692 1603 44 20 Om
751 1603 179 25 beskattningen
946 1609 28 14 av
989 1602 63 26 skog,

212 1639 50 14 som
275 1633 70 25 säljes
358 1634 7 19 i
377 1633 114 20 samband
503 1633 52 20 med
567 1633 129 25 upplåtelse
708 1639 28 14 av
748 1633 236 25 dispositionsrätten.

211 1663 32 20 Nr
259 1663 27 20 68
305 1663 65 23 (herr
385 1663 108 20 Carlsson
508 1663 7 20 i
530 1663 160 22 Stockholm):
707 1662 57 25 Ang.
779 1663 153 20 överförande
947 1668 27 14 av
989 1664 64 19 auto-

212 1693 238 20 mobilskattefonden
460 1693 35 20 till
505 1693 44 20 den
559 1693 119 19 allmänna
687 1692 122 25 budgeten.

211 1723 32 19 Nr
258 1722 28 21 69
304 1722 50 23 (fru
368 1722 114 20 Eriksson
497 1722 7 20 i
519 1722 160 23 Stockholm):
694 1722 58 25 Ang.
767 1723 46 19 rätt
828 1722 36 20 för
878 1723 91 24 präster
983 1728 30 14 m.
1028 1722 24 20 fl.

212 1753 33 19 att
259 1758 56 14 vara
329 1752 146 20 närvarande
488 1752 38 20 vid
541 1752 291 25 kroppsundersökningar
846 1758 28 14 av
887 1752 115 25 patienter
1015 1752 37 20 vid

212 1782 119 20 allmänna
341 1782 102 24 sjukhus
453 1788 29 14 m.
493 1788 29 14 m.

212 1812 32 19 Nr
257 1812 26 19 70
299 1811 65 22 (herr
375 1811 147 24 Swedberg):
536 1811 56 25 Ang.
606 1811 195 24 undervisningen
815 1812 5 19 i
832 1812 58 19 dans
903 1812 5 19 i
921 1812 61 19 vissa
994 1811 59 20 folk-

212 1841 85 20 skolor.

211 1886 32 19 Nr
256 1885 25 20 71
300 1886 64 22 (herr
376 1886 108 24 Persson,
495 1885 118 23 Helmer):
627 1885 44 20 Om
683 1885 186 25 stabiliseringen
882 1891 28 14 av
922 1885 131 26 sysselsätt-

213 1916 85 24 ningen
312 1915 37 20 vid
364 1915 91 20 Statens
470 1915 210 24 skogsindustriers
693 1915 141 25 anläggning
847 1916 6 19 i
865 1915 66 20 Töre.

212 1945 32 20 Nr
256 1945 27 20 72
299 1945 64 23 (herr
375 1944 150 24 Braconier):
538 1945 44 20 Om
595 1945 144 24 redogörelse
751 1945 36 19 för
798 1945 127 20 resultaten
937 1951 28 14 av
976 1945 28 20 de
1015 1951 38 14 eu-

212 1975 108 24 ropeiska
331 1974 293 21 samarbetssträvandena.

212 2005 32 19 Nr
257 2004 27 20 73
301 2004 65 23 (herr
380 2004 150 20 Christenson
543 2004 7 20 i
564 2004 110 23 Malmö):
688 2004 57 25 Ang.
759 2004 27 20 de
799 2004 113 21 beroende
925 2004 128 26 uppdrags-

212 2036 110 23 tagarnas
335 2034 85 20 sociala
434 2034 134 25 rättsskydd
582 2034 6 20 i
602 2034 65 25 fråga
679 2040 38 14 om
730 2034 198 25 sjukförsäkring,
941 2040 30 15 m.
984 2040 29 14 m.

212 2065 31 19 Nr
256 2064 28 20 74
299 2064 65 23 (herr
376 2064 116 23 Dahlén):
505 2064 58 25 Ang.
575 2070 28 14 en
616 2070 63 14 mera
691 2064 193 25 värdebeständig
896 2064 118 25 placering
1025 2070 28 14 av

213 2094 119 25 pensions-
341 2094 43 20 och
394 2094 73 20 andra
477 2093 237 25 försäkringsfonder.

1208 163 88 17 Motioner
1354 159 78 30 Utskott
1481 159 51 37 Skriv.
1598 164 91 16 Protokoll

1073 184 25 20 År
1097 180 16 32 |
1122 187 52 21 Prop.
1499 204 21 12 är

1204 217 30 17 FK
1236 212 25 31 |
1268 218 32 16 AK
1323 216 85 18 |SmllAvd]
1432 217 26 17 Nr
1579 218 29 16 FK
1677 218 32 16 AK

1075 288 30 21 81
1146 302 96 2 —-Ii—
1282 302 251 3 hihihi
1581 291 102 20 00112:
1699 295 10 15 5

1075 347 29 22 571
1146 361 25 2 —-)
1216 361 91 3 ho
1383 362 23 2 —
1442 361 25 3 —h
1508 361 25 3 —ho
1607 361 1 3 i
1649 351 34 19 d12:
1700 355 9 15 6

1075 407 29 22 Slo
1146 421 25 2 —h
1217 421 25 2 —h
1282 421 78 3 el
1404 403 39 36 ho
1442 421 26 2 —h
1508 421 99 3 —o—
1650 410 33 20 12:
1699 415 10 15 8

1076 467 29 21 ad
1146 480 26 2 —I
1216 480 26 3 —-I
1282 481 78 2 —I—-
1383 481 22 2 —
1442 481 26 2 —I
1508 481 25 2 —I
1582 481 25 2 —
1650 469 33 21 H2;
1699 474 22 15 49

1075 526 30 22 57
1146 540 25 2 —I
1216 540 26 2 —-I
1282 540 124 3 —-Il—-—]
1443 540 25 3 —I
1508 540 25 2 .—J]
1582 541 25 2 —
1650 529 33 20 12:
1700 534 21 15 50

1075 586 30 22 PAL
1146 600 25 2 Sä
1216 600 26 2 ART
1282 600 25 2 on
1336 600 69 3 Erk
1407 582 8 32 E
1443 600 25 2 oE
1483 582 16 32 v
1508 600 25 2 RR
1582 600 25 2 —.
1650 589 34 20 13:
1699 593 10 15 4

1093 642 21 36 71
1146 659 25 2 —-I
1248 642 21 36 ll
1282 660 124 2 —-l--
1462 660 6 2 I
1508 660 25 2 —I
1582 660 25 2 —
1650 648 33 20 15:
1700 653 21 15 64

1075 705 30 22 87
1165 719 5 2 I
1216 719 26 2 —-l
1282 719 124 3 —-Il—--)
1442 719 26 3 —I
1508 720 25 2 —I]
1582 720 25 2 —
1650 708 34 20 15:
1700 712 21 16 67

1075 798 30 21 sl
1182 794 14 35 tl
1216 812 26 2 S
1282 811 125 4 s--
1427 794 10 35 o
1469 812 1 2 I
1508 812 25 2 —I
1582 812 25 2 —
1650 800 34 20 15:
1700 805 21 15 79

1076 857 95 22 SMET
1282 871 79 3 SSP
1383 872 23 2 ap
1443 871 25 2 eepe
1508 871 99 3 po
1649 860 35 20 115:
1700 864 21 15 79

1076 917 29 21 571
1146 931 26 2 —I
1217 931 25 2 —-I
1282 930 123 4 ll
1443 931 25 2 —I
1508 931 25 2 —|
1582 931 25 2 —
1650 920 33 19 15:
1699 924 21 15 81

1076 1006 96 22 Sffar
1216 1020 26 3 RN
1282 1020 26 3 Sök
1336 1021 69 2 uh
1443 1020 90 3 kisstta
1582 1020 25 2 —
1650 1009 33 20 115:
1699 1013 21 15 81

1076 1068 96 22 57]
1217 1082 144 3 Sleep
1443 1082 90 2 uotlo
1582 1082 26 3 225
1649 1071 35 20 215:
1700 1075 21 15 86

1076 1157 30 22 äl
1146 1171 26 2 —
1245 1153 41 36 lo
1442 1171 26 2 —
1508 1171 25 2 —I
1560 1153 23 36 1
1582 1171 26 3 —
1650 1160 34 20 16:
1699 1164 10 15 3

1076 1217 96 21 501672
1217 1231 25 2 hr)
1282 1230 25 3 ed
1443 1230 25 3 hkoekhi
1508 1231 99 2 tlf
1605 1212 36 35 ER
1650 1219 60 20 1054

1075 1276 30 22 57
1146 1290 26 2 —1
1217 1290 25 2 —
1282 1290 78 3 ol
1383 1290 85 3 bh
1508 1290 100 2 i—ha—
1650 1279 34 19 6117:
1701 1283 21 15 19

1076 1336 30 21 ST
1147 1349 95 2 —-l—h
1282 1349 79 3 —-Il-
1465 1349 3 3 I
1508 1349 25 2 —
1582 1349 26 2 —
1651 1338 33 19 118:
1700 1342 10 15 4

1076 1424 29 22 571
1146 1438 96 2 —I.—I
1283 1438 24 2 —]
1336 1438 72 3 —-I—
1443 1438 90 2 —I3s—].
1582 1426 102 20 .—,..|20:
1700 1431 10 15 6

1076 1514 30 21 571
1146 1527 26 2 —I
1217 1527 25 2 —-I
1283 1527 24 2 —-I
1336 1528 25 1 +
1384 1528 25 2 —
1443 1527 25 2 —I
1508 1527 25 2 —I
1582 1528 25 2 —
1648 1515 36 20 120:
1700 1520 22 15 84

1075 1543 30 22 87
1173 1557 1 2 1
1216 1557 192 2 EEE
1648 1545 36 20 120:
1700 1550 22 15 90

1076 1602 29 22 SUR
1146 1616 26 3 HE
1217 1617 25 2 EAP
1282 1616 26 2 NETE
1337 1617 24 2 Sort
1384 1617 24 2 SNR
1443 1617 90 2 VLASEEEC
1527 1598 14 33 I
1582 1617 25 2 ROSLI
1602 1598 58 33 BOTA
1700 1609 10 15 a

1076 1662 30 22 s7
1147 1676 95 2 le
1283 1676 78 2 sl
1443 1676 90 2 —-F—)
1582 1676 26 2 —
1629 1658 29 37 |
1664 1664 46 20 9:8

1075 1721 30 22 SUR
1118 1716 14 36 R
1217 1735 25 2 BINES
1282 1735 79 3 FATT
1384 1736 25 1 SYNAR
1443 1735 25 2 VELA
1582 1736 25 2 NER
1664 1723 20 20 9;
1700 1728 10 15 9

1077 1806 15 37 sä
1175 1811 1 21 I
1217 1824 25 2 —-]
1282 1824 127 3 lt
1443 1824 26 3 —
1509 1824 25 3 —]
1582 1825 26 2 —
1626 1806 28 37 |
1664 1812 59 21 9:12

1076 1887 95 22 Bli)
1216 1901 26 3 or)
1282 1901 252 3 odlats
1548 1890 61 20 2806

1076 1917 22 21 H

1075 1947 30 21 57
1146 1960 25 3 —d
1217 1961 25 2 —
1282 1961 80 2 bi
1384 1961 150 2 ——]—]
1582 1961 25 2 —1
1615 1943 14 35 1
1649 1949 35 20 124:
1700 1953 10 15 3

1075 1976 23 22 H

1075 2006 167 22 Sad
1246 2002 14 35 |
1282 2020 26 2 ee
1336 2020 73 2 ek
1443 2020 165 2 orhisohor—0
1649 2008 36 20 124:
1701 2013 10 15 8

1075 2036 23 21 H

1075 2066 93 21 Site
1216 2079 26 3 bör
1244 2060 9 33 t
1282 2079 80 3 tokokt
1383 2068 302 20 horiiöttatadtöFI2R
1702 2072 21 15 10

1075 2095 23 22 H
