1829 2354
183 262 111 20 Arbetstid.

213 298 17 19 1.
247 298 42 20 RD
304 300 90 24 antager
407 298 79 26 förslag
500 298 32 20 till
546 298 35 26 lag
594 304 48 21 ang.
658 299 90 19 fortsatt
761 299 99 26 giltighet
874 305 28 14 av
915 298 62 27 lagen
992 299 40 20 den
1050 299 23 19 14

182 328 47 25 juni
243 328 53 20 1940
308 328 34 26 (nr
353 328 50 26 484)
416 334 35 14 om
465 328 113 26 undantag
590 328 47 20 från
650 328 99 26 gällande
762 328 163 21 bestämmelser
936 330 42 19 rör.
991 329 83 19 arbets-

182 357 71 20 tidens
267 357 104 27 reglering
384 364 29 14 m.
423 364 29 14 m.

210 387 19 20 2.
246 387 42 20 RD
302 389 91 25 antager
405 388 34 20 för
451 388 33 20 sin
498 388 34 20 del
545 388 80 26 förslag
638 388 33 20 till
684 388 34 26 lag
732 394 35 14 om
780 388 84 20 ändrad
877 388 81 26 lydelse
971 394 28 14 av
1014 388 34 25 1$
1061 388 13 20 2

182 423 65 14 mom.
261 417 216 27 sjöarbetstidslagen
490 418 42 20 den
545 418 27 20 30
584 419 55 25 sept.
655 418 53 20 1938
721 418 34 26 (nr
768 418 56 26 607).

210 448 19 19 3.
246 447 42 20 RD
303 449 90 24 antager
407 447 80 27 förslag
500 448 33 19 till
547 448 208 26 lantarbetstidslag.

209 513 20 20 4.
246 513 42 20 RD
304 513 85 20 bifaller
403 513 75 20 KM:ts
493 513 80 26 förslag
588 513 33 20 till
636 513 154 27 arbetstidslag
805 513 33 21 för
854 513 164 26 detaljhandeln
1034 513 39 20 och

181 542 35 27 lag
226 548 49 21 ang.
287 543 84 20 ändrad
381 543 82 26 lydelse
473 549 28 14 av
514 543 8 20 1
535 543 10 25 $
556 543 62 26 lagen
629 543 41 20 den
683 543 25 20 16
718 543 44 26 maj
776 543 53 21 1930
840 543 35 26 (nr
886 543 48 26 138)
945 549 36 14 om
991 543 83 20 arbets-

181 572 72 20 tidens
266 573 151 26 begränsning;
431 573 41 20 och
484 574 91 25 antager
588 573 42 20 RD
644 573 33 20 för
689 573 32 20 sin
735 573 34 20 del
783 573 234 26 butikstängningslag.

211 680 18 19 1.
245 679 43 20 RD
302 681 91 25 antager
406 680 80 26 förslag
499 680 35 20 till
547 680 35 26 lag
595 685 49 21 ang.
658 680 91 20 fortsatt
762 680 100 26 giltighet
875 686 28 14 av
916 680 62 26 lagen
993 680 41 20 den
1049 680 25 19 14

180 709 48 26 juni
242 709 53 20 1940
308 709 34 26 (nr
354 709 50 27 484)
417 715 35 14 om
465 710 113 26 undantag
591 710 47 19 från
650 710 100 26 gällande
763 710 163 20 bestämmelser
937 711 42 19 rör.
992 709 83 21 arbets-

181 739 72 20 tidens
267 739 105 26 reglering
385 745 29 14 m.
424 745 29 14 m.

209 769 20 20 2.
245 769 42 19 RD
298 769 104 23 anhåller,
413 770 35 19 att
457 769 64 20 KM:t
531 769 50 20 ville
591 769 45 20 dels
646 769 33 20 för
689 769 42 20 RD
742 769 119 26 framlägga
871 769 80 26 förslag
961 775 35 14 om
1006 769 68 20 sådan

181 798 92 27 ändring
280 799 7 19 i
295 798 62 27 lagen
365 799 42 20 den
416 799 25 19 16
448 799 44 26 maj
503 799 53 20 1930
564 805 35 14 om
607 799 145 20 arbetstidens
760 799 151 26 begränsning,
919 800 36 19 att
961 798 114 27 möjlighet

181 828 89 20 beredes
283 828 33 20 till
329 828 159 27 överflyttning
501 834 28 15 av
542 830 103 19 ansvaret
657 829 34 20 för
703 829 73 26 lagens
789 828 136 21 efterlevnad
937 828 34 21 till
983 828 92 21 särskild

182 858 7 20 i
203 858 174 26 arbetsgivarens
392 858 62 20 ställe
468 864 28 14 av
510 858 138 21 arbetsrådet
661 858 109 27 godtagen
784 858 231 24 arbetsföreståndare,
1030 858 45 20 dels

183 888 40 20 ock
240 888 45 20 låta
302 888 119 20 verkställa
439 888 117 26 utredning
572 890 42 18 rör.
632 888 154 27 lämpligheten
805 889 40 19 och
862 888 95 20 behovet
973 894 29 14 av
1019 889 56 19 mot-

181 918 109 20 svarande
308 918 118 26 ändringar
443 918 7 20 i
468 918 285 26 arbetstidslagstiftningen
771 918 131 20 närstående
920 918 155 26 författningar

182 949 58 18 samt
250 947 33 20 för
294 947 42 20 RD
347 948 119 26 framlägga
477 948 26 20 de
514 948 86 26 förslag,
611 948 73 20 vartill
695 948 70 20 denna
776 948 116 26 utredning
902 948 44 20 kan
955 947 119 23 föranleda;

183 978 39 19 och
241 977 97 20 anhåller
356 977 42 20 RD
417 979 35 18 att
469 977 38 20 vid
525 977 42 21 den
585 978 59 19 inom
664 977 52 21 1938
734 978 35 20 års
786 977 289 27 arbetarskyddskommitté

182 1007 112 26 pågående
310 1007 144 26 utredningen
469 1008 70 19 måtte
554 1009 62 24 tagas
632 1007 68 20 under
715 1008 158 26 övervägande,
889 1007 109 20 huruvida
1014 1007 39 20 och
1069 1007 6 19 i

182 1037 43 20 vad
240 1037 52 20 mån
306 1037 114 26 möjlighet
434 1037 40 20 bör
488 1037 90 20 beredas
592 1037 34 20 till
640 1037 159 26 överflyttning
812 1043 28 14 av
855 1038 103 19 ansvaret
972 1037 33 20 för
1019 1037 56 20 iakt-

181 1066 96 26 tagande
295 1072 28 14 av
342 1066 337 26 arbetarskyddslagstiftningen
698 1066 48 20 från
765 1066 148 26 arbetsgivare
931 1066 34 20 till
983 1066 91 20 särskild

181 1096 232 20 arbetsföreståndare.

209 1125 20 20 3.
246 1125 42 20 RD
302 1125 104 24 anhåller,
421 1127 35 18 att
470 1125 64 20 KM:t
547 1125 50 20 ville
611 1125 34 20 för
659 1125 41 20 RD
715 1125 120 26 framlägga
849 1125 81 26 förslag
944 1131 35 14 om
993 1125 81 20 sådana

181 1155 118 26 ändringar
312 1161 29 14 av
354 1155 223 26 sjöarbetstidslagen,
592 1156 35 19 att
641 1155 121 26 ersättning
775 1155 34 20 för
822 1155 126 26 vakttjänst
961 1155 7 19 i
982 1155 66 20 hamn
1063 1155 11 19 å

182 1184 92 27 helgdag
283 1184 62 20 alltid
355 1184 54 20 skall
419 1185 52 26 utgå
481 1184 6 20 i
497 1184 120 27 penningar
625 1184 76 21 såvida
711 1184 18 26 ej
740 1184 129 26 sjömannen
878 1184 50 20 med
937 1184 138 26 tillämpning

182 1219 28 15 av
221 1214 26 19 de
258 1220 29 14 nu
297 1214 101 26 gällande
408 1214 96 26 reglerna
512 1214 43 20 kan
564 1214 12 20 å
584 1214 123 26 söckendag
714 1214 90 20 beredas
815 1214 95 26 ledighet
920 1214 154 20 motsvarande

182 1243 41 20 den
235 1244 44 19 han
291 1243 69 20 skulle
372 1244 57 19 hava
441 1244 94 25 åtnjutit
546 1244 28 26 på
587 1244 126 26 helgdagen,
727 1249 35 15 om
774 1244 43 20 han
829 1243 47 21 icke
888 1243 69 27 ålagts
970 1243 105 21 övertids-

182 1273 81 23 arbete,
276 1274 59 19 samt
346 1275 35 18 att
392 1273 38 20 vid
442 1273 122 26 ersättning
575 1273 33 20 för
620 1273 172 21 övertidsarbete
804 1273 7 20 i
823 1273 55 20 form
891 1279 28 14 av
930 1273 62 20 fritid
1004 1273 70 20 denna

182 1303 46 19 icke
240 1303 35 20 må
286 1303 108 26 förläggas
405 1303 33 20 till
448 1303 113 26 tidpunkt,
573 1303 27 20 då
612 1303 97 26 fartyget
719 1303 85 20 lämnat
814 1303 73 20 hamn.

211 1350 18 20 1.
247 1350 42 20 RD
305 1350 73 20 avslår
392 1350 84 20 motion
491 1356 49 20 ang.
557 1350 57 20 vissa
629 1350 118 26 ändringar
761 1350 7 20 i
783 1350 263 27 butikstängningslagen.

210 1380 19 20 2.
246 1380 42 20 RD
302 1381 91 25 antager
405 1380 80 26 förslag
497 1380 33 20 till
542 1380 35 26 lag
590 1386 34 14 om
637 1380 83 20 ändrad
734 1380 81 26 lydelse
827 1386 28 14 av
869 1380 25 20 13
906 1380 10 26 $
928 1380 13 20 3
953 1385 66 15 mom.
1033 1379 42 27 sjö-

182 1409 182 27 arbetstidslagen
376 1410 42 20 den
429 1410 27 20 30
468 1411 55 25 sept.
538 1410 52 20 1938
602 1410 34 26 (nr
648 1410 56 26 607).

210 1440 19 19 3.
246 1439 42 20 RD
303 1439 104 24 anhåller,
422 1441 35 18 att
471 1440 64 19 KM:t
549 1439 50 20 ville
613 1439 45 20 låta
672 1439 118 21 verkställa
805 1440 116 25 utredning
935 1444 49 21 ang.
999 1439 75 26 frågan

182 1475 35 14 om
233 1475 26 13 en
274 1469 129 26 lagstadgad
418 1469 224 26 arbetstidsreglering
657 1471 41 18 rör.
714 1470 81 22 arbete,
811 1475 46 14 som
872 1469 39 20 har
925 1469 33 20 till
973 1468 103 21 ändamål

182 1500 35 18 att
231 1499 79 19 bereda
324 1499 113 25 sjukvård.

209 1528 20 20 4.
246 1528 42 20 RD
296 1530 91 25 antager
394 1529 33 19 för
434 1528 33 20 sin
475 1528 34 20 del
516 1528 80 26 förslag
603 1528 32 20 till
643 1528 154 26 arbetstidslag
804 1529 33 19 för
844 1529 73 22 hotell,
926 1530 150 24 restauranger

182 1558 40 20 och
235 1558 81 23 kaféer;
331 1558 40 20 och
384 1560 91 24 antager
489 1558 41 20 RD
545 1558 79 26 förslag
637 1558 33 20 till
683 1558 35 26 lag
731 1563 48 21 ang.
794 1558 92 26 ändring
899 1558 7 20 i
918 1558 62 26 lagen
994 1558 42 19 den
1051 1558 25 19 16

182 1587 43 26 maj
241 1587 53 20 1930
307 1588 35 26 (nr
355 1588 48 26 138)
416 1593 35 14 om
463 1588 146 20 arbetstidens
622 1588 151 26 begränsning.

210 1617 19 20 5.
247 1617 42 20 RD
306 1617 103 24 anhåller,
426 1619 35 18 att
477 1617 64 20 KM:t
557 1617 49 20 ville
623 1617 89 26 vidtaga
729 1617 68 20 sådan
813 1617 92 26 ändring
921 1623 29 14 av
965 1616 26 21 28
1008 1617 9 25 $
1034 1617 42 19 för-

183 1646 119 27 ordningen
321 1647 41 20 den
380 1647 26 20 25
425 1647 45 20 okt.
491 1647 53 20 1940
561 1652 49 21 ang.
629 1647 145 26 yrkesmässig
791 1646 191 21 automobiltrafik
999 1652 29 14 m.
1038 1652 37 17 m.,

182 1677 35 19 att
234 1676 26 20 de
278 1676 6 20 i
302 1677 12 19 2
331 1682 66 14 mom.
416 1676 100 20 lämnade
534 1676 192 20 bestämmelserna
743 1676 60 20 bliva
820 1676 129 27 tillämpliga
966 1678 56 18 även
1040 1676 36 20 be-

182 1706 111 20 träffande
310 1706 91 26 företag,
420 1706 28 26 på
466 1706 58 20 vilka
542 1706 63 26 lagen
623 1712 35 14 om
675 1706 146 20 arbetstidens
839 1706 145 27 begränsning
1000 1707 24 19 är
1041 1707 35 18 att

182 1735 106 27 tillämpa,
302 1736 40 19 och
354 1736 7 19 i
373 1736 107 20 samband
493 1736 89 20 därmed
595 1736 77 26 stadga
685 1736 130 26 befogenhet
827 1736 34 20 för
872 1737 84 19 statens
968 1735 108 20 biltrafik-

182 1765 82 20 nämnd
275 1767 35 18 att
320 1765 55 20 efter
385 1765 87 20 samråd
482 1766 50 19 med
542 1766 137 19 arbetsrådet
689 1765 101 27 medgiva
801 1765 110 20 avvikelse
921 1765 48 20 från
980 1765 96 20 bestäm-

182 1795 113 20 melserna.

210 1824 20 20 6.
247 1825 41 19 RD
303 1826 91 25 antager
407 1825 80 26 förslag
500 1825 34 19 till
548 1825 34 26 lag
595 1830 49 21 ang.
659 1825 90 20 fortsatt
762 1825 100 26 giltighet
875 1831 28 14 av
917 1825 62 26 lagen
993 1824 41 20 den
1050 1824 25 20 14

181 1854 48 26 juni
243 1854 53 20 1940
308 1854 35 26 (nr
354 1854 50 26 484)
417 1861 35 13 om
465 1855 114 25 undantag
591 1855 48 19 från
651 1854 99 27 gällande
763 1855 163 19 bestämmelser
938 1856 41 18 rör.
992 1855 83 19 arbets-

182 1884 72 20 tidens
267 1884 105 26 reglering
386 1890 28 14 m.
424 1890 29 14 m.

212 1932 18 19 1.
247 1931 42 20 RD
304 1933 90 24 antager
408 1932 79 25 förslag
501 1932 32 19 till
547 1932 35 26 lag
595 1937 49 21 ang.
659 1932 83 20 ändrad
757 1932 80 26 lydelse
851 1938 28 14 av
895 1932 24 20 15
933 1932 10 25 $
957 1932 62 26 lagen
1033 1932 41 19 den

184 1961 25 20 16
221 1961 43 26 maj
280 1961 53 20 1930
345 1962 34 25 (nr
393 1961 47 27 138)
452 1968 35 13 om
499 1962 146 19 arbetstidens
658 1962 144 26 begränsning
813 1963 58 18 samt
883 1961 35 26 lag
929 1967 49 20 ang.
991 1961 83 21 ändrad

182 1991 81 26 lydelse
277 1997 28 14 av
318 1991 12 20 9
344 1991 9 25 $
367 1991 62 26 lagen
442 1991 42 20 den
499 1991 25 20 16
537 1991 43 26 maj
597 1991 53 20 1930
663 1991 35 26 (nr
712 1991 48 26 139)
774 1997 35 14 om
822 1991 58 20 vissa
893 1991 182 26 inskränkningar

183 2020 138 21 beträffande
335 2021 60 19 tiden
410 2021 33 20 för
457 2021 140 26 förläggande
611 2027 28 14 av
654 2021 82 26 bageri-
750 2021 40 20 och
804 2021 186 20 konditoriarbete
1005 2021 70 26 (avse-

183 2050 54 20 ende
252 2050 113 20 införande
380 2050 6 20 i
401 2050 109 20 allmänna
525 2050 181 26 arbetstidslagen
722 2051 39 19 och
777 2050 254 26 bageriarbetstidslagen
1046 2056 28 14 av

183 2086 26 13 en
220 2080 158 23 bestämmelse,
389 2080 66 26 enligt
465 2080 72 20 vilken
547 2080 137 20 arbetsrådet
694 2080 54 20 skall
758 2082 39 24 äga
808 2082 34 18 att
851 2080 55 20 efter
916 2080 159 25 framställning

183 2115 28 14 av
229 2109 227 26 företagsinnehavare
473 2110 95 25 godtaga
585 2110 44 19 viss
646 2115 77 20 person
740 2110 71 19 såsom
828 2110 223 19 arbetsföreståndare
1068 2109 6 20 i

1096 188 25 19 Är)
1231 168 91 16 Motioner
1370 164 89 30 Utskott
1504 165 58 59 Skriv.
1609 165 109 30 Protokoll

1225 222 32 15 FK
1260 218 23 29 |
1288 222 35 15 AK
1346 222 85 16 |SmllAvd!
1455 222 26 16 Nr
1601 223 33 15 FK
1701 223 35 16 AK

1094 299 27 19 421]
1163 299 24 20 81)
1235 311 92 2 —I]:—1
1362 299 61 20 91-21
1463 299 184 21 131108113:87
1653 295 22 34 |
1684 301 31 20 13:
1729 303 37 17 113]

1103 394 8 13 »
1120 384 28 35 |
1163 388 164 20 —]1441196]1
1362 388 12 20 91
1410 388 12 20 21
1461 388 150 21 271231118:
1622 389 40 20 55d]
1683 390 31 20 18:
1726 392 24 17 80

1103 454 8 13 »
1121 443 23 36 I
1149 448 41 20 360
1200 443 19 36 |
1229 447 40 21 2821
1301 460 27 2 —]
1362 448 12 20 91
1409 448 13 20 21
1460 448 92 20 4814831
1578 449 33 20 27:
1623 449 38 19 73d)
1681 449 33 21 27:
1726 449 39 20 38d

1229 477 40 20 283

1104 520 9 12 »
1121 509 23 35 |
1149 513 40 20 349
1196 509 23 35 I
1229 513 40 20 2951
1293 513 39 20 431]
1362 513 12 20 91
1409 513 13 20 21
1460 513 92 20 4914851
1577 514 34 20 27:
1622 514 40 20 87d|
1681 515 33 20 27:
1726 515 39 20 65d

1211 543 59 20 —300!
1294 543 40 20 434

1277 573 57 20 —436

1294 602 40 21 438

1278 632 54 20 —441

1094 679 27 20 481:
1164 679 26 20 351
1234 691 28 3 —I
1300 680 74 19 —1-91
1409 680 17 28 21
1462 680 89 19 111-56
1591 680 172 21 h:9:571-493101

1105 776 9 12 »
1122 764 28 35 |
1164 780 27 2 —1I
1236 768 26 20 601
1300 781 27 2 —J]
1362 768 12 20 91
1409 769 13 20 21
1460 769 149 20 251250118:
1621 771 24 17 84
1650 764 22 35 |
1682 770 31 20 18:
1725 772 24 17 25

1105 1131 9 13 »
1122 1120 23 35 |
1163 1136 27 2 —
1235 1124 27 20 11-481
1300 1124 26 20 581
1362 1124 12 20 91
1409 1125 13 19 21
1460 1124 91 20 6014631
1576 1125 33 19 27:
1621 1126 24 17 54
1650 1120 22 35 |
1680 1125 33 20 27:
1725 1127 24 17 60

1095 1350 28 19 441
1164 1361 28 3 —
1198 1345 18 35 I
1236 1350 91 19 —1402]
1362 1350 61 19 912]
1463 1349 25 20 14]
1525 1361 28 2 —]
1592 1350 55 20 8:29
1651 1345 18 35 1
1695 1350 54 21 8:37

1105 1386 9 13 »
1122 1375 28 35 |
1165 1379 26 21 561
1236 1391 27 2 —I
1300 1391 28 2 —]
1362 1379 13 20 91
1410 1379 13 20 21
1463 1379 89 20 17:11:75):
1592 1380 158 20 9:585--9:70

1106 1445 8 14 »
1165 1451 27 2 —
1201 1435 14 34 |]
1235 1439 92 20 —1!396]
1363 1439 12 19 91
1410 1439 13 19 21
1461 1439 91 20 4213171
1580 1439 30 20 19:
1625 1439 139 20 108119:164d

1106 1534 9 13 »
1121 1523 23 35 |
1151 1528 40 20 218
1222 1527 40 20 1307
1286 1528 41 19 1494]
1362 1528 13 19 91
1410 1528 13 19 21
1461 1528 91 19 4913931
1577 1528 32 20 21:
1623 1528 37 19 13d]
1680 1529 33 20 21:
1725 1529 40 20 56dj

1222 1557 39 20 314
1259 1553 23 35 |
1286 1557 41 20 498
1461 1557 26 20 52
1576 1557 69 20 23:45;
1680 1558 85 20 23:1136]

1286 1587 41 20 499

1164 1629 28 2 —
1203 1612 14 35 |
1222 1616 40 20 210]
1300 1629 28 2 —IJ
1362 1616 60 20 91:21
1460 1616 91 20 571395
1551 1612 19 35 |
1576 1617 33 19 24:
1624 1618 36 18 115]
1680 1617 85 20 24:-113)

1105 1831 9 12 »
1124 1820 22 34 1
1150 1824 40 20 237]
1235 1835 28 3 —I
1300 1836 27 2 —JI
1362 1824 12 19 91
1409 1824 13 20 21
1461 1824 184 20 611417125:68:]
1681 1825 33 20 25:
1726 1826 24 18 86

1095 1931 27 20 451:
1166 1932 22 19 111
1235 1943 27 2 —|
1300 1943 27 2 —1I
1362 1931 60 20 912
1475 1931 12 19 61
1526 1931 26 20 421
1591 1931 54 20 9:35
1653 1927 22 34 |
1695 1931 55 21 9:69
