1830 2354
759 145 222 17 SAKREGISTER

1206 219 110 30 Utskotts-
1389 224 54 16 Riks-

994 240 66 33 Kungl.
1115 271 3 3 S
1208 247 118 33 utlåtanden,
1382 254 69 20 dagens

1009 278 52 25 Maj:ts]
1073 271 92 16 Motioner
1163 267 12 41 |
1192 283 94 16 memorial
1299 283 44 16 eller
1393 283 45 17 skri-

953 302 26 20 År
1007 312 51 14 (propir
1201 313 133 16 betänkanden
1377 307 68 31 velser
1526 301 87 21 (prot.nr)

1015 338 36 14 eller

1513 242 115 16 Kamrarnas

1499 271 142 21 förhandlingar

999 362 63 29 skriver]
1485 368 66 16 Första
1557 363 24 30 |
1588 367 64 16 Andra

1075 378 87 17 FKIAK
1264 378 91 17 Nummer
1353 374 12 31 |
1372 379 90 17 Nummer
1484 391 70 17 Farm.
1585 391 70 16 känn,

1182 367 17 50 Saml

1224 365 16 51 Avd.

84 432 112 35 Jordbruk.
719 456 2 2 5

73 468 24 17 24
112 466 42 20 RD
169 467 91 25 antager
272 466 127 26 förordning
412 472 35 14 om
461 466 90 20 fortsatt
564 466 100 27 giltighet
677 472 27 14 av
718 467 153 26 förordningen
885 467 41 20 den
942 467 54 20 [1937|
1014 467 40 20 2841
1090 467 26 20 76|
1132 468 38 20 178)
1200 469 11 19 7)
1241 468 12 20 2
1293 468 9 20 1
1398 468 41 21 420
1474 469 67 20 -135:46
1554 469 13 19 dl
1588 468 53 21 38:1
1655 468 13 20 dj

126 496 26 20 26
167 496 48 26 juni
233 496 52 20 1933
301 496 35 26 (nr
351 496 49 26 391)
416 501 49 21 ang.
482 496 146 26 mjölkavgift,
644 496 127 27 förordning
786 503 35 14 om
836 497 91 20 fortsatt
1014 497 40 21 293
1060 493 14 35 |
1076 497 96 21 3151559-]
1589 498 79 21 39:1d

126 525 100 27 giltighet
242 532 28 14 av
286 525 155 27 förordningen
458 526 41 20 den
516 526 12 20 7
543 526 48 26 juni
609 526 52 20 1935
678 526 35 27 (nr
728 526 49 26 279)
794 532 48 21 ang.
860 527 67 20 slakt-
1014 527 40 21 308
1070 527 48 20 1320-1
1131 528 37 20 561

127 555 138 26 djursavgift,
282 555 127 26 förordning
424 561 48 20 ang.
489 556 75 26 tillägg
578 556 34 19 till
627 556 152 26 förordningen
796 557 41 19 den
853 557 12 19 7
879 556 48 27 juni
1076 557 96 21 3281565-]

128 584 53 20 1935
196 585 35 26 (nr
245 585 50 25 280)
311 591 34 14 om
361 585 122 26 veteavgift
498 587 58 18 samt
570 585 126 27 förordning
711 591 48 21 ang.
776 586 151 20 utförselbevis
1076 586 38 20 3311
1131 587 40 20 580|

127 614 33 20 för
169 615 38 25 råg
217 614 39 20 och
266 616 57 22 vete;
334 615 40 20 och
384 615 111 26 medgiver
504 615 50 23 RD,
565 616 35 19 att
609 615 63 20 KM:t
681 616 36 19 må
727 615 89 27 vidtaga
826 616 102 26 åtgärder
1076 616 40 20 333

127 644 33 20 för
174 644 104 26 reglering
292 644 33 20 för
338 644 61 20 tiden
413 646 16 18 t.
440 651 18 13 o.
469 651 28 13 m.
513 645 41 20 den
568 645 27 20 30
607 645 48 26 juni
670 645 53 20 1939
737 651 28 14 av
778 645 102 20 införseln
894 646 33 20 till

127 674 56 19 riket
193 680 29 14 av
232 674 69 26 mjölk
312 674 39 20 och
362 674 203 27 mejeriprodukter,
577 676 34 19 att
622 674 63 21 KM:t
696 675 42 23 må,
750 681 35 14 om
796 675 22 20 så
830 675 97 20 befinnes

127 703 77 26 nödigt
223 703 34 20 för
276 704 117 26 stödjande
413 710 28 14 av
461 704 67 26 priset
547 705 12 19 å
580 706 64 22 smör,
664 704 90 27 vidtaga
774 705 102 26 åtgärder
894 705 34 20 för

127 733 105 26 reglering
243 733 34 20 för
287 733 61 20 tiden
360 735 16 18 t.
387 740 19 13 o.
416 740 28 14 m.
458 734 40 20 den
511 734 27 20 30
548 734 48 26 juni
609 734 53 20 1939
674 740 28 14 av
713 734 102 20 införseln
827 734 33 20 till
872 735 56 20 riket

127 769 28 14 av
173 763 116 26 margarin,
308 763 119 20 konstister
444 764 40 20 och
502 764 149 20 fettemulsion
669 766 57 18 samt
744 770 28 14 av
789 765 89 19 råvaror
895 764 33 20 för

127 792 231 27 margarinindustrien
370 793 39 21 och
421 795 85 22 ämnen,
518 800 69 14 varav
598 794 61 20 dessa
669 794 139 24 framställas,
820 795 34 19 att
865 794 63 20 KM:t

127 822 35 20 må
178 822 90 26 vidtaga
284 823 102 26 åtgärder
400 823 33 20 för
448 823 104 27 reglering
567 824 33 19 för
614 823 59 20 tiden
689 825 84 19 t.o.m.
790 824 41 20 den
843 824 26 20 30
881 824 47 26 juni

130 852 52 20 1939
195 858 29 14 av
237 852 102 20 införseln
352 853 33 20 till
399 853 56 20 riket
468 859 28 14 av
509 853 109 27 slaktdjur
631 855 57 18 samt
701 854 50 19 kött
764 854 40 20 och
817 854 63 23 fläsk,
894 855 34 19 att

128 882 64 20 KM:t
204 883 36 19 må
253 882 89 27 vidtaga
355 883 102 26 åtgärder
469 883 34 20 för
514 883 105 27 reglering
631 883 33 20 för
677 883 59 20 tiden
749 884 16 19 t.
776 890 19 13 o.
805 890 29 13 m.
848 884 41 20 den
902 883 26 21 30

127 912 47 26 juni
186 912 52 20 1939
248 918 28 14 av
285 912 102 20 införseln
397 912 33 20 till
439 912 56 21 riket
505 919 28 14 av
542 915 41 25 ägg
592 919 28 14 m.
630 919 37 17 m.,
677 914 35 19 att
721 913 63 20 KM:t
793 913 36 20 må
838 913 90 26 vidtaga

128 942 102 26 åtgärder
243 942 33 20 för
290 942 105 27 reglering
408 943 34 19 för
455 943 61 20 tiden
530 944 16 19 t.
557 949 19 14 o.
586 949 28 14 m.
630 943 41 20 den
686 943 26 20 30
725 943 48 26 juni
789 943 52 20 1939
855 949 29 14 av
897 943 32 20 in-

128 971 79 21 förseln
217 972 33 20 till
259 972 57 20 riket
325 978 28 14 av
363 974 50 18 vete
422 972 40 20 och
472 973 38 26 råg
519 974 57 18 samt
586 973 68 20 därav
663 972 137 21 framställda
810 973 119 26 produkter

128 1002 57 19 samt
199 1003 35 18 att
247 1001 64 21 KM:t
324 1002 43 23 må,
382 1002 27 20 då
423 1002 105 20 särskilda
542 1003 47 19 skäl
603 1002 73 20 därtill
689 1003 119 23 föranleda,
822 1002 34 21 för
868 1003 60 20 tiden

130 1032 14 19 t.
154 1037 19 14 o.
183 1037 29 14 m.
226 1031 41 20 den
280 1031 26 20 30
318 1032 47 25 juni
379 1032 52 20 1939
444 1032 129 24 bestämma,
586 1033 35 19 att
632 1032 126 20 restitution
770 1039 28 13 av
809 1032 41 21 tull
863 1033 66 26 enligt

128 1061 12 19 4
157 1061 9 25 $
183 1061 155 26 förordningen
356 1062 41 19 den
413 1062 14 19 4
444 1062 44 20 okt.
508 1062 53 20 1929
578 1062 34 26 (nr
629 1062 49 26 307)
695 1068 48 21 ang.
761 1062 168 20 tullrestitution

128 1090 311 27 (kvarnindustrirestitution)
454 1092 18 25 ej
488 1092 35 20 må
538 1092 100 25 åtnjutas
652 1092 51 20 eller
715 1092 36 20 må
766 1092 99 26 åtnjutas
879 1092 50 20 alle-

128 1121 50 19 nast
189 1120 6 20 i
206 1120 84 21 mindre
301 1121 134 26 omfattning
446 1123 27 18 än
485 1121 6 20 i
502 1122 96 19 nämnda
609 1121 102 27 paragraf
721 1124 55 24 sägs;
788 1122 40 20 och
839 1122 90 26 bemyn-

128 1150 62 26 digar
206 1150 42 20 RD
266 1150 64 20 KM:t
346 1152 35 19 att
397 1151 66 20 träffa
480 1151 61 20 avtal
557 1152 50 19 med
624 1152 93 19 svenska
734 1152 196 25 spannmålsaktie-

128 1180 88 26 bolaget
233 1186 35 14 om
285 1180 91 20 fortsatt
393 1181 100 26 giltighet
510 1181 69 20 under
595 1181 60 20 tiden
673 1181 94 20 fr.o.m.
785 1181 41 20 den
845 1181 9 20 1
874 1183 54 24 sept.

130 1209 52 20 1937
196 1211 15 18 t.
222 1216 18 13 o.
251 1216 28 14 m.
294 1210 41 20 den
347 1210 24 20 31
387 1216 48 21 aug.
450 1211 53 20 1938
516 1217 28 14 av
556 1211 79 20 mellan
648 1211 93 20 svenska
754 1212 72 19 staten
840 1211 40 20 och
892 1211 38 20 bo-

128 1239 57 26 laget
196 1245 29 14 nu
235 1239 100 27 gällande
345 1240 68 24 avtal;
424 1240 40 20 och
475 1240 87 21 anvisar
572 1240 42 20 RD
625 1241 33 19 till
668 1241 128 26 avsättning
805 1241 34 19 till
849 1241 80 20 fonden

128 1269 33 20 för
176 1269 105 20 mötande
297 1276 29 14 av
341 1270 103 20 förluster
459 1271 12 19 å
487 1270 259 27 spannmålsregleringen
763 1272 33 18 ett
811 1271 75 26 anslag
902 1277 27 14 av

127 1299 13 20 3
149 1298 41 21 000
198 1298 42 21 000
256 1299 32 20 kr.
307 1299 33 27 (f),
359 1299 33 21 till
409 1300 128 26 avsättning
553 1300 34 20 till
602 1300 141 26 jordbrukets
760 1300 170 27 prisreglerings-

128 1328 52 21 fond
191 1330 34 19 ett
236 1329 75 27 anslag
322 1335 28 14 av
361 1330 27 19 28
397 1329 41 21 000
447 1329 41 20 000
499 1330 32 20 kr.
543 1330 26 26 (f)
581 1331 58 19 samt
649 1330 33 20 till
694 1330 236 26 organisationsbidrag

128 1358 32 20 till
173 1358 295 27 skogsägareföreningarnas
481 1360 140 20 riksförbund
634 1361 33 19 ett
680 1360 75 26 anslag
767 1366 28 14 av
808 1360 27 20 50
843 1360 41 20 000
897 1360 31 20 kr.

127 1388 35 26 (r);
178 1388 40 20 och
233 1389 96 20 besluter
344 1389 42 20 RD
402 1390 84 19 ändrad
501 1389 42 20 tull
557 1390 12 19 å
584 1390 127 23 vindruvor;
727 1390 40 20 och
782 1391 90 25 antager
887 1390 42 20 RD

127 1418 127 27 förordning
268 1424 50 20 ang.
334 1419 45 20 dels
393 1419 44 20 viss
452 1419 153 27 utsträckning
619 1426 28 13 av
662 1420 74 20 KM:ts
750 1420 131 26 befogenhet
896 1421 34 18 att

128 1448 99 20 meddela
242 1448 148 21 förordnande
404 1449 89 26 jämlikt
509 1449 8 20 1
535 1450 9 24 $
559 1449 154 27 förordningen
729 1450 41 19 den
786 1450 12 19 7
813 1449 47 26 juni
877 1449 52 21 1935

128 1478 35 25 (nr
175 1478 49 26 259)
237 1484 35 14 om
285 1478 57 20 accis
354 1479 12 19 å
379 1479 109 26 margarin
501 1479 40 20 och
553 1479 57 20 vissa
624 1479 68 20 andra
705 1479 114 23 fettvaror,
833 1479 44 20 dels
890 1479 39 20 ock

128 1508 93 26 ändring
233 1508 6 20 i
252 1508 57 20 vissa
323 1508 59 20 delar
395 1514 28 14 av
436 1515 83 14 samma
532 1509 126 26 förordning
671 1511 58 18 samt
741 1509 127 26 förordning
880 1514 48 21 ang.

128 1537 93 26 ändring
234 1537 6 20 i
254 1538 57 20 vissa
326 1538 59 20 delar
399 1544 28 14 av
440 1538 153 27 förordningen
608 1539 41 20 den
665 1539 25 19 14
702 1539 49 26 juni
766 1539 52 20 1933
832 1539 35 26 (nr
880 1538 49 26 329)

128 1573 35 14 om
179 1567 61 20 skatt
255 1568 12 19 å
283 1568 113 25 oljekakor
410 1568 40 20 och
465 1568 57 20 vissa
538 1568 46 26 slag
598 1575 29 13 av
641 1568 122 26 fodermjöl;
780 1568 40 20 och
835 1568 95 20 besluter

129 1596 42 20 RD
183 1598 41 22 att,
237 1597 6 19 i
254 1597 41 20 den
306 1597 51 20 mån
368 1597 147 21 förordnande
526 1604 34 14 om
572 1599 122 25 uttagande
704 1604 29 14 av
743 1598 56 20 accis
810 1598 67 26 enligt
888 1598 42 20 för-

128 1626 120 27 ordningen
267 1633 35 13 om
321 1627 56 20 accis
396 1628 12 19 å
426 1628 109 26 margarin
554 1628 40 20 och
613 1628 57 20 vissa
689 1628 68 20 andra
776 1628 108 20 fettvaror
902 1634 28 14 av

129 1656 63 20 KM:t
204 1656 117 24 meddelas,
335 1657 63 20 KM:t
410 1657 54 20 skall
477 1659 40 25 äga
529 1659 35 18 att
575 1657 34 20 för
620 1658 40 23 tid,
672 1658 110 19 varunder
794 1658 67 19 sådan
874 1657 56 20 accis

128 1686 71 26 utgår,
212 1686 109 24 förordna,
334 1688 35 18 att
380 1687 50 20 med
442 1687 215 20 accisförordnandet
668 1688 83 20 avsedd
762 1693 53 14 vara
828 1687 54 20 skall
894 1687 36 20 be-

128 1715 74 27 läggas
219 1716 50 20 med
287 1716 48 23 tull,
354 1722 46 14 som
418 1718 124 19 motsvarar
559 1717 41 20 den
619 1717 33 20 för
670 1718 126 19 densamma
815 1717 114 20 bestämda

128 1745 91 24 accisen,
228 1746 57 23 eller,
295 1746 73 20 därest
376 1746 40 20 tull
425 1747 12 20 å
445 1753 68 14 varan
522 1746 66 21 redan
598 1747 70 26 utgår,
677 1753 26 14 en
712 1747 49 20 med
770 1747 159 26 accisbeloppet

128 1775 88 27 förhöjd
233 1776 47 23 tull;
298 1776 56 20 dock
370 1777 35 19 att
421 1776 47 20 från
485 1777 68 20 sådan
570 1777 40 20 tull
627 1777 51 20 eller
693 1777 167 26 tullförhöjning
875 1776 54 20 skall

129 1805 138 27 undantagas
282 1812 60 17 vara,
357 1812 46 14 som
419 1806 79 20 införes
512 1806 140 21 uteslutande
667 1807 33 20 för
714 1806 141 26 tillverkning
868 1806 6 20 i
890 1806 39 20 och

128 1835 34 20 för
175 1834 128 27 försäljning
317 1842 28 14 av
359 1842 72 14 annan
446 1836 134 27 accisbelagd
594 1843 60 14 vara.

90 1926 7 17 1
114 1924 41 20 Till
177 1924 58 21 fasta
256 1925 164 27 försöksgårdar
441 1925 34 20 för
495 1926 137 26 jordbruket:
655 1926 75 20 Lanna
753 1926 148 26 Borregården
923 1925 135 20 i|1938]1:9]
1086 1937 28 3 —|
1140 1925 116 20 —I10/—|
1293 1926 57 19 1.9
1430 1925 13 20 9
1480 1925 67 21 116:20
1554 1921 28 36 |
1594 1925 68 21 16:26

129 1954 133 27 Skaraborgs
275 1955 35 20 län
324 1955 87 20 anvisas
423 1957 33 18 ett
468 1956 76 26 anslag
556 1962 28 13 av
596 1956 12 20 5
618 1956 41 19 300
671 1956 32 19 kr.
717 1956 33 26 (f).
1008 1956 21 19 pt

89 2016 10 16 2
114 2013 41 20 Till
169 2013 58 20 fasta
242 2014 163 26 försöksgårdar
420 2015 33 19 för
465 2015 137 26 jordbruket:
619 2015 70 20 Offers
704 2015 52 26 gård
771 2015 6 20 i
792 2014 209 20 Västernorr-|1938|
1020 2014 17 20 1:
1048 2016 10 17 9)
1086 2026 28 3 —|
1141 2014 117 20 —]10]—]
1294 2014 56 20 15.9
1430 2014 13 20 9
1480 2014 67 20 116:20
1552 2010 32 36 |
1594 2014 68 21 16:26

128 2043 63 20 lands
204 2043 35 20 län
252 2043 87 20 anvisas
352 2045 33 19 ett
398 2044 75 26 anslag
485 2050 28 14 av
526 2044 12 20 5
547 2044 41 20 800
600 2044 32 20 kr.
647 2045 32 26 (f).
1008 2045 20 19 pt
1045 2044 20 16 18

66 2097 28 15 93.
109 2097 114 20 Sakregister.
241 2097 14 16 I.
