1837 2349
1625 65 39 20 161

1119 149 101 30 Motioner
1268 149 89 31 Utskott
1519 154 94 17 Protokoll

1401 166 57 16 Skriv.

1124 207 33 16 FK
1159 203 23 30 |
1187 207 35 16 AK
1243 207 85 16 I|SmllAvd]
1352 208 26 16 Nr
1497 208 32 16 FK
1595 208 36 16 AK

995 173 26 20 År
1019 169 16 32 |
1043 177 54 20 Prop.

81 241 224 27 Bostadsproduktion.

81 277 121 21 samhällen
217 278 108 20 överföres
339 277 33 20 till
386 278 90 20 Fonden
491 278 33 20 för
538 278 176 23 låneunderstöd;
730 278 40 20 och
784 278 87 20 anvisar
885 278 42 20 RD
942 278 33 20 till

81 307 124 26 främjande
215 313 28 14 av
254 307 222 27 bostadsförsörjning
486 308 34 20 för
529 308 84 20 mindre
624 307 134 24 bemedlade,
770 308 102 20 barnrika
882 308 94 25 familjer

81 337 13 20 3
103 337 41 21 250
153 337 42 20 000
206 337 32 20 kr.
251 337 33 26 (f),
296 337 33 20 till
341 337 76 27 bidrag
428 337 33 20 till
472 337 124 26 främjande
607 343 28 15 av
647 338 206 26 bostadsbyggande
864 338 29 26 på
904 338 72 19 lands-

82 367 87 26 bygden
185 367 27 20 20
221 367 41 20 000
270 367 42 20 000
327 367 31 20 kr.
375 367 34 26 (r),
426 367 32 20 till
475 367 76 26 bidrag
566 367 33 20 till
615 367 169 21 inrättande
743 363 45 34 av
799 367 176 26 pensionärshem

81 397 13 20 3
103 397 42 20 000
153 396 42 21 000
204 397 32 20 kr.
248 396 34 27 (r),
293 396 33 21 till
336 397 130 20 lånefonden
477 397 34 20 för
521 397 222 26 bostadsförsörjning
752 397 34 20 för
795 397 84 20 mindre
889 397 87 20 bemed-

82 426 55 24 lade,
146 427 102 20 barnrika
260 426 94 26 familjer
364 426 27 20 20
402 426 41 21 000
454 427 41 20 000
506 427 32 20 kr.
547 427 34 26 (r),
590 427 32 20 till
632 427 130 20 lånefonden
769 427 34 20 för
815 427 122 26 främjande
947 433 29 14 av

82 456 207 26 bostadsbyggande
302 457 27 26 på
342 456 150 27 landsbygden
507 457 22 19 11
541 457 40 20 000
590 456 41 21 000
643 457 32 20 kr.
685 457 34 26 (r),
729 456 32 20 till
769 457 114 20 tertiärlån
891 457 33 20 till
932 457 43 19 viss

82 486 348 26 bostadsbyggnadsverksamhet
441 486 27 20 60
475 486 41 20 000
523 486 40 20 000
570 487 32 19 kr.
615 486 34 26 (r),
658 486 32 21 till
697 487 36 20 lån
741 487 33 19 för
785 486 136 27 uppförande
936 487 39 19 och

82 516 133 26 förbättring
222 522 28 14 av
258 516 239 20 lantarbetarbostäder
504 516 12 20 3
522 516 41 20 000
568 516 42 20 000
616 516 32 20 kr.
655 516 27 27 (r)
688 518 58 18 samt
752 516 34 20 till
793 516 36 20 lån
836 516 33 21 för
876 516 99 20 bostads-

83 546 285 26 förbättringsverksamhet
382 546 21 20 11
415 546 41 20 000
464 546 42 20 000
517 546 32 20 kr.
563 546 35 26 (r);
611 546 40 20 och
664 546 66 26 begär
742 546 41 20 RD
797 546 116 26 utredning
925 546 50 20 med

82 575 81 26 förslag
179 575 33 20 till
229 575 123 26 främjande
369 581 27 14 av
414 581 25 14 en
457 575 200 20 tillfredsställande
674 575 84 26 lösning
775 581 28 14 av
820 575 26 20 de
863 581 110 14 ensamma

82 605 128 20 mödrarnas
226 605 195 26 bostadsproblem.

112 647 17 19 1.
143 646 42 20 RD
197 646 127 26 godkänner
335 646 97 20 ändrade
443 646 95 26 grunder
548 646 34 20 för
592 646 113 21 tertiärlån
717 646 33 20 till
761 646 44 20 viss
817 646 158 26 bostadsbygg-]|
995 645 27 20 42]
1050 646 38 19 221
1096 641 23 35 |
1129 646 40 20 227!
1193 646 40 20 307|
1262 646 61 20 6/|—]
1348 646 38 21 1251
1411 646 41 21 2821
1476 647 33 20 20:
1520 647 39 20 21d/|
1576 647 33 20 20:
1620 648 39 19 58d

83 676 196 19 nadsverksamhet
288 677 57 18 samt
354 676 94 26 grunder
456 676 33 20 för
499 676 141 20 utlämnande
649 682 28 14 av
686 676 122 26 tilläggslån
817 676 33 20 för
859 676 115 26 stödjande
1126 675 43 20 228)
1193 675 41 20 308

82 711 28 14 av
121 705 44 20 viss
176 705 352 26 bostadsbyggnadsverksamhet;
540 706 39 19 och
590 705 88 20 anvisar
688 706 41 19 RD
740 706 71 19 såsom
821 705 154 20 reservations-
1194 705 41 20 312

82 735 76 26 anslag
166 735 13 20 å
188 735 133 26 tilläggsstat
332 735 21 19 II
363 735 32 20 till
405 735 122 26 tilläggslån
536 735 33 20 till
578 735 44 20 viss
631 735 345 26 bostadsbyggnadsverksamhet
1176 735 58 20 —-315)

84 764 25 20 10
118 764 41 20 000
168 764 42 20 000
222 765 40 23 kr.,
276 765 13 19 å
302 765 118 19 riksstaten
434 765 32 19 till
480 765 112 20 tertiärlån
605 764 33 21 till
651 765 44 20 viss
708 765 268 26 bostadsbyggnadsverk-

83 794 86 20 samhet
180 794 26 20 25
215 794 41 20 000
265 794 41 20 000
317 794 32 20 kr.
362 796 58 18 samt
430 794 33 20 till
475 794 122 27 tilläggslån
609 794 33 20 till
653 794 43 21 viss
708 794 268 26 bostadsbyggnadsverk-

83 824 86 20 samhet
182 824 24 20 15
215 824 42 20 000
265 824 42 20 000
318 824 32 20 kr.

111 854 19 19 2.
145 853 42 20 RD
199 853 127 27 godkänner
337 853 96 20 ändrade
445 854 94 25 grunder
549 854 34 20 för
589 854 217 20 låneverksamheten
814 853 33 21 för
854 853 122 26 främjande
975 848 14 36 |
1007 859 9 13 »
1020 848 23 36 |
1051 853 41 20 320
1097 848 23 36 |
1130 852 40 21 285!
1194 853 38 20 401]
1262 853 61 20 6|—
1319 848 19 36 |
1346 853 106 21 2201-463
1450 848 19 36 |
1476 854 33 20 26:
1521 854 38 20 11dl|
1576 854 33 20 26:
1621 855 39 19 25di

82 889 28 14 av
131 883 223 26 bostadsförsörjning
373 883 33 20 för
425 883 84 20 mindre
529 883 135 24 bemedlade,
684 883 102 20 barnrika
806 883 94 26 familjer
919 884 58 19 samt
1130 882 40 21 2921
1194 882 38 21 421

83 913 97 20 ändrade
193 913 95 26 grunder
301 913 34 20 för
348 913 76 26 bidrag
438 913 33 20 till
484 913 126 20 inrättande
624 919 28 14 av
666 913 183 26 pensionärshem;
864 913 40 20 och
917 913 60 20 med-
1194 912 41 20 428

83 943 60 26 giver
154 943 50 23 RD,
215 944 35 19 att
260 943 124 20 räntefoten
395 943 33 20 för
438 943 286 26 bostadsanskaffningslån,
736 943 187 26 nybyggnadslån,
934 943 43 20 för-

83 972 147 27 bättringslån
249 973 39 19 och
307 972 271 24 lantarbetarbostadslån,
597 973 59 20 vilka
674 973 35 20 må
727 973 88 20 komma
833 974 35 19 att
885 972 91 26 beviljas

84 1002 69 20 under
165 1002 131 26 budgetåret
310 1002 97 26 1942/43,
421 1002 131 20 bestämmes
565 1002 33 20 till
610 1003 49 23 3,25
672 1004 96 25 procent;
782 1003 40 19 och
834 1002 88 20 anvisar
933 1002 43 20 RD

83 1032 33 20 till
128 1033 84 19 statens
224 1032 218 26 byggnadslånebyrå
454 1032 32 20 till
498 1032 128 26 avlöningar
636 1032 38 20 391
686 1032 41 20 800
737 1032 32 20 kr.
782 1032 26 27 (f)
819 1033 58 19 samt
887 1032 33 20 till
932 1038 45 14 om-

83 1062 120 20 kostnader
216 1062 25 20 91
252 1062 41 19 000
307 1062 32 20 kr.
355 1062 33 26 (f);
403 1062 40 19 och
458 1062 88 20 anvisar
560 1062 42 20 RD
617 1061 33 21 till
664 1062 123 26 främjande
801 1068 28 14 av
843 1061 134 20 bostadsför-

83 1091 98 26 sörjning
195 1092 34 19 för
243 1091 85 20 mindre
344 1091 133 24 bemedlade,
494 1091 102 21 barnrika
611 1091 94 26 familjer
719 1092 13 19 4
741 1091 41 21 500
790 1091 41 20 000
846 1091 32 20 kr.
895 1091 33 26 (f),
944 1091 32 20 till

84 1121 76 26 bidrag
172 1121 34 20 till
219 1121 122 26 främjande
354 1127 29 14 av
396 1121 206 26 bostadsbyggande
615 1122 28 25 på
656 1121 150 26 landsbygden
819 1121 13 20 5
834 1117 48 34 000
883 1117 45 34 000
944 1121 31 19 kr.

83 1151 35 25 (r),
130 1150 33 21 till
174 1151 77 25 bidrag
261 1150 34 20 till
306 1151 126 19 inrättande
443 1156 28 14 av
483 1151 176 26 pensionärshem
670 1151 12 20 3
691 1150 41 20 000
741 1150 41 21 000
792 1151 32 20 kr.
836 1151 28 25 (r)
875 1152 58 18 samt
944 1150 33 20 till

83 1180 131 20 lånefonden
223 1180 33 20 för
265 1180 222 26 bostadsförsörjning
495 1180 34 20 för
537 1180 83 20 mindre
629 1180 134 24 bemedlade,
773 1180 101 20 barnrika
883 1180 94 25 familjer

85 1210 24 20 17
119 1209 40 21 500
168 1209 41 21 000
223 1210 33 20 kr.
271 1210 35 25 (r).

112 1245 18 20 1.
144 1245 41 20 Till
197 1245 131 20 lånefonden
341 1245 34 20 för
388 1245 222 26 bostadsförsörjning
622 1245 33 20 för
668 1245 83 20 mindre
765 1245 133 24 bemedlade,
912 1244 112 21 barn-|]43]
1053 1244 38 20 163]
1136 1256 28 2 —!I
1201 1256 27 2 —]
1263 1244 60 20 61—]|
1361 1244 27 20 621
1414 1244 131 21 181114:27
1549 1240 23 35 |
1579 1246 31 19 14:
1621 1247 25 18 33

82 1275 47 20 rika
139 1275 95 26 familjer
242 1275 88 20 anvisas
339 1275 13 20 å
362 1275 132 26 tilläggsstat
503 1275 13 21 5
525 1275 41 20 000
574 1275 41 20 000
624 1275 32 20 kr.
667 1275 35 26 (r).
1042 1276 32 18 bil.
1083 1276 23 17 10|
1349 1282 15 11 s.
1376 1277 10 16 4

1050 1307 22 20 pt
1082 1306 10 17 2

111 1335 20 19 2.
146 1330 19 24 Å
179 1334 133 27 tilläggsstat
326 1334 87 21 anvisas
427 1334 34 20 till
476 1334 112 21 tertiärlån
603 1334 33 21 till
650 1334 44 20 viss
709 1334 268 26 bostadsbyggnadsverk-|
1007 1339 8 14 »
1021 1326 25 39 |
1053 1333 39 20 163
1101 1326 30 39 |
1136 1345 28 2 —!|
1201 1345 27 3 —I
1263 1333 61 20 61—1
1361 1333 149 21 621181114:
1521 1336 24 18 27
1550 1326 20 39 |
1579 1335 31 19 14:
1621 1335 39 19 33d

83 1364 86 20 samhet
183 1364 26 20 10
217 1364 41 20 000
267 1364 41 20 000
321 1364 32 20 kr.
367 1364 27 26 (r)
408 1366 58 18 samt
479 1364 32 20 till
524 1364 123 26 tilläggslån
660 1364 33 20 till
706 1364 43 20 viss
763 1364 213 26 bostadsbyggnads-
1034 1360 41 34 bil.
1083 1360 24 34 10|
1349 1370 15 12 s.
1376 1366 10 16 5

83 1394 141 20 verksamhet
236 1393 25 20 10
269 1393 41 20 000
319 1393 41 21 000
370 1394 32 20 kr.
414 1394 35 26 (r).
1037 1396 21 20 pt
1064 1394 43 18 3—4

111 1423 19 20 3.
145 1423 41 20 RD
200 1423 127 26 godkänner
338 1424 97 19 ändrade
447 1424 94 25 grunder
553 1424 33 20 för
598 1423 256 26 bidragsverksamheten
866 1423 34 20 för
911 1423 66 20 främ-|
1007 1429 8 13 »
1022 1418 24 36 |
1051 1422 41 20 243
1099 1418 23 36 |
1144 1422 24 20 41
1223 1423 13 19 21
1263 1422 61 20 61—
1321 1418 19 35 |
1348 1423 40 19 2191
1412 1422 41 21 4491
1477 1423 33 20 26:
1522 1423 138 20 73d/26:132d

82 1453 66 26 jande
166 1459 28 14 av
212 1453 223 26 bostadsförsörjning
452 1453 33 20 för
502 1453 84 20 mindre
603 1453 135 23 bemedlade,
756 1453 102 20 barnrika
875 1452 101 26 familjer,
1130 1452 41 20 306!
1209 1452 27 20 50

83 1483 96 20 ändrade
190 1483 95 26 grunder
295 1484 41 19 rör.
348 1483 76 26 bidrag
434 1483 33 20 till
478 1483 122 26 främjande
611 1489 28 14 av
650 1482 206 27 bostadsbyggande
867 1483 28 26 på
905 1482 72 20 lands-
1113 1481 58 21 —309|
1197 1481 38 21 105

83 1512 94 26 bygden,
191 1514 58 18 samt
262 1512 96 21 ändrade
371 1513 94 26 grunder
477 1514 41 19 rör.
532 1512 113 21 tertiärlån
658 1512 33 21 till
704 1512 46 20 viss
764 1512 213 26 bostadsbyggnads-
1130 1511 38 20 3111
1195 1511 41 20 429

83 1542 140 20 verksamhet
243 1542 40 20 och
306 1542 123 26 tilläggslån
449 1542 33 20 till
502 1542 44 20 viss
565 1542 355 26 bostadsbyggnadsverksamhet;
937 1542 40 19 och
1195 1541 38 20 431

67 1559 132 44 medgivef
215 1572 49 23 RD,
281 1573 35 19 att
332 1572 124 20 räntefoten
472 1572 34 20 för
521 1572 286 26 bostadsanskaffningslån,
824 1571 154 27 nybyggnads-
1178 1571 58 20 —436

83 1601 42 24 lån;
149 1601 179 27 förbättringslån
353 1602 39 19 och
416 1601 269 24 lantarbetarbostadslån,
709 1601 59 20 vilka
784 1602 35 19 må
838 1601 89 20 komma
943 1602 35 19 att
1195 1600 41 20 440

83 1630 91 26 beviljas
197 1631 69 20 under
288 1631 131 26 budgetåret
443 1631 97 26 1943/44,
561 1631 131 20 bestämmes
709 1631 33 20 till
758 1631 48 23 3,25
823 1632 97 25 procent;
937 1630 40 20 och
1179 1630 57 19 —442

82 1660 88 20 anvisar
188 1660 42 20 RD
248 1660 33 20 till
298 1662 85 19 statens
400 1661 219 26 byggnadslånebyrå
636 1660 34 21 till
690 1660 128 26 avlöningar
837 1660 41 20 638
887 1660 41 20 000
944 1660 32 20 kr.

83 1690 33 26 (f),
126 1691 58 19 samt
192 1690 32 20 till
234 1690 155 20 omkostnader
397 1690 41 20 245
447 1690 41 20 000
496 1690 32 20 kr.
538 1690 33 27 (f);
581 1691 40 20 och
629 1690 88 20 anvisar
726 1690 42 20 RD
777 1690 33 20 till
818 1690 123 26 främjande
949 1695 28 15 av

83 1719 223 27 bostadsförsörjning
317 1720 33 20 för
360 1720 84 20 mindre
456 1720 134 24 bemedlade,
603 1720 102 20 barnrika
716 1719 95 27 familjer
821 1719 13 20 6
843 1719 41 21 000
892 1719 42 20 000
944 1719 32 20 kr.

83 1749 34 26 (f),
139 1749 34 20 till
196 1749 76 26 bidrag
294 1749 33 20 till
350 1749 123 26 främjande
496 1756 28 14 av
547 1749 207 27 bostadsbyggande
776 1749 28 26 på
826 1749 151 26 landsbygden

84 1779 26 20 10
118 1778 42 21 000
168 1778 42 21 000
218 1779 32 20 kr.
262 1779 34 26 (r),
307 1779 32 20 till
349 1779 76 26 bidrag
435 1779 33 20 till
477 1779 126 20 inrättande
613 1785 28 14 av
651 1779 177 27 pensionärshem
837 1779 13 20 4
858 1778 42 21 000
908 1778 27 21 00
944 1778 32 20 kr.

83 1808 35 27 (r),
130 1808 32 20 till
173 1808 131 21 lånefonden
315 1809 33 20 för
359 1809 222 26 bostadsförsörjning
591 1809 33 20 för
634 1809 84 20 mindre
729 1809 134 23 bemedlade,
874 1808 102 20 barnrika

83 1838 94 26 familjer
191 1838 27 20 20
227 1838 41 20 000
276 1838 42 20 000
332 1838 32 20 kr.
380 1839 31 25 (i),
427 1838 33 20 till
474 1839 113 20 tertiärlån
602 1838 33 20 till
650 1839 43 20 viss
708 1838 269 26 bostadsbyggnadsverk-

83 1868 86 20 samhet
182 1868 27 20 50
217 1868 42 20 000
267 1868 41 20 000
321 1868 32 20 kr.
368 1868 24 26 (i)
406 1870 58 18 samt
477 1868 33 20 till
523 1868 123 27 tilläggslån
659 1868 33 20 till
706 1868 43 20 viss
763 1868 214 26 bostadsbyggnads-

82 1897 142 21 verksamhet
234 1898 27 20 37
270 1898 41 20 000
320 1897 41 21 000
372 1898 32 20 kr.
417 1898 31 26 (i).

112 1939 18 20 1.
142 1939 42 20 RD
194 1939 88 20 anvisar
292 1939 32 20 till
334 1940 76 26 bidrag
420 1939 33 21 till
463 1940 125 20 inrättande
598 1946 28 14 av
637 1940 176 26 pensionärshem
823 1940 12 19 å
845 1939 132 26 tilläggsstat
982 1934 14 37 |
998 1938 27 20 44]
1066 1938 13 20 2
1138 1950 27 2 Hr
1165 1934 32 36 la
1203 1950 27 2 tl
1265 1938 60 20 61)—
1327 1934 35 36 hu
1363 1938 26 20 20:I:
1427 1938 27 21 330
1492 1939 55 19 6:15
1593 1939 55 20 16314

85 1969 20 19 IT
118 1969 12 20 2
139 1965 40 34 000
178 1965 48 34 000
242 1969 32 20 kr.
288 1969 34 26 (r).
1048 1975 15 11 s.
1075 1970 25 17 45
1350 1971 36 16 8.11
1415 1975 15 12 börs

111 1999 19 19 2.
143 1998 41 20 RD
192 1999 88 20 anvisar
290 1999 33 19 till
334 1999 130 20 lånefonden
476 1999 33 20 för
520 1999 222 26 bostadsförsörjning
752 1999 34 20 för
796 1999 84 20 mindre
892 1999 86 19 bemed-|
1008 2004 9 12 »
1023 1994 27 35 |
1067 1998 12 19 2
1138 2009 27 2 —lI
1203 2009 27 2 —bk
1265 1997 60 20 61—]
1363 1998 26 19 201
1427 1998 27 20 331]
1492 1999 55 19 6:15
1554 1993 22 35 |
1593 1999 12 19 6:
1625 2001 22 17 15

83 2028 55 23 lade,
150 2028 103 20 barnrika
264 2028 94 26 familjer
369 2029 11 20 å
392 2028 132 26 tilläggsstat
537 2029 20 19 II
571 2029 24 19 10
604 2028 41 21 000
654 2029 41 19 000
706 2029 31 19 kr.
750 2029 31 26 (i).
1047 2029 60 17 8,;128
1350 2030 38 17 8..9,|
1415 2030 37 17 8-7

111 2058 19 20 3.
149 2058 42 20 RD
209 2058 89 20 anvisar
314 2058 32 20 till
363 2058 113 20 tertiärlån
494 2058 31 20 till
543 2059 43 19 viss
604 2058 345 26 bostadsbyggnadsverksamhet
966 2058 11 19 ål
1009 2064 8 12 »
1023 2053 27 35 |
1067 2057 13 20 2
1138 2068 27 2 —I
1203 2069 27 2 —I
1264 2057 60 19 61—]1
1363 2057 26 20 201
1427 2058 27 20 331
1492 2058 155 20 6:15:1,:6:15

84 2087 132 26 tilläggsstat
229 2087 20 20 II
261 2087 27 20 30
297 2087 41 21 000
346 2088 42 20 000
398 2088 32 20 kr.
442 2088 31 26 (i).
1047 2094 8 10 s.
1071 2088 37 18 123]
1350 2089 80 17 s.9]s:
1442 2089 10 18 7

68 2153 115 18 11—141701
