1789 2353
157 148 27 21 28

158 203 125 27 Blomquist,
300 204 23 20 J.
339 204 29 20 H.

186 233 62 21 1938:
266 234 120 27 Suppleant
402 235 6 20 i
424 235 247 27 bevillningsutskottet;

157 264 88 20 valman
257 264 34 20 för
301 265 104 19 utseende
416 271 29 14 av
455 266 105 20 revisorer
570 266 37 20 vid
619 266 54 20 riks-

157 294 98 20 bankens
273 294 214 27 avdelningskontor;
506 296 166 26 valmanssupp-

156 323 60 21 leant
227 324 37 20 vid
277 325 245 24 ombudsmannavalen;
535 326 87 20 valman
634 326 38 20 vid

156 353 209 28 fullmäktigevalen.

184 384 108 20 Motioner
306 384 42 21 AK
364 384 31 24 16,
411 385 33 23 36,
461 385 38 20 100
508 392 18 17 e,
544 385 36 21 101
591 392 18 17 e,
624 386 47 24 200,

157 413 47 24 330,
220 414 40 20 389
269 420 18 17 e,
303 414 47 24 394,
366 415 47 23 453,
428 415 48 20 454.

184 444 111 20 Yttrande
310 444 42 20 AK
369 445 33 20 28:
415 446 30 19 75.

185 503 62 21 1939:
265 504 121 26 Suppleant
401 504 7 20 i
424 505 247 27 bevillningsutskottet;

156 533 88 20 valman
256 534 34 20 för
301 535 103 19 utseende
416 541 28 14 av
455 535 104 20 revisorer
570 536 37 20 vid
618 536 54 20 riks-

156 563 98 21 bankens
280 564 214 27 avdelningskontor;
521 565 87 21 valman
634 566 38 20 vid

157 594 246 24 ombudsmannavalen;
418 595 87 20 valman
520 596 37 19 vid
571 596 101 20 fullmäk-

156 623 115 26 tigevalen.

184 653 108 21 Motioner
307 654 43 20 AK
366 654 26 20 44
402 661 18 17 e,
439 655 45 23 107,
503 655 46 24 172,
566 655 48 21 417.

156 743 120 25 BOBERG,
291 744 47 20 Carl
352 744 88 25 Gustav,
454 744 16 21 f.
487 745 59 24 1859,
561 745 110 24 redaktör,

184 773 97 24 Kalmar,
293 774 59 20 LFK
363 774 32 26 (n)
405 774 34 20 för
449 775 92 20 Kalmar
551 775 46 20 läns
608 782 63 14 norra

185 803 39 20 och
237 804 63 20 södra
312 804 226 27 landstingsområden
550 807 58 18 samt
620 805 52 21 Got-

184 833 62 20 lands
263 834 35 20 län
316 834 51 20 1931
386 834 164 27 (1912—1930).

185 893 63 20 1931:
263 894 107 20 Ledamot
385 894 7 20 i
407 894 59 20 FK:s
481 894 69 21 första
565 895 106 27 tillfälliga

156 923 94 23 utskott;
269 924 88 20 valman
375 924 38 20 vid
432 924 239 21 ombudsmannavalen

156 954 58 19 samt
229 953 37 20 vid
281 954 209 26 fullmäktigevalen.

184 983 107 20 Motioner
308 984 40 20 FK
365 984 24 20 21
401 990 17 18 e,
436 984 33 24 48,
488 984 33 24 80,
541 984 45 24 108,
606 985 38 20 112
653 992 18 17 e,

158 1013 45 23 147,
220 1013 47 20 219.

184 1043 125 20 Yttranden
325 1044 40 19 FK
383 1044 31 19 16:
427 1046 25 17 39
468 1044 32 20 19:
513 1047 23 16 41
552 1045 33 19 27:
598 1047 31 21 48,
648 1047 25 17 49

156 1072 33 20 28:
202 1074 31 22 44,
255 1074 22 18 51
296 1073 33 20 32:
342 1075 31 18 91.

156 1161 95 26 BODIN,
268 1162 53 20 Karl
337 1162 109 25 Wilhelm,
463 1163 14 20 f.
497 1163 59 24 1871,
574 1163 98 21 lantbru-

184 1192 58 23 kare,
261 1192 115 26 Trangärd,
392 1193 58 20 LFK
465 1193 30 26 (n,
511 1193 23 26 h)
548 1193 34 20 för
595 1194 77 20 Värm-

184 1221 62 20 lands
262 1222 36 20 län
316 1222 87 20 1933—.

186 1281 62 20 1933:
267 1281 120 26 Suppleant
403 1282 8 19 i
427 1282 245 21 konstitutionsutskot-

155 1312 34 18 tet
199 1311 40 20 och
249 1311 6 20 i
265 1311 68 20 andra
343 1312 153 26 lagutskottet;
506 1312 166 27 valmanssupp-

155 1340 61 20 leant
231 1341 34 20 för
281 1342 104 19 utseende
401 1348 29 13 av
445 1342 105 20 revisorer
565 1342 37 20 vid
619 1343 53 20 riks-

156 1370 98 21 bankens
271 1371 214 26 avdelningskontor.

184 1400 108 21 Motioner
307 1401 39 20 FK
364 1401 46 24 107,
428 1401 46 24 113,
492 1401 45 24 144,
556 1402 45 20 164.

185 1460 62 20 1934:
266 1460 120 27 Suppleant
403 1461 7 20 i
426 1461 246 21 konstitutionsutskot-

157 1490 39 23 tet,
208 1490 6 20 i
226 1490 68 20 andra
305 1491 146 26 lagutskottet
460 1491 40 20 och
509 1491 6 20 i
524 1492 105 20 särskilda
638 1494 34 18 ut-

156 1520 91 23 skottet;
259 1520 217 27 valmanssuppleant
488 1521 33 20 för
532 1522 103 20 utseende
644 1528 28 14 av

156 1550 105 20 revisorer
267 1550 37 20 vid
310 1550 142 21 riksbankens
457 1551 214 26 avdelningskontor.

184 1580 108 20 Motioner
310 1581 41 19 FK
370 1581 33 23 38,
423 1581 33 23 39,
476 1581 27 20 50
512 1587 18 18 e,
550 1581 24 20 51
586 1588 18 17 e,
625 1582 46 24 137,

158 1609 46 24 167,
223 1610 45 23 173,
288 1611 38 20 182
335 1617 18 17 e,
371 1611 40 20 252
420 1617 18 18 e,
456 1611 47 23 254,
520 1611 40 20 266
570 1618 17 14 e.

187 1669 61 20 1935:
267 1670 120 26 Suppleant
403 1670 7 20 i
427 1671 245 21 konstitutionsutskot-

157 1700 33 19 tet
206 1700 39 19 och
261 1700 7 20 i
283 1700 68 20 andra
367 1700 152 26 lagutskottet;
536 1701 87 20 valman
639 1701 34 20 för

157 1729 104 20 utseende
273 1736 29 13 av
313 1730 106 20 revisorer
430 1730 37 20 vid
480 1731 142 20 riksbankens
635 1737 37 14 av-

158 1758 184 27 delningskontor.

185 1789 107 20 Motioner
313 1790 40 19 FK
377 1790 45 23 124,
444 1790 68 24 250e,
534 1790 67 24 262e,
624 1791 47 23 317,

158 1818 47 24 321,
221 1819 46 20 324.

187 1878 62 20 1936:
268 1879 119 26 Suppleant
404 1879 7 20 i
427 1879 245 21 konstitutionsutskot-

157 1909 34 19 tet
207 1908 39 20 och
262 1909 6 19 i
284 1909 67 20 andra
367 1909 152 26 lagutskottet;
536 1909 88 21 valman
639 1910 34 20 för

159 1938 103 20 utseende
274 1945 28 14 av
314 1939 104 20 revisorer
430 1939 37 20 vid
480 1940 142 20 riksbankens
635 1946 37 14 av-

158 1968 184 26 delningskontor.

186 1998 107 20 Motioner
307 1999 40 20 FK
362 1998 26 21 30
397 2005 18 17 e,
430 1999 33 23 99,
480 1999 46 23 102,
543 1999 46 24 124,
605 2000 39 20 127
653 2006 18 17 e,

160 2027 46 24 162,
229 2028 48 24 213,
301 2029 47 22 218,3
372 2029 47 23 220,
442 2029 47 23 223,1
513 2029 40 20 234
562 2035 18 18 6,
588 2023 14 36 :
604 2030 68 23 323:e,

158 2057 47 24 344,
221 2058 47 24 346,
284 2058 47 24 362,
347 2058 47 24 366,
410 2059 47 23 375,
472 2059 47 20 418.

812 152 292 19 PERSONREGISTER

704 206 78 24 Bodin,
799 207 29 20 K.
846 207 32 20 W.

731 237 110 20 Yttrande
858 237 40 20 FK
917 237 31 20 16:
961 239 31 19 40.

733 296 61 20 1937:
813 296 120 27 Suppleant
950 297 7 20 i
974 297 245 21 konstitutionsutskot-

704 328 39 22 tet;
761 326 96 21 ledamot
873 327 7 20 i
898 327 59 20 FK:s
973 327 69 20 första
1059 328 107 26 tillfälliga
1184 330 35 18 ut-

703 356 68 24 skott;
789 356 88 20 valman
895 357 34 20 för
946 357 104 20 utseende
1068 363 29 15 av
1114 358 105 20 revisorer

703 386 37 20 vid
765 386 143 21 riksbankens
933 387 214 27 avdelningskontor;
1173 389 45 19 val-

703 417 180 26 manssuppleant
900 417 38 20 vid
957 417 246 21 ombudsmannavalen.

731 446 108 21 Motioner
858 447 40 20 FK
920 447 32 23 12,
972 447 34 24 47,
1027 447 26 21 59
1063 454 17 17 e,
1103 448 46 23 133,
1171 448 46 24 134,

703 476 38 20 271
752 482 19 18 e,
788 476 48 21 284.

731 506 125 21 Yttranden
870 506 40 21 FK
926 507 31 20 18:
970 509 24 18 43
1008 507 33 20 22:
1054 509 30 22 21,
1102 510 24 17 22
1141 508 32 20 31:
1186 510 31 19 26.

732 566 62 20 1938:
813 566 120 27 Suppleant
949 567 7 20 i
973 567 245 21 konstitutionsutskot-

703 597 39 23 tet;
760 596 97 21 ledamot
873 597 7 19 i
897 597 59 20 FK:s
973 597 68 20 första
1059 597 107 27 tillfälliga
1184 600 34 18 ut-

703 626 67 23 skott;
789 626 88 21 valman
895 627 34 20 för
946 627 104 20 utseende
1067 633 29 15 av
1113 628 105 20 revisorer

703 656 37 20 vid
756 656 144 20 riksbankens
916 657 214 27 avdelningskontor.

731 686 108 21 Motioner
861 687 40 19 FK
924 687 53 24 57e,
1001 687 53 23 60e,
1078 687 47 24 236,
1149 688 40 20 246
1199 694 17 17 e,

703 716 47 23 256,
766 716 47 24 257,
828 716 48 24 258,
891 717 47 23 312,
954 717 47 23 327,
1017 717 47 20 353:

731 746 125 20 Yttranden
872 747 40 19 FK
928 747 32 20 23:
974 748 37 18 105
1027 747 33 20 29:
1073 749 31 18 29.

732 806 62 20 1939:
812 806 121 26 Suppleant
950 806 6 20 i
973 807 245 20 konstitutionsutskot-

703 837 39 22 tet;
760 836 97 20 ledamot
874 836 6 20 i
898 837 58 19 FK:s
973 837 69 20 första
1059 837 107 26 tillfälliga
1184 839 34 18 ut-

703 866 67 23 skott;
789 866 88 20 valman
895 866 34 21 för
946 867 104 20 utseende
1068 873 28 14 av
1114 867 104 20 revisorer

703 895 37 20 vid
757 896 143 20 riksbankens
917 897 214 26 avdelningskontor.

731 925 107 21 Motioner
856 926 40 20 FK
915 926 25 20 19
949 932 18 18 e,
986 927 33 23 73,
1040 927 45 24 113,
1106 927 45 23 126,
1172 927 45 24 129,

705 955 45 24 144,
768 955 45 25 161,
829 956 47 24 269,
892 956 47 20 272.

735 1015 53 20 1939
804 1016 28 20 U:
863 1016 107 20 Ledamot
992 1016 7 20 i
1025 1017 193 20 konstitutionsut-

703 1046 90 19 skottet.

731 1074 83 21 Motion
831 1075 40 20 FK
889 1075 18 20 1.

733 1134 61 20 1940:
806 1135 107 20 Ledamot
923 1135 7 20 i
941 1135 275 24 konstitutionsutskottet;

703 1164 88 20 valman
802 1165 34 19 för
847 1165 103 20 utseende
961 1171 29 14 av
1000 1165 105 20 revisorer
1116 1165 37 20 vid
1164 1165 54 20 riks-

704 1194 97 20 bankens
817 1194 214 27 avdelningskontor.

731 1224 107 20 Motioner
856 1224 39 20 FK
914 1225 31 23 18,
966 1225 31 23 19,
1015 1225 33 23 25,
1066 1225 34 23 45,
1119 1225 32 23 74,
1171 1225 45 24 103,

705 1253 65 24 1166,
788 1254 46 23 175,
850 1254 47 20 231:

732 1313 53 20 1940
794 1314 28 19 U:
836 1314 107 20 Ledamot
954 1314 7 19 i
974 1314 244 20 konstitutionsutskot-

703 1344 39 22 tet;
755 1343 117 26 suppleant
883 1343 6 20 i
901 1344 70 25 tredje
983 1344 105 20 särskilda
1101 1344 116 20 utskottet.

704 1432 93 25 BODIN,
807 1432 51 21 Lars
868 1433 95 24 Gunnar,
973 1433 14 20 f.
1000 1433 59 24 1872,
1069 1433 148 24 lantbrukare,

732 1462 100 24 Grausne,
856 1463 119 24 Västkinde,
1003 1463 70 26 Visby,
1098 1464 59 20 LFK
1176 1464 41 26 (bf)

733 1492 33 20 för
782 1493 91 19 Kalmar
885 1493 47 20 läns
944 1499 63 14 norra
1020 1493 39 20 och
1071 1494 63 19 södra
1146 1494 72 20 lands-

732 1522 163 26 tingsområden
906 1524 57 19 samt
975 1523 106 20 Gotlands
1092 1523 35 20 län
1138 1524 80 20 1931—

733 1552 162 26 (1920—1930).

732 1612 62 20 1931:
810 1612 120 26 Suppleant
945 1612 6 20 i
966 1613 191 24 bankoutskottet;
1172 1613 46 20 val-

703 1647 51 14 man
771 1642 34 19 för
822 1642 104 20 utseende
943 1648 29 14 av
987 1643 106 20 revisorer
1110 1643 37 20 vid
1164 1643 54 20 riks-

703 1672 97 19 bankens
809 1672 213 26 avdelningskontor;
1030 1673 88 20 valman
1127 1673 37 20 vid
1174 1679 44 14 om-

704 1701 201 21 budsmannavalen
915 1702 39 20 och
963 1702 37 20 vid
1009 1703 208 26 fullmäktigevalen.

731 1731 108 20 Motioner
856 1732 40 19 FK
914 1732 27 20 78
950 1738 18 17 e,
987 1732 26 20 79
1022 1739 18 16 e,
1059 1732 33 24 80,
1111 1733 34 23 95,
1163 1733 27 20 96
1199 1739 18 17 e,

706 1761 44 23 111,
766 1761 38 20 127
813 1767 18 17 e,
847 1761 45 24 143,
907 1761 46 24 148,
968 1762 46 23 149,
1030 1762 45 24 159,
1090 1762 46 24 164,
1152 1763 38 20 185
1199 1769 18 17 e,

703 1791 47 23 203,
768 1791 47 24 204,
832 1791 47 24 266,
896 1791 47 24 269,
960 1792 47 20 270.

731 1821 125 20 Yttranden
873 1821 39 20 FK
930 1821 32 20 17:
974 1823 24 18 57
1014 1822 33 20 21:
1060 1824 31 18 25.

733 1880 62 20 1932:
810 1880 120 27 Suppleant
945 1881 7 20 i
967 1881 190 24 bankoutskottet;
1172 1883 46 19 val-

704 1916 50 14 man
772 1910 34 20 för
822 1911 104 20 utseende
944 1917 28 14 av
989 1911 105 20 revisorer
1110 1912 38 20 vid
1164 1912 55 20 riks-

704 1940 97 20 bankens
826 1940 214 27 avdelningskontor;
1067 1941 88 21 valman
1180 1942 37 20 vid

704 1970 207 26 fullmäktigevalen.

732 2000 107 20 Motioner
856 2000 39 20 FK
912 2000 27 20 42
948 2007 17 17 e,
983 2001 33 23 50,
1035 2001 32 23 73,
1087 2001 45 24 170,
1150 2001 41 21 204
1199 2009 18 16 e,

704 2030 47 23 223,
770 2030 48 23 224,
837 2030 47 24 225,
904 2030 47 24 234,
971 2031 47 23 235,
1037 2031 47 24 237,
1104 2031 47 24 238,
1170 2032 47 24 239,

704 2059 47 24 240,
767 2060 47 23 258,
829 2060 48 24 259,
893 2060 47 24 263,
955 2060 48 24 284,
1018 2061 41 20 316
1067 2067 18 18 e,
1101 2061 47 21 327.

1251 209 77 24 Bodin,
1343 209 25 21 L.
1386 209 23 21 G.

1278 239 125 21 Yttranden
1422 240 40 20 FK
1483 240 32 20 18:
1527 242 11 17 4
1556 240 34 20 25:
1602 242 25 18 36
1645 240 34 21 47:
1692 243 30 18 91.

1279 299 62 20 1933:
1357 299 121 27 Suppleant
1491 299 7 20 i
1513 300 191 24 bankoutskottet;
1720 301 46 20 val-

1249 335 51 14 man
1318 329 34 20 för
1368 329 104 20 utseende
1490 336 28 14 av
1535 330 105 20 revisorer
1656 330 38 20 vid
1712 331 54 20 riks-

1250 359 97 20 bankens
1372 359 215 27 avdelningskontor;
1613 360 89 20 valman
1728 361 37 20 vid

1249 389 208 26 fullmäktigevalen.

1277 418 108 21 Motioner
1399 419 40 20 FK
1453 419 33 24 21,
1502 419 33 24 29,
1552 419 39 21 139
1600 426 18 17 e,
1635 420 39 20 164
1683 426 18 18 e,
1718 420 46 24 165,

1251 448 45 24 174,
1312 449 41 20 263
1362 455 18 17 e,
1396 449 47 20 325.

1277 479 126 20 Yttranden
1423 479 40 20 FK
1483 479 76 24 22:38,
1583 482 24 17 42
1627 480 62 20 38:88.

1279 538 61 20 1934:
1356 539 121 26 Suppleant
1491 539 6 20 i
1513 540 190 24 bankoutskottet;
1718 540 48 20 val-

1249 574 51 14 man
1317 569 34 20 för
1368 569 104 20 utseende
1490 575 28 14 av
1535 569 105 21 revisorer
1656 570 37 20 vid
1711 570 55 20 riks-

1249 599 98 19 bankens
1372 599 215 26 avdelningskontor;
1613 600 88 20 valman
1727 600 38 20 vid

1249 628 208 27 fullmäktigevalen.

1277 658 107 21 Motioner
1397 659 41 20 FK
1453 659 31 23 14,
1501 659 24 20 18
1535 665 17 18 e,
1569 659 31 24 19,
1615 659 33 24 62,
1663 659 33 24 68,
1711 660 26 20 69
1746 666 18 18 e,

1249 688 26 20 83
1285 695 18 17 e,
1323 688 46 24 162,
1389 688 39 21 166
1437 695 18 14 e.

1277 718 125 20 Yttranden
1418 719 40 20 FK
1476 719 31 20 12:
1519 721 32 21 30,
1570 721 24 17 37
1609 719 34 20 40:
1656 721 30 22 11,
1705 721 31 18 61.

1278 778 62 20 1935:
1356 778 121 27 Suppleant
1491 778 7 20 i
1512 779 192 24 bankoutskottet;
1720 780 46 19 val-

1249 814 51 13 man
1317 808 35 20 för
1369 809 103 20 utseende
1489 815 29 13 av
1534 809 106 20 revisorer
1656 809 38 20 vid
1711 809 55 20 riks-

1249 838 98 20 bankens
1372 838 215 27 avdelningskontor;
1613 839 89 20 valman
1727 839 38 20 vid

1249 868 208 26 fullmäktigevalen.

1277 898 108 20 Motioner
1405 898 40 20 "FK
1467 898 89 24 65,99;
1579 897 115 25 -122,7171;'
1719 899 45 23 192,

1251 927 45 24 193,
1318 928 45 24 195,
1384 928 46 24 196;
1451 928 46 24 197,
1518 928 46 24 198,
1583 928 48 24 200,
1650 928 47 24 201;
1717 928 47 24 202,

1249 957 47 24 203,
1316 958 48 23 204,
1383 958 47 24 205,
1449 958 48 24 206,
1516 958 48 24 207,
1584 958 47 24 208,
1650 958 48 24 209,
1717 959 48 24 210,

1249 987 47 24 211,
1315 988 48 24 212,
1382 988 48 24 213,
1450 988 47 24 214,
1516 988 48 24 215,
1583 988 47 24 216,
1650 988 47 24 217,
1717 988 47 24 241,

1249 1017 47 24 266,
1313 1018 47 23 287,
1377 1018 48 23 294,
1442 1018 47 23 331,
1506 1018 48 20 342.

1277 1047 110 20 Yttrande
1404 1048 40 19 FK
1461 1048 33 19 24:
1507 1049 31 19 57.

1279 1106 61 20 1936:
1356 1107 121 26 Suppleant
1491 1107 7 20 i
1513 1107 191 24 bankoutskottet;
1720 1107 46 20 val-

1249 1142 50 14 man
1317 1136 34 20 för
1368 1137 104 20 utseende
1489 1143 29 14 av
1535 1137 105 20 revisorer
1657 1137 37 20 vid
1712 1137 54 20 riks-

1249 1167 98 19 bankens
1372 1166 215 27 avdelningskontor;
1613 1167 89 20 valman
1727 1167 37 20 vid

1249 1196 208 26 fullmäktigevalen.

1276 1226 108 20 Motioner
1399 1226 40 20 FK
1455 1226 33 23 23,
1504 1226 33 23 35,
1553 1226 34 24 36,
1603 1226 34 23 67,
1653 1226 47 24 238,
1717 1226 47 24 346,

1249 1255 47 24 347,
1315 1256 47 23 352,
1381 1256 47 23 357,
1446 1256 48 23 366,
1512 1256 41 20 400
1562 1262 18 17 e,
1598 1256 39 20 401
1648 1262 18 14 e.

1277 1285 110 20 Yttrande
1403 1286 41 20 FK
1460 1285 34 21 42:
1507 1288 30 18 43.

1279 1344 62 21 1937:
1357 1345 120 26 Suppleant
1491 1345 7 20 i
1513 1345 190 24 bankoutskottet;
1719 1345 46 20 val-

1249 1381 51 14 man
1317 1375 34 20 för
1368 1375 104 20 utseende
1489 1381 29 14 av
1535 1375 104 20 revisorer
1656 1375 37 20 vid
1710 1375 55 21 riks-

1249 1405 98 20 bankens
1365 1405 215 26 avdelningskontor;
1598 1405 168 27 valmanssupp-

1249 1435 60 20 leant
1320 1435 33 20 för
1365 1435 103 20 utseende
1480 1441 29 14 av
1519 1435 247 26 tryckfrihetskommit-

1249 1465 81 23 terade;
1342 1465 273 26 statsrevisorssuppleant;
1627 1465 89 20 valman
1726 1465 39 20 vid

1249 1495 208 26 fullmäktigevalen.

1277 1525 83 20 Motion
1376 1525 40 20 FK
1431 1525 68 20 221e.

1279 1584 61 20 1938:
1356 1584 120 27 Suppleant
1491 1584 6 21 i
1512 1585 191 23 bankoutskottet;
1719 1585 47 20 val-

1249 1620 51 14 man
1317 1614 34 20 för
1368 1615 104 19 utseende
1489 1620 29 15 av
1534 1614 105 21 revisorer
1656 1614 38 20 vid
1711 1614 55 21 riks-

1249 1644 98 20 bankens
1368 1644 215 26 avdelningskontor;
1606 1644 160 20 statsrevisors-

1249 1674 123 26 suppleant;
1391 1674 89 20 valman
1498 1674 38 20 vid
1554 1674 210 26 fullmäktigevalen.

1277 1704 107 20 Motioner
1404 1704 40 20 FK
1465 1704 18 23 1,
1505 1704 46 23 137,
1572 1704 47 24 249,
1640 1704 41 20 330
1690 1710 18 14 e.

1277 1734 110 20 Yttrande
1403 1734 40 20 FK
1459 1734 34 20 38:
1505 1736 31 18 23.

1279 1793 61 20 1939:
1356 1793 120 27 Suppleant
1490 1793 7 21 i
1512 1794 192 23 bankoutskottet;
1719 1794 47 19 val-

1249 1829 51 14 man
1317 1823 34 20 för
1368 1823 103 21 utseende
1488 1829 29 15 av
1534 1823 105 21 revisorer
1656 1823 38 20 vid
1711 1823 54 21 riks-

1250 1853 97 20 bankens
1375 1853 214 27 avdelningskontor;
1618 1853 146 24 statsrevisor;

1249 1883 88 20 valman
1355 1883 36 20 vid
1410 1883 208 27 fullmäktigevalen.

1277 1913 108 20 Motioner
1398 1913 39 20 FK
1450 1913 27 20 45
1486 1919 18 18 e,
1518 1913 27 21 62
1553 1919 19 18 e,
1586 1913 34 24 69,
1634 1913 41 20 290
1684 1919 18 17 e,
1716 1913 47 23 291,

1249 1943 41 20 320
1298 1949 18 18 e,
1334 1943 67 24 321:e,:
1419 1943 46 20 329.

1277 1973 110 20 Yttrande
1404 1973 40 20 FK
1460 1973 33 20 37:
1505 1975 31 18 31.

1279 2032 62 20 1940:
1357 2033 120 26 Suppleant
1491 2033 7 20 i
1512 2033 191 23 bankoutskottet;
1719 2033 46 20 val-

1249 2068 51 14 man
1318 2063 34 20 för
1368 2063 104 20 utseende
1489 2069 28 14 av
1534 2063 106 20 revisorer
1656 2063 37 20 vid
1711 2062 54 21 riks-

1777 226 10 69 |
