1849 2361
815 166 136 15 SAKREGISTER

101 442 165 27 Avsöndringar
282 449 25 14 m.
324 449 27 14 m.

86 478 25 15 48
129 473 37 20 RD
183 473 114 26 medgiver,
314 475 31 18 att
356 473 7 20 i
374 473 232 26 statsrådsprotokollet
621 473 143 21 omförmälda
774 480 16 14 s.
802 474 20 20 k.
835 474 103 27 byskiftet

144 503 51 20 eller
211 503 128 25 ängsskiftet
357 503 39 20 och
415 503 150 26 skogsskiften,
583 503 26 20 de
625 503 134 20 sistnämnda
774 504 7 20 i
797 511 26 13 en
840 504 46 25 lott,
903 505 35 19 må

144 540 37 13 var
202 533 33 20 för
258 533 32 26 sig
312 533 50 20 med
381 533 53 20 visst
449 533 85 26 angivet
549 533 86 20 område
651 534 47 19 från
715 533 223 27 kronoegendomarna

145 562 27 27 1/,
192 562 82 21 mantal
298 562 92 26 Lundby
414 569 25 13 nr
463 563 12 20 5
500 563 76 20 Håkan
598 563 132 26 Jonsgården
751 564 40 19 och
810 562 27 27 !/;
857 564 81 20 mantal

144 592 93 26 Lundby
256 599 25 13 nr
297 592 11 20 6
326 592 112 20 Stommen
454 592 8 20 i
480 592 67 20 Södra
565 592 93 27 Lundby
676 593 78 20 socken
772 593 98 26 försäljas
889 593 49 21 med

145 621 150 21 hembudsrätt
310 622 33 20 till
359 622 149 20 förstnämnda
524 622 74 20 skiftet
614 623 32 19 för
662 623 24 19 A.
704 623 113 25 Berglund.
838 637 4 3 -

85 692 25 15 49
130 687 36 20 RD
183 687 114 26 medgiver,
314 689 31 18 att
360 687 7 20 i
383 687 232 27 statsrådsprotokollet
633 688 130 20 omförmäld
778 688 99 26 lägenhet
893 689 44 20 Sör-

143 717 78 26 lyckan
240 717 36 20 må
295 716 49 21 med
360 717 54 20 visst
429 718 85 25 angivet
529 717 87 20 område
632 718 47 19 från
695 718 198 26 kronoegendomen
910 717 27 28 ?/,

143 746 81 21 mantal
248 746 132 27 Mockeltorp
404 754 26 13 nr
449 747 12 20 2
478 747 153 26 Skattegården
647 748 7 19 i
670 748 109 25 Ekeskogs
802 748 78 20 socken
899 749 38 19 för-

143 776 70 27 säljas.

85 841 25 15 50
128 836 37 20 RD
181 836 109 26 medgiver
309 836 127 27 försäljning
455 843 26 13 av
497 843 27 13 en
539 837 7 19 i
562 836 232 27 statsrådsprotokollet
809 837 129 21 omförmäld

142 866 112 26 tomtplats
276 873 35 13 om
336 866 64 20 0.140
424 866 76 20 hektar
523 866 48 20 från
594 867 198 26 kronoegendomen
812 866 28 28 ?/,
857 868 80 19 mantal

142 896 110 25 Högsböla
275 903 25 13 nr
320 896 11 20 1
349 896 118 26 Sörgården
483 897 67 26 jämte
566 896 179 27 Sörgårdslyckan
762 904 25 13 nr
804 897 18 24 1,
839 904 26 13 en
881 898 56 23 åker,

142 926 40 20 och
199 926 133 26 Sävalyckan
349 933 25 13 nr
392 926 18 24 1,
427 928 31 18 ett
473 926 125 26 soldattorp,
615 927 7 19 i
637 927 65 25 Bergs
718 927 84 20 socken.

85 990 22 15 51
130 985 35 20 RD
182 985 115 26 medgiver,
314 987 32 19 att
361 986 48 19 ett
396 981 18 35 i
425 985 232 27 statsrådsprotokollet
670 987 125 20 omförmält
805 987 87 20 område
903 993 34 14 om

144 1015 63 20 0.368
225 1015 76 20 hektar
316 1016 36 19 må
368 1015 47 20 från
432 1015 198 26 kronoegendomen
648 1016 10 20 1
671 1016 81 20 mantal
768 1017 106 20 Hafstena
889 1024 25 13 nr
926 1017 10 20 7

144 1045 139 26 Grubbagård
299 1045 59 20 inom
375 1045 85 20 Skövde
476 1045 58 20 stads
549 1045 87 21 område
652 1046 99 26 försäljas
764 1046 49 20 med
825 1046 113 21 hembuds-

143 1076 42 19 rätt
200 1075 33 20 för
244 1075 16 20 I.
277 1075 128 20 Johansson.

113 1134 62 20 Inom
198 1133 130 22 Värmlands
344 1134 45 20 län:

85 1169 25 15 52
128 1164 38 20 RD
181 1164 124 26 godkänner
320 1166 31 18 ett
367 1171 25 13 av
409 1164 195 27 stadsfullmäktige
620 1165 7 20 i
643 1165 101 20 Karlstad
760 1165 7 20 i
783 1166 101 20 skrivelse
898 1165 41 21 den

145 1193 26 21 10
187 1194 42 26 juli
246 1194 58 20 1924
322 1195 57 25 gjort
398 1194 132 27 erbjudande
547 1196 32 18 att
594 1194 87 21 avträda
700 1195 36 20 det
753 1195 13 20 å
784 1202 26 13 en
829 1202 26 14 av
873 1196 65 20 stads-

143 1224 124 26 ingenjören
292 1224 25 20 G.
335 1224 71 20 Lovén
429 1224 114 26 uppgjord,
563 1225 70 19 såsom
653 1225 40 20 Bil.
710 1226 18 19 A
745 1225 118 20 betecknad
879 1225 59 21 karta

143 1253 50 20 med
201 1253 38 21 röd
249 1254 207 26 begränsningslinje
467 1254 109 20 utmärkta
587 1254 86 20 område
684 1261 35 14 om
730 1255 14 19 4
754 1255 76 20 738.01
842 1255 96 20 kvadrat-

144 1285 68 19 meter
226 1284 8 19 i
249 1284 107 20 kvarteret
372 1284 154 20 Seminaristen
541 1284 8 19 i
564 1284 95 20 nämnda
674 1284 54 25 stad,
745 1286 45 19 mot
805 1285 36 20 det
852 1287 31 18 att
894 1285 45 20 kro-

144 1320 42 13 nan
202 1320 27 13 av
245 1313 41 21 den
302 1313 81 20 kronan
400 1313 114 26 tillhöriga,
530 1313 34 21 till
580 1314 229 21 folkskoleseminariet
820 1315 7 20 i
837 1315 102 20 Karlstad

144 1343 104 27 upplåtna
272 1345 82 18 tomten
378 1343 33 20 till
430 1343 75 20 staden
522 1343 97 21 avträder
635 1344 36 20 det
686 1345 13 19 å
714 1351 84 13 samma
813 1344 60 21 karta
889 1345 49 20 med

142 1373 36 25 gul
189 1373 206 27 begränsningslinje
404 1373 109 20 utmärkta
523 1373 87 21 område
621 1380 35 14 om
668 1374 12 20 3
690 1374 78 20 966.36
781 1374 158 21 kvadratmeter

142 1403 68 26 jämte
226 1403 51 20 därå
293 1403 111 26 befintliga
421 1403 127 26 byggnader,
565 1403 50 21 med
626 1405 42 19 rätt
678 1404 33 20 för
722 1404 61 20 KM:t
793 1406 32 19 att
835 1405 33 20 för
880 1405 59 26 bytet

143 1433 99 20 meddela
258 1432 26 21 de
300 1435 98 18 närmare
414 1433 79 20 villkor
508 1433 40 20 och
564 1433 167 27 bestämmelser,
748 1434 60 20 KM:t
824 1434 42 21 kan
880 1434 59 21 finna

143 1462 144 26 erforderliga.

86 1527 24 15 53
129 1522 36 20 RD
182 1522 115 25 medgiver,
314 1524 31 18 att
360 1522 47 20 från
424 1522 149 26 kronoparken
588 1523 46 20 Bon
645 1523 7 20 i
663 1523 71 21 Grava
749 1524 78 20 socken
838 1525 35 19 må
883 1524 55 20 från-

143 1552 75 26 skiljas
234 1552 40 20 och
290 1552 99 26 försäljas
406 1554 31 18 ett
452 1553 12 19 å
480 1552 41 20 den
532 1553 7 20 i
550 1553 88 20 ärendet
653 1553 117 24 företedda,
784 1554 23 19 år
819 1553 56 21 1924
886 1561 52 20 upp-

143 1582 81 20 rättade
248 1582 75 20 kartan
347 1583 50 19 över
420 1582 126 26 lägenheten
562 1583 126 20 Svarthålan
704 1583 50 20 med
769 1583 38 21 röd
823 1584 115 27 gränslinje

143 1612 96 20 utmärkt
254 1611 87 21 område
357 1618 35 14 om
410 1611 26 20 91
455 1618 28 20 ar,
499 1612 148 21 innefattande
663 1613 50 20 åker
729 1613 50 20 med
792 1613 146 27 avloppsgrav,

143 1641 33 20 till
193 1642 23 19 R.
234 1641 106 25 Carlsson,
357 1641 54 26 Rud,
429 1641 72 25 Skåre,
518 1644 46 18 mot
579 1649 27 13 en
622 1642 143 27 köpeskilling
780 1649 26 14 av
823 1643 42 20 300
877 1643 31 20 kr.

113 1701 62 20 Inom
195 1695 78 26 Örebro
290 1701 44 20 län:

85 1736 24 15 54
128 1731 37 19 RD
181 1731 115 26 medgiver,
314 1733 37 22 att,
369 1731 65 20 sedan
451 1731 6 20 i
469 1731 231 26 statsrådsprotokollet
711 1732 143 20 omförmälda
869 1734 70 19 västra

143 1760 75 21 skiftet
241 1767 26 13 av
291 1760 200 26 kronoegendomen
511 1759 28 29 !/;
555 1761 82 21 mantal
653 1761 116 27 Storängen
786 1769 25 13 nr
828 1762 10 20 1
856 1762 7 20 i
881 1762 57 29 Karl-

143 1790 65 26 skoga
224 1791 78 20 socken
318 1790 114 27 uppdelats
448 1791 7 19 i
471 1791 32 20 uti
519 1797 83 14 samma
617 1791 106 27 protokoll
739 1792 142 20 omförmälda
892 1792 47 20 elva

143 1820 63 21 lotter
222 1821 7 19 i
245 1820 145 27 huvudsaklig
413 1821 212 20 överensstämmelse
644 1821 50 21 med
713 1822 225 26 uppskattningsmän-

143 1857 52 13 nens
211 1850 86 27 förslag,
314 1850 61 21 dessa
391 1850 63 21 lotter
470 1851 35 20 må
521 1857 37 14 var
573 1851 33 20 för
621 1852 32 25 sig
668 1852 105 26 försäljas.

86 1915 24 15 55
129 1910 37 20 RD
182 1910 108 26 medgiver
306 1910 128 27 försäljning
449 1917 26 13 av
491 1912 31 18 ett
537 1910 7 20 i
560 1911 232 26 statsrådsprotokollet
807 1912 130 25 omförmält,

143 1946 50 14 norr
209 1946 35 14 om
260 1940 41 20 den
318 1946 16 14 s.
346 1940 20 20 k.
384 1940 168 26 Vintrosavägen
565 1940 82 27 beläget
657 1941 87 20 område
755 1948 35 14 om
802 1942 49 20 2.80
863 1942 76 20 hektar

144 1976 26 14 av
186 1970 200 25 kronoegendomen
405 1970 7 19 1
432 1970 81 20 mantal
529 1965 68 25 Ånsta
613 1978 25 13 nr
654 1971 12 19 3
683 1971 39 20 och
733 1971 14 20 4
758 1972 7 19 i
776 1967 67 25 Ånsta
854 1972 84 24 socken,

144 1999 92 21 fördelat
251 2000 7 19 i
275 2001 77 19 tomter
368 2000 6 19 i
386 1999 145 26 huvudsaklig
546 2001 211 20 överensstämmelse
774 2001 49 21 med
834 2002 6 19 i
852 2001 87 21 ärendet

144 2029 113 26 åberopad,
274 2036 26 13 av
316 2029 242 20 distriktslantmätaren
574 2031 24 18 A.
615 2030 118 21 Eckerbom
750 2031 106 26 uppgjord
868 2032 70 26 styck-

143 2059 120 26 ningsplan.

1643 162 41 20 173

1051 229 17 17 2
1409 235 54 18 Riks-

1027 246 36 17 es
1332 263 5 2 -

974 258 17 25 =
1027 261 36 32 20
1127 283 4 3 i
1184 223 2 61 |
1242 249 88 43 Dtskolts
1400 261 72 30 dagens
1529 266 118 17 Kamrarnas

974 289 16 25 F
1052 288 10 34 RE
1085 283 94 17 Motioner
1231 279 114 41 utlåtanden
1414 280 32 36 Bier
1514 296 145 22 förhandlingar

974 318 17 28 =
1049 309 15 40 RR
1207 313 47 18 eller
1266 313 98 17 memorial
1406 325 50 18 SAR

972 342 10 24 XX
1027 346 39 12 4

974 365 17 25 2
1027 360 36 39 ZS
1200 373 17 24 sl
1356 381 17 12 gel
1504 380 66 17 föra
1577 358 18 48 |
1604 380 65 17 nr

974 394 11 9 z
1027 399 36 31 =S
1090 391 32 16 SES
1200 398 18 32 2
1243 397 17 29 å
1296 390 17 27 2
1356 395 17 30 2
1410 391 16 27 2
1467 396 7 30 |
1500 404 70 17 kamm.
1571 392 25 38 |
1601 404 70 17 kamm.

1227 446 2 21 I
1390 445 2 18 |

954 475 54 20 1925]
1032 475 26 20 57
1132 444 1 49 |
1192 472 37 34 10/
1296 475 27 20 311
1371 476 102 21 elll3ho]
1504 477 68 20 22:17
1575 470 14 36 |
1605 470 33 36 25:
1649 482 25 15 50

1024 510 44 22 p.12
1132 495 1 27 |
1228 508 1 16 |

1131 525 2 48 |
1228 536 1 88 |
1391 532 1 28 |

1391 646 1 22 |

976 697 8 10 >»
1001 675 24 47 |
1033 689 26 20 57
1192 685 37 33 10|
1248 676 36 48 |
1297 690 25 20 81/
1371 680 102 31 e|11319]
1504 690 69 21 22:17]
1606 691 69 20 25:50

1024 724 45 22 p.13
1131 730 1 6 I
1228 720 1 40 |
1391 735 1 17 |

1131 754 2 3 |
1228 761 1 15 |
1390 753 2 26 |

1228 778 1 14 I
1390 791 2 2 |

976 846 8 10 >»
1025 839 41 19 1206
1192 839 25 19 10
1297 839 26 20 66
1324 835 23 34 |
1357 839 81 20 121259]
1464 844 8 15 71
1504 840 67 20 32:51
1573 835 18 34 |
1592 835 39 34 34:
1637 835 44 34 169

1024 873 44 22 p.15

977 995 7 10 »
1025 987 42 21 1206
1192 988 25 20 10
1216 983 10 35 /
1296 988 27 20 66
1323 984 19 36 |
1357 988 81 21 121259]
1464 994 10 16 71
1505 989 67 20 32:51
1573 984 58 36 134:
1636 984 45 36 169

1024 1013 44 36 p-16
1132 1028 1 12 |
1227 1028 1 4 I
1334 1019 2 24 |

1132 1087 1 9 |

977 1175 8 9 »
1028 1166 40 21 1108
1205 1159 23 28 6)
1248 1167 10 20 11]
1297 1161 39 26 57|
1398 1167 42 20 144
1505 1168 53 20 25:7
1569 1164 26 34 |
1606 1168 68 21 28:85

1186 1508 1 3 I
1443 1491 2 13 I

977 1532 8 11 >»
1026 1525 41 19 1206
1186 1525 32 23 10
1270 1504 1 32 |
1298 1525 26 20 66
1326 1521 23 35 |
1358 1525 82 20 121259)
1465 1531 9 16 71
1506 1526 66 20 32:51
1580 1521 14 35 |
1593 1521 39 35 34:
1637 1521 46 35 169

1025 1559 44 23 p-17
1186 1556 1 42 |

1186 1616 1 57 had

1079 1680 1 16 |
1186 1677 1 8 I
1443 1682 2 14 I

1079 1697 1 29 |
1186 1687 1 33 |
1443 1712 2 23 |

971 1725 14 39 »>
1034 1728 46 44 111
1194 1733 25 20 10
1312 1734 162 27 21-41-58)
1459 1726 37 39 sl
1507 1734 52 20 10:40]
1608 1734 52 20 11:09

1030 1768 33 22 p.9
1079 1773 1 19 I
1270 1771 1 11 |

1079 1802 192 57 FER

1078 1873 2 4 I
1269 1874 2 24 I

977 1920 8 10 >
1034 1912 25 20 11
1192 1912 26 20 10
1312 1913 12 19 2
1372 1917 9 15 öl
1412 1913 27 20 581
1464 1918 9 15 9å
1506 1913 53 21 10:4
1608 1914 52 20 11:9

1024 1937 56 45 p-10/
1269 1948 2 12 I

1078 1981 2 29 |

1186 2038 1 19 I
1270 2048 1 6 I

1186 2066 1 21 I
