1845 2358
165 156 42 20 174
897 162 136 16 SAKREGISTER

1268 220 2 36 |
1480 228 66 33 Riks-

1210 280 3 3 -
1314 246 106 42 Utskotts-
1483 258 73 30 dagens
1613 263 118 16 Kamrarnas

1168 280 95 17 Motioner
1304 276 124 41 utlåtanden
1504 292 40 17 ER
1598 292 145 22 förhandlingar

1290 310 47 18 eller
1350 310 98 18 memorial
1452 306 24 38 |
1490 322 62 18 velser

1379 388 17 16 rå

1379 406 12 9 =

1052 255 22 146 1883EPsNIA

1110 302 17 105 J98[9AILYS
1110 243 17 47 TOO

1129 373 17 54 ”doad
1129 301 22 65 sy:let
1129 225 22 65 [Bun

1587 376 67 17 Första
1668 367 2 2 |
1688 376 65 17 Andra

1584 397 70 30 kamm.
1668 407 2 27 |
1685 400 70 17 kamm.

1172 388 33 17 FK
1224 388 34 17 JAR

1283 370 17 58 "TuBg

1325 376 17 48 PAV

1439 378 17 45 BpIs

1492 387 18 28 IN

1540 378 18 45 BpIs

184 440 167 27 Avsöndringar
367 447 25 14 m.
410 448 26 13 m.

171 477 24 15 56
213 471 38 20 RD
267 471 114 26 medgiver,
398 473 31 18 att
445 472 35 19 två
491 471 6 20 i
509 471 232 27 statsrådsprotokollet
756 471 149 24 omförmälda,
917 472 49 20 med
979 471 41 21 litt.
1037 472 55 21 1925

228 507 12 14 a
256 501 40 20 och
312 501 40 20 litt.
370 501 13 20 b
399 501 131 20 betecknade
553 501 102 20 områden
678 502 42 24 må,
737 501 97 21 vartdera
850 501 49 21 med
915 502 7 20 i
938 508 83 14 samma

228 531 106 26 protokoll
357 531 85 26 angivet
457 531 93 24 område,
567 531 47 20 från
631 531 198 26 kronoegendomen
848 532 8 19 1
875 531 81 21 mantal
968 532 53 20 Rån-

228 563 60 19 nesta
312 568 24 13 nr
353 561 11 20 3
381 561 7 20 i
404 561 48 20 Kils
474 561 77 20 socken
570 561 99 27 försäljas
685 561 49 21 med
751 561 149 21 hembudsrätt
915 562 33 20 för
964 562 21 20 OC.
1002 562 19 20 J.

228 591 122 20 Andersson
366 591 33 20 till
415 591 97 20 området
527 591 40 20 litt.
585 592 24 19 A.

1495 473 27 20 60
1588 473 68 20 14:13
1656 469 22 34 |
1690 473 32 20 16:
1734 478 24 15 23

1113 473 17 57 =
1109 480 27 11 NM

1130 473 17 52 PA

1275 473 10 20 23

1289 473 12 20 S

1395 473 11 20 -

1454 479 10 15 Ci

170 656 25 16 57
212 651 38 20 RD
270 651 108 26 medgiver
396 651 127 27 försäljning
538 657 26 13 av
580 657 27 14 en
622 651 7 20 i
646 651 231 27 statsrådsprotokollet
892 651 129 21 omförmäld
1018 647 15 36 |
1060 660 8 10 »
1081 647 24 36 |
1116 653 26 20 57
1275 652 26 21 10
1380 653 26 20 31|
1454 652 103 21 711319]
1588 653 69 21 22:17
1659 648 14 36 |
1690 652 69 21 25:50

228 681 50 20 med
293 681 20 25 a)
329 681 119 20 betecknad
471 681 40 20 lott
526 681 50 20 med
591 681 7 20 i
614 687 83 14 samma
713 681 105 26 protokoll
835 681 85 26 angivet
935 681 86 20 område
1107 687 45 23 p.14

227 711 47 20 från
291 711 198 26 kronoegendomen
508 710 10 20 1
536 711 81 20 mantal
634 711 94 26 Luggavi
744 718 25 13 nr
786 711 18 20 1.

198 777 63 20 Inom
282 776 169 21 Västmanlands
467 776 45 20 län:

171 811 24 17 58
213 807 38 20 RD
270 806 114 26 medgiver,
404 808 31 19 att
451 813 26 13 av
493 806 154 21 Strömsholms
662 807 121 26 kronopark
799 807 7 20 i
822 807 107 20 Kolbäcks
945 807 77 20 socken|
1060 816 9 10 >»
1079 802 27 35 |
1116 808 28 20 28
1275 808 27 21 10

228 839 31 18 ett
274 837 7 20 i
297 836 232 27 statsrådsprotokollet
544 837 85 26 angivet
644 837 87 20 område
747 843 35 14 om
797 836 48 21 0.18
858 837 75 20 hektar
943 837 36 20 må
989 837 33 20 till
1113 843 33 23 p.6

229 867 25 20 G.
271 867 25 20 A.
314 867 123 26 Lagerkvist
455 866 99 27 försäljas
570 868 46 19 mot
631 874 26 13 en
673 867 143 26 köpeskilling
832 874 26 13 av
874 866 42 21 810
933 867 30 20 kr.

1396 809 11 20 -—

1454 814 9 14 51
1495 808 27 20 60
1588 808 68 20 14:13
1656 804 18 34 |
1690 804 32 34 16:
1734 813 24 16 23

170 932 25 15 59
213 927 38 20 RD
273 926 114 26 medgiver,
414 926 20 26 1)
455 928 32 19 att
508 928 31 19 ett
562 927 33 20 till
615 926 153 21 Strömsholms
785 926 128 27 hingstdepå
928 926 94 21 hörande
1023 922 18 35 |
1061 936 8 10 >»
1080 922 27 35 |
1116 929 28 20 42
1276 928 26 21 10
1381 929 26 20 15
1496 928 27 20 74
1588 927 69 21 18:19
1656 922 22 34 |
1689 922 33 34 20:
1734 933 23 15 21

228 956 87 21 område
339 963 35 14 om
400 956 47 20 1.07
465 957 76 20 hektar
557 957 35 20 må
608 956 99 27 upplåtas
723 956 34 21 till
773 956 108 21 Kolbäcks
897 957 126 25 församling

228 988 32 19 att
283 988 52 19 utan
358 986 77 25 avgäld
457 986 69 21 under
548 986 157 27 nyttjanderätt
728 987 123 23 innehavas,
872 987 23 19 så
910 986 61 26 länge
987 986 36 20 det

228 1016 107 21 användes
359 1017 33 19 för
414 1016 164 26 församlingens
600 1016 146 24 skolväsende,
771 1016 20 27 2)
810 1019 31 18 att
857 1016 26 20 de
899 1018 12 18 å
927 1016 96 21 området

227 1046 93 20 varande
336 1046 128 26 byggnader,
480 1046 59 20 vilka
554 1046 78 20 hittills
646 1048 90 18 använts
747 1046 34 20 till
792 1046 60 20 skola
863 1046 38 20 och
913 1046 109 20 skollärar-

227 1076 83 24 bostad,
327 1078 57 18 samt
399 1076 73 19 därtill
488 1076 94 20 hörande
598 1076 134 22 visthusbod,
749 1077 117 24 tvättstuga
879 1076 40 20 och
930 1076 46 26 loge
987 1077 35 19 må

228 1113 26 13 av
277 1105 152 26 församlingen
454 1105 50 20 med
527 1105 124 26 äganderätt
666 1105 133 21 omedelbart
814 1107 108 24 övertagas
936 1108 45 18 mot
996 1112 27 14 en

228 1136 130 19 lösesumma
381 1142 26 13 av
432 1135 64 20 7500
516 1135 39 26 kr.,
579 1135 21 25 3)
624 1137 31 18 att
674 1135 71 26 övriga
766 1136 13 19 å
802 1135 96 20 området
914 1135 109 26 befintliga

228 1165 122 27 byggnader
360 1166 36 19 må
407 1165 103 20 likaledes
521 1165 50 20 med
581 1165 125 25 äganderätt
716 1167 108 23 övertagas
836 1172 25 13 av
870 1165 151 26 församlingen

227 1197 47 18 mot
297 1202 26 13 en
346 1195 132 20 lösesumma
500 1201 26 14 av
543 1195 64 20 3550
628 1195 30 20 kr.
682 1195 48 20 med
754 1196 42 19 rätt
819 1195 32 20 för
870 1195 152 26 församlingen

227 1227 32 18 att
274 1225 95 20 tillträda
385 1224 49 21 dem
451 1226 13 19 å
479 1224 26 21 de
521 1224 61 25 tider,
598 1231 46 14 som
660 1226 36 18 äro
712 1225 92 25 angivna
819 1225 6 19 i
842 1231 26 14 en
885 1225 79 20 mellan
980 1227 14 18 t.
1007 1225 14 20 f.

228 1255 76 20 chefen
326 1255 33 19 för
383 1254 154 21 Strömsholms
560 1254 128 27 hingstdepå
710 1255 38 19 och
773 1254 108 21 Kolbäcks
897 1255 126 25 församling

227 1284 85 26 träffad,
328 1285 7 19 i
352 1284 111 26 protokoll,
480 1284 67 20 hållet
565 1284 36 20 vid
616 1284 163 27 kyrkostämma
794 1284 49 20 med
859 1284 109 21 Kolbäcks
983 1285 40 20 för-

228 1315 92 25 samling
335 1314 41 20 den
393 1314 28 20 30
435 1321 48 13 nov.
502 1314 63 24 1924,
576 1314 86 26 intagen
674 1314 124 26 preliminär
808 1314 214 25 överenskommelse,

228 1344 21 26 4)
273 1346 31 18 att
327 1344 26 20 de
376 1344 118 26 inflytande
516 1344 171 20 lösesummorna
709 1345 36 19 må
768 1344 53 20 efter
836 1346 97 18 närmare
950 1344 71 27 beprö-

227 1374 69 21 vande
319 1381 26 13 av
364 1374 61 20 KM:t
440 1374 109 21 användas
565 1374 33 20 till
614 1374 221 26 grundförbättringar
850 1374 39 20 och
906 1374 116 26 byggnads-

228 1405 145 26 reparationer
391 1405 12 19 å
422 1404 154 20 Strömsholms
598 1404 137 26 hingstdepå;
755 1404 39 20 och
811 1404 104 20 förklarar
931 1404 44 24 RD,
992 1406 31 19 att

228 1434 26 21 de
270 1435 7 19 i
293 1434 271 26 övergångsavlöningsstat
579 1434 33 20 för
623 1434 153 20 Strömsholms
787 1434 128 27 hingstdepå
925 1434 33 20 för
968 1434 54 21 skol-

228 1464 82 20 läraren
333 1464 109 20 därstädes
465 1466 110 24 upptagna
593 1464 220 26 avlöningsförmåner
832 1464 46 20 icke
894 1464 60 20 skola
969 1464 54 20 efter

229 1494 123 21 nuvarande
369 1494 219 25 befattningshavares
605 1494 81 26 avgång
701 1493 72 21 vidare
789 1495 56 24 utgå.

171 1558 25 16 60
213 1553 38 20 RD
267 1553 114 27 medgiver,
398 1555 31 19 att
444 1553 251 20 komministerbostället
712 1553 9 20 1
739 1553 82 21 mantal
840 1553 66 20 krono
922 1553 100 20 Klockar-
1026 1549 14 36 |
1060 1561 8 11 >»
1078 1549 28 36 |
1115 1553 27 21 86
1275 1553 26 20 10
1378 1554 28 20 43
1479 1553 42 20 236
1587 1553 68 20 27:81
1657 1549 23 35 |
1689 1553 33 20 30:
1733 1558 25 15 89

228 1583 79 26 gården
322 1591 25 12 nr
364 1583 19 25 1,
400 1585 53 19 även
470 1583 67 20 kallat
552 1583 70 24 Näset,
638 1583 7 20 i
661 1583 201 26 Skinnskattebergs
877 1583 77 20 socken
970 1584 7 19 i
978 1583 43 20 be-

228 1613 79 26 fintligt
330 1613 60 21 skick
413 1613 39 21 och
468 1613 69 20 under
552 1613 106 20 förbehåll
673 1619 26 14 av
715 1613 84 20 enskild
815 1615 42 18 rätt
872 1614 37 19 må
923 1613 99 27 försäljas
1525 1633 1 3 I

228 1643 33 20 till
285 1643 200 26 Skinnskattebergs
509 1643 65 20 bruks
598 1642 121 26 aktiebolag
734 1645 46 18 mot
795 1649 26 14 en
836 1643 144 26 köpeskilling
996 1649 26 14 av
1525 1643 2 14 I

229 1673 42 20 115
281 1673 42 20 000
339 1673 31 20 kr.
393 1673 50 20 med
465 1672 149 21 tillträdesrätt
632 1673 33 20 för
680 1673 94 26 köparen
789 1672 41 21 den
848 1672 27 20 14
891 1679 56 14 mars
965 1672 56 21 1926
1161 1676 2 6 I
1268 1690 2 6 |
1526 1681 1 12 |

228 1705 57 18 samt
306 1703 69 20 under
398 1703 77 20 villkor
491 1703 7 20 i
513 1703 75 25 övrigt,
607 1704 32 18 att
659 1702 83 26 bolaget
758 1703 45 20 dels
819 1704 84 19 ensamt
919 1702 103 21 bestrider
1352 1715 1 3 I

228 1732 94 26 lagfarts-
338 1733 40 20 och
394 1733 72 26 övriga
485 1732 50 21 med
553 1732 154 27 försäljningen
723 1732 100 20 förenade
840 1732 120 25 kostnader,
976 1732 46 20 dels

228 1763 39 20 ock
282 1763 110 20 förbinder
408 1763 31 26 sig
455 1764 31 19 att
501 1764 46 19 mot
563 1769 26 13 en
605 1762 53 26 årlig
674 1762 181 27 hyresersättning
870 1769 26 13 av
914 1762 63 20 1500
990 1762 30 20 kr.

227 1792 100 27 medgiva
342 1794 116 25 pastoratet
474 1794 42 19 rätt
527 1794 37 22 att,
578 1792 58 20 intill
646 1792 48 20 dess
705 1792 110 26 prästgård
826 1793 21 19 åt
858 1792 164 20 komministern

228 1822 63 21 blivit
306 1823 12 20 å
334 1829 70 14 annan
428 1822 56 27 plats
499 1821 171 27 iordningställd,
687 1821 54 21 dock
757 1822 70 26 längst
843 1822 33 20 till
892 1822 41 20 den
951 1822 10 20 1
979 1822 43 20 okt.
1526 1830 1 6 |

230 1852 63 25 1928,
309 1852 132 21 fortfarande
457 1852 113 27 disponera
586 1852 41 20 den
644 1852 123 20 nuvarande
783 1851 137 27 prästgården
936 1852 12 20 å
964 1852 58 20 kom-
1526 1840 1 36 |

219 1876 212 38 ministerbostället.
1162 1884 1 43 |
1526 1878 1 10 |

229 1972 145 26 ägofigurerna
393 1979 24 13 nr
437 1971 41 20 126
495 1972 40 20 och
553 1971 40 20 127
610 1972 13 19 å
638 1971 41 20 den
695 1972 7 19 i
718 1971 88 21 ärendet
821 1971 110 21 företedda
946 1972 77 20 kartan
1108 1968 56 30 p.18
1151 1964 15 38 |

229 2002 113 20 betecknat
363 2001 86 21 område
468 2008 35 14 om
523 2001 78 20 0.3610
619 2001 75 20 hektar
709 2002 36 19 må
760 2001 47 20 från
824 2001 198 26 kronoegendomen

231 2032 9 19 1
259 2032 81 20 mantal
364 2032 83 20 Yllesta
471 2038 25 13 nr
512 2032 12 19 2
540 2031 7 20 i
564 2031 107 20 Kolbäcks
694 2031 77 20 socken
795 2031 115 20 avsöndras
933 2031 39 20 och
989 2031 33 20 till

228 2062 109 20 Kolbäcks
360 2061 126 26 församling
501 2061 98 26 försäljas
618 2063 46 18 mot
681 2067 26 14 en
723 2061 143 26 köpeskilling
882 2068 26 13 av
924 2060 43 21 290
983 2061 40 23 kr.,
1162 2064 2 24 I

1269 1888 1 32 |

170 1947 24 16 61
213 1942 38 20 RD
267 1942 115 26 medgiver,
398 1942 46 20 dels
463 1944 31 18 att
510 1943 30 19 ett
555 1942 7 19 i
578 1941 233 27 statsrådsprotokollet
825 1942 130 24 omförmält,
973 1941 49 21 med]
1061 1949 8 10 >»
1109 1936 55 31 |206
1146 1932 15 40 |
1269 1927 33 66 [10
1353 1940 54 31 166
1407 1936 20 39 |
1441 1946 23 15 12
1480 1936 47 48 259)
1548 1945 9 16 71
1588 1941 33 20 32:
1633 1946 22 15 51
1657 1936 19 35 |
1682 1941 34 19 34:
1728 1945 38 16 169

1270 1999 1 24 |
1353 1985 1 3 I
1526 1985 1 5 I
