1851 2359
175 170 42 21 500

896 177 135 16 SAKREGISTER

190 689 8 16 +

190 767 9 15 2

187 1914 24 21 Fl

188 454 110 22 Flottans
314 454 92 22 station
421 454 8 22 i
445 454 148 23 Stockholm.

187 568 341 28 Flottledshärbärgeslagen;
547 577 21 14 se
589 570 163 27 Arbetarskydd
767 570 73 26 (1929:
852 571 25 25 2),
895 569 132 28 Skogsväsen

187 652 132 28 Flottning.

188 1968 188 22 Flottstationen
392 1968 8 21 i
416 1968 150 22 Stockholm.

188 2045 132 27 Flottörer;
345 2054 22 14 se
390 2046 82 22 Armén
491 2047 73 26 (1924:
576 2047 40 26 51),
634 2046 137 27 Flygvapnet
787 2046 72 26 (1926:
872 2051 32 19 19;
923 2045 106 24 1927:17;

218 487 53 25 Ang.
288 487 58 20 vissa
361 487 93 20 militära
470 487 149 27 dispositioner
635 486 36 21 vid
687 487 85 20 flottans
783 486 78 21 station
873 486 7 20 i
891 485 134 25 Stockholm;

233 523 22 14 se
272 515 188 28 Interpellationer
476 515 72 29 (1925:
560 517 26 26 8).

231 600 74 27 (1925:
318 605 32 20 18,
370 601 40 26 19).

217 685 82 20 Motion
316 691 46 20 ang.
380 684 97 21 tillstånd
495 685 33 20 för
544 684 208 27 flottningsförening
767 686 32 19 att
814 691 46 14 som
877 684 99 21 säkerhet
994 684 33 20 för

232 715 57 20 vissa
304 715 37 20 lån
356 714 98 22 använda
470 714 81 21 allmän
567 714 93 21 flottleds
676 714 104 27 egendom
796 714 75 21 avslås.

218 762 37 20 RD
278 762 114 26 medgiver,
416 764 32 19 att
466 769 26 14 av
511 764 80 19 statens
607 762 113 21 domäners
735 762 53 21 fond
804 762 35 20 må
855 762 33 20 för
903 762 123 20 understöd-

232 792 65 27 jande
321 799 26 14 av
371 792 116 27 byggnads-
507 793 39 20 och
565 793 205 25 rensningsarbeten,
787 792 137 26 erforderliga
939 792 33 20 för
988 792 38 20 lös-

233 822 100 26 flottning
348 823 7 19 i
366 823 68 20 Torne
445 823 39 20 och
495 823 88 20 Muonio
594 822 127 26 gränsälvar,
733 822 108 21 utlämnas
852 824 31 19 ett
893 822 35 20 lån
940 823 12 19 å
963 822 62 26 högst

234 852 42 21 550
286 852 42 20 000
344 853 31 19 kr.
392 853 33 20 till
441 853 68 20 Torne
526 853 39 20 och
577 852 87 21 Muonio
675 852 132 26 gränsälvars
818 852 208 26 flottningsförening

233 882 51 21 eller
302 883 33 20 för
353 882 122 21 ändamålet
495 882 68 21 bildat
582 882 126 26 aktiebolag,
725 882 50 21 med
790 884 43 19 rätt
848 882 33 20 för
896 882 61 20 KM:t
973 883 32 19 att
1020 882 6 20 i

232 912 72 21 stället
320 912 97 21 använda
433 919 26 14 en
475 912 34 21 del
525 919 27 14 av
569 919 83 14 samma
668 913 78 26 belopp
761 912 34 21 till
811 912 101 26 teckning
922 919 26 13 av
959 912 68 20 aktier

232 943 8 19 i
256 942 76 21 sådant
347 943 68 26 bolag.

217 991 38 19 RD
280 990 114 27 medgiver,
414 992 31 19 att
460 991 61 20 KM:t
537 991 36 20 må
588 1002 28 3 —
631 991 68 20 under
714 991 153 26 förutsättning
883 997 26 14 av
925 990 101 21 liknande

232 1020 130 21 förbindelse
385 1021 47 20 från
448 1021 70 20 finska
533 1022 80 19 statens
630 1021 47 21 sida
692 1033 28 2 —
736 1020 100 21 förbinda
851 1021 91 20 svenska
957 1022 69 19 staten

233 1052 31 18 att
287 1051 73 19 ikläda
384 1051 31 25 sig
438 1051 82 25 garanti
542 1051 33 19 för
598 1052 31 18 ett
644 1051 164 25 obligationslån
825 1051 13 19 å
854 1050 64 20 1500
928 1050 43 20 000
987 1050 38 24 kr.,

234 1081 68 19 avsett
317 1082 31 18 att
363 1082 105 24 upptagas
485 1087 26 13 av
527 1080 68 20 Torne
611 1080 40 20 och
667 1080 88 20 Muonio
765 1080 133 26 gränsälvars
909 1080 117 25 flottnings-

233 1110 105 26 förening;
359 1110 40 20 och
415 1109 140 27 bemyndigas
571 1109 205 26 riksgäldskontoret
792 1111 31 19 att
839 1110 7 19 i
862 1109 38 20 fall
917 1117 25 13 av
958 1109 69 21 behov

232 1140 65 19 infria
312 1139 96 21 nämnda
423 1139 139 21 förbindelse.

217 1187 37 20 RD
271 1188 114 25 medgiver,
402 1189 32 19 att
449 1188 60 20 KM:t
525 1188 35 20 må
576 1187 100 21 förbinda
689 1188 90 20 svenska
790 1189 69 19 staten
871 1189 31 19 att
912 1187 73 20 ikläda
996 1187 31 26 sig

232 1218 81 25 garanti
329 1218 33 19 för
377 1219 31 19 ett
423 1218 165 25 obligationslån
601 1218 13 20 å
624 1218 63 25 högst
699 1217 41 21 750
750 1217 42 20 000
804 1218 39 25 kr.,
855 1218 68 20 avsett
933 1218 31 19 att
974 1223 52 20 upp-

232 1249 59 24 tagas
307 1254 26 14 av
349 1247 66 20 Kalix
425 1247 46 21 älvs
481 1247 220 26 flottningsförening;
713 1248 39 19 och
764 1247 140 26 bemyndigas
915 1246 111 26 riksgälds-

232 1277 98 20 kontoret
346 1279 31 18 att
393 1278 7 19 i
416 1277 38 20 fall
470 1284 26 14 av
512 1277 70 21 behov
597 1277 65 20 infria
677 1277 95 20 nämnda
787 1276 134 21 förbindelse.

216 1325 38 20 RD
270 1325 115 26 medgiver,
402 1327 32 18 att
449 1325 61 20 KM:t
526 1325 36 20 må
577 1324 100 21 förbinda
688 1325 91 20 svenska
790 1326 70 19 staten
871 1326 31 19 att
912 1324 73 20 ikläda
996 1324 32 25 sig

231 1355 83 26 garanti
330 1355 33 20 för
378 1355 37 21 två
430 1355 184 26 amorteringslån,
632 1354 36 21 det
684 1361 40 14 ena
739 1355 12 20 å
763 1355 63 26 högst
838 1354 42 21 600
890 1354 42 20 000
943 1354 39 25 kr.,
994 1361 33 13 av-

232 1387 41 18 sett
296 1387 32 18 att
352 1387 105 25 upptagas
476 1392 26 14 av
519 1385 53 20 Lule
588 1385 46 20 älvs
650 1385 216 26 flottningsförening,
882 1384 36 20 det
934 1384 66 20 andra
1015 1384 13 20 å

232 1415 62 26 högst
318 1415 94 20 900000
436 1415 38 25 kr.,
497 1416 69 20 avsett
589 1416 32 19 att
640 1416 104 25 upptagas
760 1421 26 14 av
801 1415 60 20 Piteå
876 1414 151 26 flottningsför-

232 1445 72 26 ening;
322 1445 39 20 och
378 1445 140 26 bemyndigas
534 1444 205 27 riksgäldskontoret
755 1446 31 19 att
801 1445 7 19 i
824 1444 38 20 fall
879 1451 25 13 av
919 1444 68 20 behov
998 1444 29 19 in-

232 1475 41 20 fria
289 1475 94 20 nämnda
398 1475 148 20 förbindelser.

217 1523 37 19 RD
271 1522 114 26 medgiver,
402 1524 32 19 att
450 1523 61 20 KM:t
527 1523 36 19 må
579 1522 99 20 förbinda
689 1522 91 21 svenska
791 1523 70 19 staten
872 1523 31 19 att
914 1521 72 20 ikläda
997 1521 31 26 sig

232 1553 82 24 garanti
331 1553 32 19 för
374 1554 30 19 ett
415 1552 177 26 amorteringslån
603 1553 12 19 å
626 1552 62 26 högst
699 1552 43 20 450
752 1551 42 21 000
806 1552 36 23 kr.,
854 1553 68 19 avsett
933 1553 31 18 att
976 1557 51 20 upp-

232 1584 58 23 tagas
302 1589 25 13 av
340 1582 70 26 Byske
421 1582 40 20 och
472 1577 48 31 Åby
532 1582 69 20 älvars
612 1581 217 26 flottningsförening;
839 1581 40 21 och
888 1581 140 27 bemyndigas

232 1612 204 26 riksgäldskontoret
451 1613 32 19 att
498 1612 7 20 i
520 1611 40 21 fall
575 1618 26 14 av
617 1612 69 20 behov
702 1611 64 20 infria
781 1611 96 20 nämnda
891 1610 136 21 förbindelse.

217 1660 54 25 Ang.
295 1659 222 26 flottningskontrakt;
538 1666 22 13 se
580 1658 159 27 Avverknings-
755 1658 38 21 och
803 1657 224 28 flottningskontrakt.

218 1707 53 26 Ang.
296 1707 153 26 minderårigas
473 1707 141 21 användande
630 1706 36 21 vid
683 1706 192 26 flottningsarbete;
893 1712 21 14 se
931 1705 97 21 Minder-

232 1736 66 27 åriga
314 1737 79 26 (1925).

217 1785 53 25 Ang.
295 1786 87 19 rösträtt
404 1785 13 20 å
440 1785 214 26 flottningsstämma;
679 1791 21 14 se
725 1783 132 27 Skogsväsen
883 1783 94 27 (1921:a
996 1788 32 19 16;

233 1814 63 21 1925:
310 1815 39 25 19).

244 1849 23 18 Se
287 1850 35 17 ock
341 1849 120 23 Björklund
477 1850 15 18 I.
506 1837 61 41 I:son,
581 1849 304 23 Flottledshärbärgeslagen,
899 1849 131 18 Vattenrätt

255 1873 59 22 (1921:
325 1879 13 15 1;
353 1873 59 22 1922),
425 1874 75 21 Virke,
513 1874 80 22 sjunket
604 1873 65 23 (1927).

213 1913 269 31 ottningsföreningar;
499 1923 21 14 se
537 1915 120 27 Flottning.

218 2001 53 25 Ang.
289 2000 47 20 dess
352 2000 135 27 förflyttning
503 2000 47 20 från
567 1999 161 24 huvudstaden;
745 2006 22 13 se
783 1997 106 22 Marinen
904 1998 73 26 (1929:
989 1998 40 26 36).

235 2076 64 21 1928:
312 2082 32 19 18;
362 2077 107 25 1929:16;
488 2077 63 20 1930:
563 2077 42 26 24).

1116 241 40 33 SÅ
1499 246 53 17 Riks:

1063 270 17 26 3
1132 273 23 32 RR
1216 295 3 3 ;
1331 260 93 43 Utskotts
1489 270 73 33 dagens
1618 276 118 18 Kamrarnas

1063 301 94 27 EG
1174 291 94 31 Motioner
1309 290 123 42 utlåtanden
1505 306 32 17 fer
1604 306 145 22 förhandlingar

1062 330 18 28 =
1116 327 41 29 ER
1296 324 46 18 eller
1354 323 99 19 memorial
1495 336 63 18 öl

1058 361 16 25 3
1116 359 39 27 lör
1171 373 45 2 —

1063 390 17 24 2
1116 383 36 33 2
1289 384 17 24 el
1446 383 12 32 on
1546 392 17 19 2
1592 390 68 18 Första
1664 386 24 31 |
1694 390 64 18 Andra

1116 401 33 41 33
1178 402 86 17 FED
1289 410 17 32 2
1331 408 17 31 &
1385 402 17 27 é
1445 413 16 24 ;
1498 402 17 27 ä
1546 412 17 25 &
1563 408 13 34 |
1589 414 70 18 kamm.
1661 408 26 34 |
1690 415 70 17 kamm.

1042 683 52 23 1921
1188 686 26 20 78
1294 684 53 20 92
1398 685 13 19 4
1585 684 68 21 10:35
1659 680 22 34 |
1690 684 65 21 15:28

1065 770 8 11 >»
1115 762 40 21 1140
1280 762 25 20 10
1384 762 27 20 35
1485 762 39 21 181
1584 762 32 20 26:
1629 767 38 15 125|
1685 761 33 21 30:
1730 766 24 17 387

1041 989 57 23 1925]
1121 991 27 20 66
1280 991 25 20 10
1385 990 26 19 27
1486 990 39 20 137
1584 989 53 21 22:1
1685 989 69 20 125:10

1042 1185 56 23 1927]
1121 1187 27 20 55
1281 1187 25 20 10
1400 1185 11 20 5
1500 1186 26 20 32
1600 1185 53 20 7:46
1656 1180 37 36 |
1700 1185 53 20 Var49

1043 1322 56 23 1928]
1121 1324 28 20 44
1281 1324 25 19 10
1386 1322 22 20 11
1486 1323 40 20 172
1586 1322 67 21 19:87
1687 1322 67 20 |18:382

1042 1520 57 22 1929]
1122 1521 27 20 68
1280 1520 26 21 10
1386 1519 25 20 16
1499 1520 27 20 53
1585 1518 67 21 13:55
1686 1518 83 21 |16:108
