1847 2355
179 156 43 20 594
912 159 135 15 SAKREGISTER

198 439 178 28 Föreläsningar.

243 470 105 24 städerna,
365 470 84 21 anvisas
461 470 32 20 för
505 469 124 27 budgetåret
642 467 124 29 1926/1927
778 470 31 19 ett
820 470 59 18 extra
889 467 146 21 reservations-

243 500 73 25 anslag
339 507 26 14 av
388 499 78 21 11500
486 500 39 25 kr.,
544 506 64 14 varav
625 499 11 20 7
647 499 42 20 000
705 499 31 20 kr.
753 498 33 21 till
802 497 95 27 Uppsala
912 497 125 21 universitet

242 531 40 20 och
300 530 65 20 4500
382 530 30 20 kr.
430 530 33 20 till
480 529 72 21 Lunds
568 530 132 24 universitet,
717 530 31 19 att
764 529 50 25 utgå
830 527 68 21 under
913 527 77 21 villkor
1006 528 31 19 att

242 561 49 24 den,
311 567 46 14 som
373 560 73 26 begärt
461 560 135 25 föreläsning,
613 559 118 27 tillskjuter
746 559 67 20 minst
831 558 44 20 lika
890 559 53 19 stort
959 557 77 26 belopp

242 597 46 14 som
304 590 155 26 statsbidraget.

199 668 9 15 3
227 663 74 20 Såsom
318 662 74 26 bidrag
408 662 33 20 till
458 661 135 21 bestridande
609 668 26 14 av
651 660 143 21 kostnaderna
809 660 33 20 för
852 659 26 21 de
889 659 147 25 föreläsnings-

242 693 79 23 kurser,
339 698 45 15 som
401 694 36 18 äro
453 691 94 21 avsedda
562 693 32 19 att
608 697 121 15 sommaren
742 690 56 21 1926
811 690 51 20 eller
873 696 72 14 senare
956 689 7 20 i
974 688 62 21 Lund

242 722 106 21 anordnas
363 722 33 20 för
412 722 152 24 allmänheten,
581 722 85 20 anvisas
681 721 34 20 för
731 720 125 26 budgetåret
868 717 125 30 1926/1927
1006 720 30 19 ett

242 754 59 19 extra
317 752 215 26 reservationsanslag
548 758 26 15 av
590 751 65 21 8000
672 751 30 20 kr.

200 835 7 15 1
226 830 42 20 Till
284 829 116 21 understöd
419 830 22 20 åt
460 829 101 20 anstalter
576 829 40 20 och
632 829 126 25 föreningar,
776 834 45 14 som
833 827 94 21 anordna
939 826 96 27 populär-

241 860 161 26 vetenskapliga
424 859 158 26 föreläsningar,
606 859 84 20 anvisas
713 859 33 20 för
768 858 125 26 budgetåret
911 855 124 29 1927/1928

241 892 30 18 ett
294 891 61 19 extra
377 889 215 26 reservationsanslag
612 896 26 13 av
654 888 42 21 400
705 888 42 20 000
762 888 38 24 kr.;
817 888 40 20 och
873 887 115 26 medgives,
1005 888 32 18 att

242 927 26 14 av
283 920 59 20 detta
358 920 73 26 anslag
447 920 36 20 må
498 919 109 21 användas
624 919 62 26 högst
701 919 27 20 25
738 918 43 21 000
797 918 30 20 kr.
843 917 34 21 till
888 916 116 21 understöd
1015 916 21 20 åt

242 950 157 27 centralbyråer
414 950 40 20 och
468 949 153 26 undantagsvis
637 951 53 18 även
706 949 22 19 åt
741 948 67 20 andra
818 947 219 25 sammanslutningar

241 980 33 20 för
289 980 130 26 förmedling
434 986 26 14 av
476 979 74 27 dylika
565 979 159 26 föreläsningar,
745 978 12 20 3
767 978 42 20 000
826 978 30 20 kr.
873 977 33 21 till
923 977 76 21 arvode
1015 977 22 19 åt

242 1017 26 13 en
294 1010 38 20 hos
360 1009 202 27 skolöverstyrelsen
585 1009 93 20 anställd
701 1007 257 27 föreläsningskonsulent
981 1008 55 19 samt

241 1041 62 24 högst
319 1040 13 20 8
342 1039 42 21 000
401 1040 30 20 kr.
448 1039 34 21 till
499 1039 115 20 understöd
631 1039 22 20 åt
668 1039 57 20 vissa
744 1038 102 20 anstalter
861 1037 39 21 och
916 1037 121 25 föreningar

240 1070 33 20 för
289 1076 26 14 av
331 1069 49 20 dem
397 1069 70 20 havda
482 1068 161 21 resekostnader
659 1068 32 20 för
706 1067 119 21 föreläsare.

198 1140 10 15 2
227 1135 74 20 Såsom
326 1134 74 26 bidrag
423 1134 33 21 till
475 1133 104 21 täckande
598 1140 26 13 av
640 1133 143 20 kostnaderna
798 1133 33 20 för
847 1132 25 20 de
888 1131 147 25 föreläsnings-

241 1165 81 25 kurser,
347 1171 45 14 som
416 1164 48 20 från
490 1163 151 21 universiteten
662 1163 6 20 i
684 1162 95 27 Uppsala
794 1163 40 20 och
850 1161 62 21 Lund
928 1161 66 21 varda
1009 1161 28 26 på

241 1195 92 26 begäran
357 1201 48 14 vare
429 1194 32 26 sig
484 1200 26 14 av
533 1193 129 26 institution,
687 1199 45 14 som
752 1193 19 26 ej
791 1193 95 26 åtnjuter
901 1191 86 20 särskilt
1003 1190 33 20 till

241 1223 252 28 populärvetenskapliga
516 1223 153 26 föreläsningar
688 1222 90 27 beviljat
793 1221 176 24 statsunderstöd,
986 1220 51 21 eller

242 1261 26 14 av
284 1255 43 20 viss
343 1254 105 20 kommun
465 1253 51 20 eller
531 1252 85 21 enskild
632 1259 76 20 person
724 1252 122 20 anordnade
857 1253 32 19 att
899 1251 68 20 under
977 1250 58 20 tiden

244 1284 9 20 1
270 1284 42 27 juli
329 1283 116 21 1927—30
462 1283 47 27 juni
527 1282 56 21 1928
595 1282 51 21 eller
660 1289 73 14 senare
743 1282 68 20 hållas
822 1283 60 19 utom
894 1281 142 20 universitets-

242 1314 105 25 städerna,
372 1314 84 20 anvisas
480 1313 32 20 för
534 1312 125 26 budgetåret
683 1311 126 27 1927/1928
826 1313 30 19 ett
872 1313 60 21 extra
947 1316 89 14 reserva-

241 1344 132 25 tionsanslag
388 1350 26 14 av
430 1342 78 21 11500
520 1343 38 24 kr.,
569 1349 65 14 varav
646 1342 11 20 7
668 1341 42 21 000
721 1342 30 20 kr.
762 1341 34 21 till
807 1341 95 27 Uppsala
912 1340 125 21 universitet

241 1374 40 20 och
297 1374 14 20 4
311 1373 51 21 500
378 1374 32 20 kr.
427 1373 33 20 till
477 1372 73 21 Lunds
566 1372 131 21 universitet.

199 1438 9 15 3
227 1433 74 21 Såsom
315 1433 75 25 bidrag
405 1432 34 21 till
456 1431 136 21 bestridande
609 1438 25 14 av
650 1430 143 21 kostnaderna
809 1430 33 21 för
852 1430 26 20 de
889 1429 147 26 föreläsnings-

241 1463 80 25 kurser,
346 1469 46 14 som
417 1464 36 18 äro
477 1461 92 21 avsedda
588 1463 31 19 att
635 1467 122 14 sommaren
774 1460 55 20 1927
846 1460 51 20 eller
912 1466 73 14 senare
1001 1459 35 20 vid

243 1493 117 26 Göteborgs
373 1492 103 26 högskola
487 1491 105 21 anordnas
603 1491 33 20 för
646 1491 153 24 allmänheten,
811 1490 85 20 anvisas
907 1490 32 20 för
950 1489 85 26 budget-

241 1524 45 19 året
303 1521 128 29 1927/1928
447 1523 31 19 ett
494 1523 59 19 extra
571 1520 216 26 reservationsanslag
803 1527 26 14 av
845 1520 13 20 8
868 1519 42 21 000
926 1520 30 19 kr.

200 1588 7 15 1
226 1582 42 21 Till
284 1582 117 21 understöd
416 1582 22 20 åt
454 1581 101 20 anstalter
570 1581 40 20 och
625 1581 127 25 föreningar,
770 1586 46 14 som
830 1579 95 21 anordna
940 1578 97 27 populär-

241 1612 161 26 vetenskapliga
417 1611 160 26 föreläsningar,
594 1611 85 20 anvisas
690 1610 33 20 för
733 1610 126 26 budgetåret
872 1607 124 29 1928/1929
1008 1610 30 18 ett

241 1644 61 18 extra
323 1641 215 25 reservationsanslag
561 1647 26 14 av
611 1640 43 20 400
662 1640 43 20 000
714 1640 38 24 kr.;
777 1640 39 20 och
832 1639 115 26 medgives,
964 1640 32 18 att
1011 1645 26 13 av

242 1672 59 20 detta
324 1672 74 25 anslag
420 1672 37 19 må
480 1670 108 21 användas
612 1670 62 26 högst
693 1670 27 20 25
730 1669 42 21 000
788 1669 31 20 kr.
836 1669 33 20 till
886 1668 113 21 understöd
1016 1669 22 19 åt

242 1702 156 26 centralbyråer
413 1701 40 20 och
469 1700 155 26 undantagsvis
640 1702 54 18 även
709 1700 22 20 åt
742 1699 66 21 andra
819 1698 219 26 sammanslutningar

241 1733 33 19 för
289 1731 129 26 förmedling
437 1738 26 13 av
479 1730 74 27 dylika
569 1730 161 26 föreläsningar,
747 1729 12 20 3
770 1729 42 20 000
828 1729 30 20 kr.
876 1728 33 21 till
926 1727 76 22 arvode
1016 1728 22 19 åt

241 1769 26 13 en
278 1762 39 20 hos
328 1760 202 27 skolöverstyrelsen
541 1760 93 20 anställd
645 1759 256 26 föreläsningskonsulent
912 1760 56 18 samt
976 1758 62 25 högst

242 1792 12 20 8
264 1792 43 20 000
323 1791 31 20 kr.
371 1791 34 20 till
420 1790 117 21 understöd
553 1791 22 19 åt
590 1790 57 20 vissa
663 1789 102 21 anstalter
780 1789 40 20 och
836 1789 120 25 föreningar
968 1788 33 20 för
1012 1794 25 13 av

241 1822 50 20 dem
310 1821 71 21 havda
396 1820 161 21 resekostnader
572 1820 33 20 för
620 1819 122 24 föreläsare;
759 1819 40 20 och
815 1819 84 20 anvisas
915 1818 33 20 till
963 1817 73 21 anord-

241 1851 70 21 nande
327 1858 26 14 av
368 1850 238 26 folkbildningskurser,
623 1856 15 14 s.
656 1849 20 20 k.
691 1849 103 27 flyttande
807 1848 229 26 folkhögskolekurser,

241 1882 33 20 för
290 1881 125 26 budgetåret
432 1879 126 29 1928/1929
575 1881 30 19 ett
621 1881 60 19 extra
696 1879 74 25 anslag
786 1885 25 14 av
828 1879 27 20 25
865 1878 42 20 000
924 1878 31 20 kr.

198 1947 10 15 2
226 1942 74 20 Såsom
324 1941 75 26 bidrag
422 1940 33 21 till
475 1940 104 21 täckande
598 1946 26 13 av
640 1939 143 20 kostnaderna
799 1938 33 20 för
847 1938 26 20 de
890 1937 147 26 föreläsnings-

242 1972 80 25 kurser,
347 1977 45 14 som
416 1970 48 20 från
488 1970 152 20 universiteten
656 1969 7 20 i
680 1969 95 26 Uppsala
794 1968 39 20 och
851 1967 61 21 Lund
929 1967 65 20 varda
1010 1967 27 26 på

242 2001 90 26 begäran
356 2007 49 14 vare
429 2001 31 25 sig
483 2007 26 13 av
532 1999 130 24 institution,
687 2005 45 14 som
752 1999 19 26 ej
792 1998 94 26 åtnjuter
902 1997 86 20 särskilt
1003 1996 33 20 till

241 2030 251 27 populärvetenskapliga
516 2029 154 25 föreläsningar
686 2028 90 27 beviljat
791 2027 178 25 statsunderstöd,
985 2026 52 20 eller

1125 221 40 34 Så
1507 225 53 17 Riks-

1071 250 17 27 3
1120 250 21 39 ee
1143 253 22 32 =
1224 274 4 3 öd
1355 244 59 47 RR
1498 247 72 34 dagens
1627 254 117 17 Kamrarnas

1071 281 17 26 2)
1148 288 17 27 a
1165 270 19 49 |
1203 276 74 15 ORON
1293 270 32 49 FY
1327 274 73 17 RUARANA
1417 278 25 29 en
1512 285 46 17 skri-
1571 269 21 42 |
1612 284 144 22 förhandlingar

1071 311 17 27 2
1125 301 31 40 5&R
1304 304 47 17 eller
1364 303 99 18 memorial
1504 315 63 17 SR

1069 334 10 24 XX
1125 337 38 13 4

1071 354 21 35 fo
1131 351 29 29 re
1228 358 2 23 I
1298 364 16 24 gi
1445 361 29 30 [ed
1555 371 16 11 zel
1600 369 68 17 Första
1672 363 24 30 |
1701 368 65 17 Andra

1149 381 11 9 S
1228 383 2 7 |
1453 384 17 5 2
1555 384 16 5 2

1072 386 11 9 2
1125 381 32 40 23
1186 382 86 46 SS
1298 390 16 31 2
1339 387 17 30 å
1397 377 9 44 Zz
1453 391 17 25 :
1507 380 17 28 z
1555 391 17 24 &|
1597 393 70 17 kamm.
1671 385 23 35 |
1698 392 71 17 kamm.

1052 466 54 21 1926

1075 658 90 20 311:8
1303 658 12 20 6)
1346 658 9 19 11]
1408 657 69 21 8l176|8
1496 656 81 21 Ales]
1601 656 69 21 28:97
1673 652 55 35 128:
1734 652 43 35 117

1116 698 17 17 p.
1137 692 36 23 195

1051 824 56 23 19271
1125 825 40 22 1:8
1230 832 1 24 |
1303 825 12 20 6|
1346 824 9 20 1|
1408 824 69 20 811418
1496 824 73 21 Aloi]
1602 824 65 21 16:21
1671 819 16 38 |
1704 823 66 21 17:48

1115 857 116 25 RES

1079 1118 9 44 >»
1125 1130 40 20 |1:8
1304 1120 23 29 6!
1346 1129 10 19 1]
1409 1128 69 20 81158
1497 1128 73 20 Ar)
1603 1128 65 20 16:21]
1704 1127 66 20 17:51

1117 1148 57 45 p.223)
1325 1151 2 20 |

1367 1370 1 10 |

1367 1399 2 31 |

1075 1428 91 20 FFS
1304 1426 12 21 6)
1347 1426 22 29 1|
1409 1425 69 21 8l11718
1497 1426 73 20 Alo2]
1602 1425 67 21 16:24
1672 1421 16 38 |
1703 1425 68 21 17:55

1117 1469 16 16 p.
1137 1459 36 30 225
1367 1473 1 13 I

1367 1498 1 18 I

1052 1576 114 23 192811:
1149 1572 14 36 8
1167 1572 14 36 |
1200 1577 26 20 99
1304 1576 11 20 6)
1346 1575 10 20 1!
1409 1575 69 21 8l146|8
1497 1575 80 20 Alis)
1601 1574 69 21 26:93
1703 1574 68 21 27:86

1117 1612 55 22 p.227

1075 1944 8 10 >»
1125 1935 40 20 11:8
1304 1933 49 20 611]
1409 1933 69 20 81498
1496 1932 81 20 Als
1602 1932 68 20 26:96
1672 1928 19 37 |
1703 1932 68 20 27:92

1116 1976 16 16 p.
1138 1970 35 17 229

241 2068 26 14 av
283 2061 43 20 viss
341 2060 105 21 kommun
463 2059 51 21 eller
530 2058 84 21 enskild
631 2065 76 20 person
723 2057 122 21 anordnade
857 2059 31 18 att
899 2056 67 21 under
977 2056 59 20 tiden
