1841 2360
903 158 136 16 SAKREGISTER

171 148 42 21 656

189 431 88 22 Handel
292 432 37 22 och
344 432 84 28 sjöfart.

185 1042 179 23 Handelsavtal.

1116 222 41 34 SA
1367 247 13 17 ;
1497 230 54 18 Riks-

1062 251 18 26 3
1116 254 37 33 SÅ
1215 277 4 3 5
1331 247 94 18 Utekotte
1475 253 85 34 dagens
1617 261 117 18 Kamrarnas

1062 282 65 26 SER
1139 289 17 28 z
1161 272 107 32 Motioner
1308 273 124 42 utlåtanden
1502 290 32 17 sk
1602 290 144 23 förhandlingar

1062 312 17 28 =
1111 302 16 41 ER
1135 318 22 24 2
1295 307 47 18 eller
1354 307 99 18 memorial
1494 320 63 18 völsér

1057 344 17 25 Ss
1115 340 40 24 lå:

1062 373 17 11 &
1115 365 36 27 lag
1288 366 58 24 gr
1443 375 17 19 2
1544 376 17 19 zol
1590 374 68 18 Första
1662 367 23 35 |
1693 375 64 18 Andra

1062 387 11 10 ä
1115 383 35 40 28
1176 384 34 17 SE
1288 391 17 33 2
1329 390 18 31 å
1381 380 18 44 Zz
1442 395 18 25 -
1496 385 17 28 4
1544 396 17 25 &
1560 392 13 33 |
1587 398 70 18 kamm.
1657 392 26 33 |
1688 399 70 18 kamm.

190 467 9 16 8
217 462 42 20 Till
279 464 162 26 resestipendier
459 465 22 20 åt
500 465 66 20 lärare
582 465 36 21 vid
634 466 199 21 statsunderstödda
848 467 177 27 handelsgymna-
1041 467 56 21 1930]
1114 468 41 21 1:8
1293 469 12 20 6)
1335 469 10 21 11!
1398 470 69 21 817518
1486 470 74 21 Als7)
1592 470 67 21 18:71
1660 465 14 36 1
1693 472 67 21 19:84

231 493 42 20 sier
292 494 84 20 anvisas
394 494 33 20 för
446 494 125 27 budgetåret
589 495 124 28 1930/1931
731 498 30 18 ett
777 498 60 19 extra
851 497 174 21 reservationsan-
1105 504 58 22 p.238

232 522 45 27 slag
293 530 25 13 av
336 523 64 21 1000
416 524 30 20 kr.

189 587 9 15 9
217 582 74 21 Såsom
308 583 74 26 bidrag
398 584 33 20 till
447 585 172 21 internationella
630 586 118 21 statistiska
758 586 118 21 institutets
887 589 139 24 permanenta
1028 578 15 39 |
1064 595 8 11 >»
1113 588 41 21 |1:7
1292 589 12 20 6)
1334 588 11 21 1!
1398 589 11 21 ?1|
1442 590 117 21 48l7Al16]
1590 591 54 20 28:38
1653 584 29 37 |
1691 591 68 21 29:13

232 612 52 27 byrå
299 613 7 20 i
322 614 61 25 Haag
398 615 84 20 anvisas
497 615 34 20 för
547 615 124 26 budgetåret
688 614 126 30 1930/1931
831 618 31 19 ett
877 618 60 19 extra
953 617 73 26 anslag
1110 624 45 22 p.34

231 649 26 14 av
275 642 64 22 1500
355 643 31 21 kr.

243 677 23 18 Se
279 678 35 17 ock
327 678 177 24 Amerikalinjen,
523 680 105 22 Svenska,
648 680 163 23 Handelsavtal,
830 681 195 22 Handelskamrar,

254 701 61 19 Lots-
333 703 40 18 och
389 703 114 22 fyrväsen,
518 704 226 23 Navigationsskolor,
757 705 215 23 Rederilånefonden,
987 706 38 18 Re-

254 726 164 23 derinäringen,
431 727 174 23 Resestipendier
617 729 59 21 (1921:
685 729 34 23 14),
731 729 191 23 Sjökarteverket,
932 730 93 23 Skepps-

254 750 200 23 hypotekskassan,
461 752 106 22 Svenska,
574 753 272 23 Utrikesdeparteméntet,
856 754 169 23 Utställningar,

254 770 136 27 Ägghandel.

184 838 111 23 Handeln
310 840 54 22 med
382 840 106 22 kvinnor
502 841 46 22 och
564 841 71 30 barn;
651 850 22 14 se
695 843 51 21 Vita
761 843 151 22 slavhandeln.

184 910 245 27 Handelsattachéer;
438 920 21 14 se
466 913 176 28 Beskickningar
650 914 36 22 och
693 915 100 21 konsulat
800 915 71 27 (1921:
881 921 20 18 9;
912 915 63 21 1922:
987 921 36 19 12;

231 942 64 21 1923:
316 948 31 19 12,
367 948 34 20 13;
435 944 63 20 1924:
519 949 31 20 11,
570 949 35 20 12;
638 944 64 22 -1925:
721 950 20 20 9;
770 945 64 21 1926:
853 951 36 19 10;
918 945 64 21 1927:
1002 951 21 19 7;

231 972 63 21 1928:
314 978 35 19 10;
367 973 63 21 1929:
450 979 21 19 6;
490 974 63 21 1930:
573 974 26 28 8).

214 1074 38 20 RED
276 1074 69 21 avslår
369 1081 59 20 prop.
453 1081 47 20 ang.
524 1075 156 26 godkännande
699 1083 25 14 av
741 1078 30 19 ett
786 1076 80 21 mellan
883 1076 85 27 Sverige
984 1077 40 20 och
1039 1075 56 23 19221
1119 1077 26 21 96
1170 1077 133 21 |114/199'11]
1334 1077 10 20 11
1398 1078 9 20 1
1482 1079 42 20 208
1581 1080 34 20 41:
1626 1079 41 21 23d|
1691 1080 32 21 15:
1735 1080 25 20 2d

230 1104 106 26 Ryssland
352 1104 93 21 avslutet
461 1105 133 26 preliminärt
610 1106 63 20 avtal.
1689 1109 34 21 48:
1735 1109 26 21 1d

188 1174 7 15 1
215 1169 37 20 RD
276 1169 85 21 bifaller
384 1177 59 20 prop.
468 1177 46 20 ang.
532 1171 155 26 godkännande
703 1178 27 14 av
745 1178 27 14 en
788 1172 80 20 mellan
884 1171 84 27 Sverige
984 1172 40 20 och
1039 1171 57 22 /|1924]
1111 1173 42 21 200
1291 1172 53 21 db
1483 1174 40 20 104
1589 1175 67 20 27:11]
1689 1175 53 21 28:1

230 1199 94 21 Schweiz
341 1200 78 21 träffad
434 1201 129 26 provisorisk
579 1201 304 22 handelsöverenskommelse.

187 1263 10 15 2
215 1259 37 19 RD
269 1259 84 20 bifaller
369 1266 59 21 prop.
446 1267 47 19 ang.
510 1260 156 26 godkännande
682 1268 26 14 av
719 1263 30 19 ett
760 1261 80 21 mellan
851 1262 85 26 Sverige
947 1262 40 20 och
998 1261 26 21 de|
1062 1269 9 11 >»
1112 1263 40 20 1199
1291 1263 12 20 5
1382 1263 28 20 24
1483 1263 40 20 133
1589 1264 33 20 33:
1634 1264 26 20 2d
1661 1260 19 35 |
1683 1265 33 20 21:
1727 1265 26 20 od

230 1289 146 21 Socialistiska
392 1290 235 27 Sovjetrepublikernas
643 1291 71 20 Union
730 1291 94 21 avslutat
839 1291 154 21 handelsavtal.
1683 1294 33 21 31:
1728 1295 40 21 15d

189 1359 7 15 1
215 1354 37 20 RD
277 1354 85 21 bifaller
385 1362 59 20 prop.
464 1363 47 19 ang.
528 1356 156 26 godkännande
700 1363 26 14 av
741 1358 31 19 ett
788 1357 80 20 mellan
884 1357 85 26 Sverige
985 1358 39 20 och
1039 1355 56 23 1925]
1119 1358 27 20 14
1291 1357 53 22 ade
1498 1359 25 20 17
1603 1359 19 20 8:
1626 1354 10 37 2
1705 1360 39 21 9::6

230 1384 64 21 Polen
310 1385 94 21 avslutat
420 1386 96 20 handels-
533 1386 39 21 och
589 1386 151 27 sjöfartsavtal.

188 1448 10 15 2
216 1444 37 19 RD
269 1444 123 26 godkänner
408 1447 30 18 ett
453 1445 42 20 den
512 1445 27 20 18
555 1446 55 26 april
627 1445 56 21 1925
700 1446 79 20 mellan
791 1447 85 25 Sverige
887 1447 39 20 och
938 1447 86 26 Tjecko-|
1063 1454 9 10 >»
1111 1448 43 20 |224
1292 1447 116 21 TIO
1482 1448 40 21 197
1589 1448 33 21 31:
1633 1454 24 15 95
1659 1444 23 36 |
1690 1450 33 20 34:
1734 1455 25 15 28

231 1474 120 20 slovakiska
375 1475 136 26 Republiken
534 1475 93 21 avslutat
646 1476 96 20 handels-
759 1476 40 21 och
815 1476 144 27 sjöfartsavtal
975 1476 50 21 med

232 1503 129 21 tillhörande
377 1505 157 27 slutprotokoll.

189 1573 9 15 3
217 1569 37 20 RD
272 1569 123 26 godkänner
410 1572 31 19 ett
457 1570 40 20 den
514 1570 14 20 4
544 1571 44 26 maj
607 1570 56 21 1925
679 1571 80 20 mellan
776 1572 84 25 Sverige
876 1572 39 20 och
932 1571 93 27 Spanien|
1064 1579 8 11 »
1112 1572 42 21 1229
1292 1572 117 21 sl-08
1483 1573 40 20 198)
1545 1582 4 4 +
1555 1569 23 36 |
1590 1573 68 21 31:95
1659 1569 18 36 |
1684 1575 33 20 34:
1728 1575 42 20 28d

232 1599 93 20 avslutat
340 1600 149 21 handelsavtal
505 1600 49 21 med
570 1600 129 21 tillhörande
715 1601 157 26 slutprotokoll.

190 1663 7 15 1
216 1659 37 19 RD
278 1659 84 20 bifaller
385 1666 59 20 prop.
469 1667 47 19 ang.
533 1660 156 26 godkännande
705 1667 26 14 av
747 1667 26 14 en
789 1661 80 20 mellan
886 1661 84 26 Sverige
986 1661 39 20 och
1042 1659 55 23 1926]
1119 1662 28 20 84
1292 1662 12 20 5
1384 1662 26 20 14
1497 1662 26 20 9
1591 1663 53 21 17:3
1657 1659 22 35 |
1692 1664 68 21 16:65

232 1688 58 21 Siam
306 1689 99 21 avslutad
421 1690 120 26 vänskaps-,
558 1690 97 21 handels-
671 1690 40 20 och
727 1691 172 26 sjöfartstraktat.
1546 1698 3 2 :

189 1753 9 15 2
216 1748 37 20 RD
270 1748 109 21 meddelar
395 1749 36 20 det
442 1756 26 14 av
478 1750 62 20 KM:t
550 1750 78 20 äskade
639 1750 166 26 godkännandet
815 1757 26 14 av
852 1750 41 21 den
905 1751 49 20 med
966 1757 58 20 prop.
1026 1744 20 37 |
1064 1758 8 11 »
1113 1751 41 20 1223
1293 1751 10 20 G
1382 1752 28 20 45
1483 1752 41 20 276)
1542 1748 18 35 —
1576 1753 91 20 138:102d]
1690 1754 34 20 40:
1736 1753 26 21 1d

232 1785 24 13 nr
270 1778 42 20 223
324 1779 151 20 överlämnade
486 1779 96 21 handels-
594 1780 40 20 och
645 1780 194 27 sjöfartstraktaten
850 1780 80 21 mellan
942 1781 84 25 Sverige

231 1808 39 20 och
290 1808 71 26 Tyska
379 1809 55 20 riket
453 1809 50 20 med
518 1809 34 21 till
568 1809 126 21 densamma
710 1810 94 21 hörande
819 1810 150 27 slutprotokoll
986 1811 39 20 och

231 1838 87 20 särskilt
333 1839 107 25 protokoll
456 1839 90 21 rörande
561 1840 57 20 vissa
633 1846 135 20 varuprover.

190 1908 6 15 1
216 1903 37 20 RD
277 1904 85 20 bifaller
387 1911 59 20 prop.
466 1911 47 20 ang.
529 1905 156 26 godkännande
701 1912 26 14 av
744 1907 30 19 ett
789 1905 80 21 mellan
885 1906 85 26 Sverige
986 1906 39 20 och
1041 1904 56 22 1927]
1120 1906 24 20 21
1293 1906 11 20 7
1399 1907 12 19 3
1499 1907 25 20 17
1606 1908 38 20 54
1707 1909 18 20 5:
1736 1914 9 14 5

232 1933 109 20 Grekland
357 1934 93 21 avslutat
465 1934 155 22 handelsavtal.

188 1997 9 15 2
216 1992 37 20 RD
269 1993 86 20 bifaller
371 2000 58 20 prop.
447 2001 47 19 ang.
506 1994 156 26 godkännande
673 2001 26 14 av
710 1996 77 19 tvenne
799 1995 79 20 mellan
890 1995 85 26 Sverige
986 1995 39 20 och
1027 1988 20 38 |
1063 2003 8 10 »
1113 1995 41 20 1229
1294 1995 10 20 7
1384 1996 27 19 38
1485 1996 39 21 151
1591 1997 54 20 23:8.
1659 1993 23 36 |
1692 1998 69 20 24:60

231 2022 109 21 Danmark
364 2023 119 26 respektive
507 2024 85 26 Sverige
612 2024 39 20 och
668 2024 68 26 Norge
752 2024 111 22 avslutade
878 2025 146 21 överenskom-

232 2052 77 20 melser
324 2059 47 20 ang.
388 2053 190 21 handelsresandes
595 2054 136 26 behandling.
