1843 2357
161 151 41 21 172
897 157 136 15 SAKREGISTER

178 434 166 28 Avsöndringar
360 442 26 14 m.
403 441 26 15 m.

164 470 24 15 41
206 465 37 20 RD
260 465 114 26 medgiver,
391 467 32 19 att
437 465 48 27 fyra
496 466 7 19 i
514 464 232 27 statsrådsprotokollet
761 464 144 21 omförmälda
916 464 49 21 med
976 465 40 20 litt.

221 496 20 24 b,
259 502 17 18 c,
293 495 14 21 d
323 496 39 20 och
379 502 11 14 e
406 495 130 21 betecknade
559 495 64 20 lotter
645 502 27 13 av
690 494 200 26 kronoegendomen
908 495 10 19 1
936 495 82 20 mantal

221 525 62 27 Hoga
306 532 26 13 nr
349 525 10 20 1
377 526 7 19 i
401 525 120 27 Stenkyrka
544 525 77 20 socken
643 526 37 19 må
698 531 37 14 var
750 525 33 20 för
799 525 31 25 sig
845 524 50 21 med
911 525 7 20 i
934 531 84 14 samma

221 556 107 26 protokoll
344 556 86 25 angivet
445 555 87 21 område
547 555 106 27 försäljas,
664 555 91 20 lotterna
766 555 41 20 litt.
820 555 13 19 b
844 555 39 20 och
895 561 11 14 e
917 555 34 20 till
962 561 53 20 resp.

222 585 120 27 Stenkyrka
358 586 105 20 kommun
480 586 40 20 och
535 585 126 27 ingenjören
676 585 25 20 N.
718 584 125 21 Nordström
860 587 56 18 samt
926 585 91 20 lotterna

221 615 40 21 litt.
276 622 11 14 c
303 616 40 20 och
359 615 14 21 d
388 616 8 20 i
412 616 94 25 enlighet
521 615 50 20 med
587 615 98 26 gällande
701 615 92 26 grunder
808 615 32 20 för
851 615 131 26 upplåtande
991 622 26 13 av

222 646 239 26 egnahemslägenheter
476 646 48 20 från
540 645 202 26 kronoegendomar,
760 645 49 20 med
823 645 105 20 förbehåll
938 645 33 20 för
982 645 34 20 kö-

222 682 49 20 pare
288 683 26 13 av
330 676 67 20 lotten
413 675 41 21 litt.
471 682 11 13 c
498 682 35 14 om
549 677 42 19 rätt
606 675 33 20 till
655 677 40 24 väg
710 677 50 18 över
776 675 66 20 lotten
858 675 41 20 litt.
916 675 20 20 d.

191 735 63 20 Inom
270 729 117 33 Älvsborgs
402 735 47 20 län:

163 770 25 15 42
205 765 39 20 RD
263 765 115 26 medgiver,
403 767 32 18 att
458 767 31 18 ett
504 765 8 20 i
530 764 232 27 statsrådsprotokollet
785 764 124 20 omförmält
929 764 87 20 område

220 802 36 13 om
273 795 79 21 0.1722
371 795 75 20 hektar
462 801 26 14 av
504 801 25 14 en
549 795 149 26 kronoparken
714 794 74 20 Veden
804 795 7 19 i
828 794 94 21 Fristads
938 794 78 20 socken

220 825 83 26 tillagd,
320 825 49 20 med
386 825 40 20 litt.
443 825 28 20 H.
488 824 119 21 betecknad
622 824 80 26 ägolott
717 831 27 14 av
759 821 115 29 Älvsborgs
886 826 130 24 regementes

220 855 152 20 förutvarande
387 855 126 26 mötesplats
528 854 95 21 Fristads
640 854 41 20 hed
697 855 36 19 må
749 854 33 20 till
798 854 94 20 Fristads
908 855 107 20 missions-

220 885 98 26 förening
334 885 98 26 försäljas
448 885 33 20 för
497 891 26 14 en
539 884 144 27 köpeskilling
698 891 26 13 av
741 884 42 20 600
800 884 30 20 kr.

162 955 25 16 43
205 951 38 20 RD
260 951 115 26 medgiver,
392 950 45 21 dels
451 952 32 18 att
493 952 31 18 ett
534 951 7 19 i
552 950 232 26 statsrådsprotokollet
795 950 124 20 omförmält
929 950 87 20 område

220 988 27 13 av
262 980 224 27 kronoegendomarna
504 980 120 21 Forsbacka
642 987 25 13 nr
684 980 11 20 1
712 980 40 20 och
768 980 103 26 Kallskog
887 987 25 13 nr
930 980 9 20 1
957 980 7 20 i
980 980 35 20 Mo

220 1011 77 20 socken
322 1011 50 20 med
395 1011 26 20 de
444 1011 59 19 inom
527 1010 120 20 detsamma
662 1010 105 26 liggande,
784 1010 46 20 dels
845 1010 69 20 under
929 1010 86 20 domän-

220 1041 115 26 styrelsens
351 1041 46 19 dels
413 1041 39 19 ock
468 1040 68 20 under
547 1040 239 26 vattenfallsstyrelsens
796 1040 131 25 förvaltning
938 1040 78 20 ställda

220 1070 113 21 vattenfall
349 1070 50 20 med
414 1070 69 20 utmål
499 1071 36 19 må
551 1070 33 20 till
600 1064 75 26 Åmåls
691 1069 48 20 stad
754 1069 99 27 försäljas
869 1071 45 18 mot
928 1076 26 13 en
965 1069 50 20 kon-

220 1102 47 18 tant
290 1100 33 20 till
347 1100 152 27 länsstyrelsen
514 1100 8 20 i
537 1100 59 20 länet
614 1100 35 20 vid
666 1099 104 20 tillträdet
785 1099 71 26 erlagd
872 1099 144 27 köpeskilling

220 1137 26 13 av
264 1130 40 20 141
316 1130 42 20 600
375 1130 30 20 kr.
423 1132 57 18 samt
495 1130 68 19 under
578 1130 57 20 vissa
650 1129 84 25 villkor,
751 1129 45 20 dels
812 1129 39 21 ock
865 1131 31 18 att
909 1129 61 20 KM:t
981 1130 35 19 må

221 1160 132 20 beträffande
370 1159 135 27 köpeavtalet
521 1161 49 24 göra
586 1159 40 20 den
642 1159 120 27 jämkning,
779 1166 46 13 som
841 1159 117 20 eventuellt
974 1159 42 20 kan

221 1190 96 20 befinnas
341 1190 51 19 böra
415 1189 37 20 ske
467 1189 34 20 för
516 1189 119 20 beredande
652 1196 26 13 av
694 1189 68 26 skälig
778 1189 117 26 ersättning
910 1190 23 19 åt
948 1196 67 13 arren-

220 1219 76 20 datorn
316 1226 26 14 av
358 1219 121 20 Forsbacka
493 1219 58 26 gård,
568 1219 82 20 Linnea
665 1219 127 24 Johansson,
808 1219 34 19 för
858 1225 25 14 en
900 1219 12 20 å
927 1218 89 21 berörda

220 1249 51 26 gård
288 1249 95 26 belägen,
400 1249 69 20 henne
485 1249 96 25 tillhörig
596 1248 272 26 elektricitetsanläggning.

162 1313 25 16 44
205 1309 37 20 RD
266 1309 114 25 medgiver,
403 1309 46 19 dels
471 1310 33 18 att
525 1308 47 20 från
596 1308 41 20 den
656 1308 35 19 del
707 1315 25 13 av
749 1308 124 20 hemmanet
890 1307 26 27 5/g
934 1308 82 20 mantal

220 1339 77 20 Västra
319 1338 33 21 Ed
376 1345 26 13 nr
418 1339 12 19 2
447 1339 7 19 i
470 1338 104 20 Dals-Eds
597 1338 84 24 socken,
701 1344 46 14 som
766 1338 83 20 beröres
865 1345 26 13 av
907 1337 41 20 den
964 1340 52 18 utav

219 1368 62 20 KM:t
303 1368 41 21 den
369 1368 26 20 12
413 1370 52 24 sept.
484 1367 55 20 1921
562 1367 122 21 fastställda
703 1367 137 27 stadsplanen
856 1368 33 19 för
904 1368 53 20 visst
972 1374 43 14 om-

220 1398 50 20 råde
292 1405 26 13 av
336 1398 96 20 nämnda
447 1398 102 20 hemman
565 1398 67 26 jämte
649 1397 146 26 angränsande
812 1397 60 20 mark
888 1398 7 19 i
911 1397 104 21 Dals-Eds

220 1428 78 21 socken
314 1435 28 13 m.
360 1435 36 17 m.,
413 1430 78 18 tomter
506 1428 33 20 för
555 1427 138 27 bebyggande
709 1428 36 19 må
755 1427 100 27 upplåtas
866 1427 50 20 med
927 1427 88 25 ägande-

220 1460 42 18 rätt
278 1458 51 20 eller
344 1460 98 18 tomträtt
457 1458 68 20 under
541 1458 56 19 vissa
613 1458 92 25 angivna
720 1457 83 23 villkor,
821 1457 45 20 dels
882 1457 39 20 ock
938 1459 31 18 att
980 1457 36 20 det

220 1488 86 20 område
330 1495 26 13 av
380 1488 192 20 kronohemmanet
591 1486 26 28 ?/s
637 1487 82 20 mantal
736 1488 76 19 Västra
827 1487 39 25 Ed,
884 1494 46 14 som
946 1488 13 19 å
975 1487 41 20 den

221 1518 33 20 till
270 1518 138 26 stadsplanen
424 1517 94 21 hörande
534 1517 75 20 kartan
625 1517 92 26 angivits
731 1518 69 19 såsom
812 1519 55 18 tomt
878 1524 26 13 nr
915 1517 11 19 2
938 1517 7 20 i
956 1517 59 20 kvar-

220 1550 54 18 teret
293 1555 24 13 nr
335 1548 25 20 10
378 1555 18 17 a,
416 1549 36 19 må
467 1550 46 17 mot
528 1547 99 26 vederlag
643 1554 26 13 av
685 1547 41 20 den
743 1548 12 19 å
771 1554 25 13 en
813 1554 26 13 av
856 1548 21 20 F.
894 1547 122 26 Lilljekvist

220 1579 23 19 år
261 1577 56 21 1916
333 1578 116 26 upprättad
465 1578 60 20 karta
541 1577 49 20 med
607 1579 18 18 A
641 1577 39 20 och
696 1577 39 20 röd
751 1577 46 26 färg
810 1577 136 24 betecknade,
958 1577 58 20 intill

220 1608 39 20 och
283 1610 58 18 strax
364 1615 49 13 norr
432 1614 35 13 om
483 1608 107 19 kvarteret
607 1607 26 20 10
650 1614 12 13 a
679 1607 88 26 belägna
783 1607 62 20 delen
861 1614 25 13 av
903 1607 113 20 Dalslands

220 1638 221 26 järnvägsaktiebolag
456 1637 95 25 tillhörig
568 1637 60 20 mark
644 1637 104 20 överlåtas
759 1637 33 19 till
804 1637 94 20 nämnda
909 1637 106 26 järnvägs-

221 1667 125 26 aktiebolag.

163 1732 24 15 45
205 1727 37 20 RD
258 1727 109 25 medgiver
382 1726 127 27 försäljning
525 1733 26 13 av
567 1726 93 20 kronans
676 1726 63 20 andel
755 1726 32 20 för
804 1724 26 29 1/5
848 1726 81 20 mantal
940 1726 75 26 Uggle-

220 1756 63 21 dalen
298 1757 8 20 i
322 1757 77 20 Västra
414 1757 110 19 Tunhems
540 1756 212 26 sockenallmänning
767 1756 146 20 Nordkroken.

190 1816 62 20 Inom
270 1815 135 28 Skaraborgs
421 1816 35 20 län

163 1851 24 15 46
205 1846 38 20 RD
262 1846 109 26 medgiver
389 1846 127 26 försäljning
532 1852 26 14 av
574 1852 26 13 en
616 1846 8 19 i
639 1845 232 26 statsrådsprotokollet
886 1845 129 20 omförmäld

220 1876 99 26 lägenhet
342 1876 82 26 Nytorp
448 1882 35 14 om
508 1875 77 21 0.4790
610 1875 76 20 hektar
704 1875 47 20 från
771 1875 199 26 kronoegendomen
987 1873 27 30 2/,

220 1906 81 20 mantal
318 1906 85 20 Kedum
420 1912 25 13 nr
461 1906 13 19 4
490 1905 149 26 Raggegården
655 1906 8 19 i
679 1905 67 20 Södra
762 1905 97 20 Kedums
875 1905 84 20 socken.

162 1970 25 16 47
201 1965 39 21 RD
256 1965 114 26 medgiver,
388 1967 31 18 att
434 1965 36 20 det
486 1965 33 20 till
535 1965 92 20 vakanta
643 1967 61 18 roten
719 1972 25 13 nr
756 1964 41 21 157
809 1964 36 21 vid
860 1965 86 20 Vadsbo
957 1964 58 20 kom-

220 1996 51 26 pani
294 2002 27 13 av
344 1995 130 26 Skaraborgs
496 1996 121 25 regemente
636 1995 94 20 hörande
749 1994 151 27 soldattorpets
915 1994 48 27 jord
980 1995 35 19 må

220 2025 33 20 till
277 2025 142 21 skomakaren
442 2025 25 20 O.
484 2025 25 20 V.
526 2025 121 26 Björklund
665 2025 99 26 försäljas
782 2025 33 20 för
830 2031 27 14 en
872 2024 144 26 köpeskilling

220 2062 26 14 av
264 2055 64 20 1000
345 2055 31 20 kr.

1107 219 40 34 FÅ,
1489 225 53 17 Riks-

1053 249 17 26 3
1107 248 35 39 208
1207 273 4 3 z
1310 239 106 42 jUtskotte:
1479 255 73 21 dagens
1609 255 118 17 Kamrarnas

1053 280 17 26 RE
1131 286 17 27 =
1153 269 107 30 Motioner
1298 273 72 47 SU
1438 303 6 16 i
1493 285 22 16 Hi
1594 284 146 22 förhandlingar

1053 310 17 27 2
1107 308 41 31 TER
1287 308 46 12 eller
1346 308 91 12 memorial
1448 297 26 39 |
1485 314 63 18 velser

1049 341 15 24 3
1107 337 39 29 låg
1280 362 17 12 =

1322 368 16 16 >
1435 370 17 19 2
1512 364 19 29 |
1536 370 17 18 el
1582 368 68 17 Första
1664 370 2 2 |
1684 368 65 17 Andra

1054 385 11 9 =
1107 379 36 40 25
1220 381 34 16 SS
1280 376 17 44 ä
1321 387 18 30 å
1375 380 17 27 Z
1435 390 17 24 5
1492 376 9 43 Zz
1536 391 17 24 :
1579 383 71 46 kamm.
1664 387 2 38 |
1682 392 70 17 kamm.

1032 464 56 21 19251
1105 465 41 20 206
1271 465 26 20 10
1376 465 26 21 66
1407 461 14 35 |
1450 465 67 21 91259)
1542 470 9 15 6]
1583 465 68 20 32:51
1677 465 84 20 134:168

1102 500 47 23 p-12

1112 764 25 20 bål
1270 765 26 21 10
1390 765 12 20 21
1449 770 10 15 sl
1490 764 27 20 58|
1542 769 9 15 så
1583 764 53 20 10:4
1645 760 30 34 |
1685 764 54 20 11:9

1107 799 35 23 p.8

1054 957 9 11 >
1081 946 23 34 |
1110 950 27 20 57
1215 950 81 21 281110
1375 950 26 20 31)
1451 949 101 22 1illl3lis]
1583 950 69 20 22:17)
1685 949 70 20 25:50

1107 985 35 22 p.3

1054 1315 8 10 >
1103 1307 41 20 1206
1214 1307 81 20 394110
1374 1307 27 20 661
1450 1307 69 20 9259]
1544 1312 9 14 61
1584 1307 68 20 32:51
1658 1302 46 35 134:
1715 1306 49 20 168d

1089 1338 56 31 p.18
1210 1342 1 23 I

1209 1368 1 23 |
1412 1366 2 30 |

1209 1394 1 3 I
1413 1397 1 9 I

1412 1425 2 10 I

1209 1457 2 13 I
1412 1461 2 14 I

1209 1489 2 5 |
1412 1483 2 36 |

1209 1520 2 12 |
1412 1520 2 9 I

1209 1599 2 27 |

1209 1629 2 17 I

1209 1648 2 48 |

1054 1733 8 11 >
1103 1725 41 20 1206
1209 1728 2 21 I
1269 1724 27 20 10
1375 1724 27 20 66
1402 1719 23 34 |
1435 1724 82 21 111259)
1543 1728 9 16 7]
1582 1723 69 21 32:51
1677 1724 84 21 |34:169

1100 1760 47 22 p.14
1209 1750 2 41 |

1209 1792 2 23 |

1054 1852 8 11 >
1075 1840 26 34 |
1110 1844 27 20 28
1209 1816 2 65 |
1270 1843 26 20 10
1390 1843 11 20 7)
1449 1848 9 16 4)
1490 1843 26 20 60
1583 1843 32 20 14:
1627 1848 24 15 18
1653 1839 23 35 |
1685 1839 32 35 16:
1729 1848 24 15 28

1106 1878 34 23 p.3
1209 1882 2 49 |

1053 1972 9 10 >»
1078 1960 22 34 |
1110 1964 27 20 28
1209 1943 2 46 |
1269 1963 26 20 10
1390 1963 11 20 71
1449 1967 9 16 4)
1490 1962 26 21 60
1583 1962 68 21 14:13
1653 1958 23 35 |
1685 1963 32 20 16:
1728 1967 25 16 28

1106 1999 34 22 p.4
1209 1990 2 36 |

1210 2027 1 14 |

1209 2049 2 31 |
