1847 2360
163 153 42 21 182
895 160 136 15 SAKREGISTER

1494 228 53 18 Riks-

1484 255 72 30 dagens
1614 259 119 17 Kamrarnas

1488 284 56 31 skri-
1599 288 146 23 förhandlingar

1490 318 64 18 velser

1328 247 93 17 Utskotts-

1156 272 108 32 Motioner
1314 277 114 17 utlåtanden

1291 307 47 17 eller
1351 307 99 17 memorial

1053 252 22 145 1883epsArA

1588 373 68 17 Första
1659 369 24 31 |
1689 373 66 17 Andra

1584 397 71 17 kamm.
1657 393 24 31 |
1686 397 71 17 kamm.

1111 342 18 61 19S[9A
1111 299 17 40 LYS
1111 240 17 47 Ia9

1130 369 17 55 "doad
1131 300 22 62 sy:len
1130 242 22 50 Bun

1172 384 34 17 FK
1208 379 12 32 |
1225 383 46 18 AK
1256 379 12 32 |

1326 372 17 49 "PAy

1380 384 17 17 AA

1380 402 11 9 FR

1284 366 18 58 Tues

1439 374 18 45 eps

1493 384 18 27 IN

1541 374 18 46 eps

184 437 168 28 Avsöndringar
366 444 27 14 m.
410 444 27 15 m.

229 468 70 20 Skene
315 468 123 26 Bockagård
454 475 25 13 nr
496 468 12 20 8
524 469 7 19 i
548 464 58 31 Örby
622 468 77 20 socken
710 468 40 20 och
762 468 49 20 med
822 468 148 20 tillträdesrätt
981 467 41 20 den
1039 469 54 20 |1926

230 498 27 20 14
281 505 57 14 mars
363 498 55 20 1927
441 498 100 27 försäljas
559 498 50 20 med
625 498 149 21 hembudsrätt
789 498 33 21 för
837 499 64 19 Anna
916 498 107 20 Svensson

229 530 57 19 samt
308 528 68 20 under
399 528 106 20 förbehåll
528 528 46 20 dels
593 530 32 19 att
640 528 7 20 i
663 528 65 27 köpet
742 528 47 21 icke
804 529 50 25 ingå
869 529 12 19 å
897 527 126 27 lägenheten

229 558 111 26 befintliga
362 558 82 20 kronan
468 559 19 26 ej
507 558 108 26 tillhöriga
634 558 127 27 byggnader,
778 558 46 21 dels
839 558 40 21 ock
895 560 31 18 att
941 558 82 19 kronan

229 588 108 26 medgives
353 590 42 18 rätt
410 588 34 20 till
460 588 118 26 utfartsväg
593 590 50 18 över
658 588 133 26 lägenheten.

199 655 62 19 Inom
279 653 136 27 Skaraborgs
430 654 45 20 län:

171 689 25 16 39
214 684 38 20 RD
268 684 114 26 medgiver,
399 685 32 19 att
446 684 7 20 i
469 683 233 27 statsrådsprotokollet
717 683 144 21 omförmälda
873 683 151 26 lägenheterna]
1061 693 8 10 »
1079 679 27 35 |
1118 684 26 20 25
1277 684 26 21 10
1397 685 11 20 TI
1442 685 117 21 121:-65l14]
1590 685 55 21 6:13
1693 685 53 20 17:22

229 714 121 26 Hökaberg,
366 714 83 26 Nytorp
465 714 40 20 och
521 709 126 25 Åsabacken
662 715 36 19 må
714 720 37 14 var
766 714 33 20 för
815 714 31 26 sig
861 713 50 20 med
909 705 16 39 i
940 719 82 14 samma
1108 719 46 23 p.15

229 744 107 26 protokoll
352 744 86 25 angivet
453 743 87 21 område
555 744 48 20 från
619 744 201 26 kronoegendomen
830 743 92 26 Lundby
934 749 25 14 nr
970 743 19 24 2,
1002 743 20 24 6,

229 774 13 19 8
258 774 40 20 och
325 774 27 20 13
368 774 7 20 i
390 774 67 20 Norra
480 774 93 26 Lundby
596 774 76 20 socken
692 774 99 26 försäljas
807 773 50 21 med
873 773 150 20 hembudsrätt

228 804 33 20 för
277 804 24 20 O.
317 804 57 26 Lilja
389 804 34 20 till
438 803 127 26 lägenheten
581 798 126 26 Åsabacken
723 804 39 20 och
778 804 69 20 under
857 803 78 21 villkor
946 803 76 20 beträf-

228 833 65 21 fande
316 833 126 27 lägenheten
460 834 116 26 Hökaberg
592 835 31 18 att
638 834 7 20 i
661 834 65 26 köpet
741 834 46 20 icke
803 834 50 25 ingå
868 834 12 19 å
895 833 127 26 lägenheten

228 863 110 27 befintliga
361 864 131 20 soldatroten
514 864 109 26 tillhöriga
646 865 61 25 stuga
726 864 39 20 och
781 863 111 26 ladugård,
908 864 8 19 i
931 863 42 21 vad
989 863 32 20 de-

228 900 84 14 samma
334 893 46 21 icke
404 895 49 25 ägas
477 900 27 14 av
527 894 89 24 kronan,
639 896 59 18 samt
713 894 50 20 med
779 893 122 27 skyldighet
916 894 33 19 för
965 893 57 20 inne-

228 924 78 20 havare
329 930 27 14 av
378 923 152 27 lägenheterna
552 923 116 26 Hökaberg
690 924 40 20 och
746 924 90 27 Nytorp,
852 925 32 19 att
899 923 34 21 till
949 923 73 26 begag-

228 953 70 21 nande
314 954 70 20 såsom
400 956 40 24 väg
455 954 90 26 upplåta
560 953 45 21 dei
620 954 151 25 lägenheterna
786 953 104 27 ingående
903 954 33 19 för
946 953 77 20 sådant

227 983 101 21 ändamål
344 984 92 20 avsedda
452 983 109 21 områden.

170 1054 25 16 40
213 1050 38 19 RD
274 1049 115 26 medgiver,
413 1051 32 18 att
467 1049 66 20 sedan
548 1049 200 26 kronoegendomen
765 1048 27 28 !/,
808 1049 83 20 mantal
907 1049 45 26 Bya
968 1056 25 12 nr
1008 1049 14 19 4|
1061 1058 8 10 »
1079 1044 28 36 |
1117 1051 27 19 25
1277 1050 26 20 10
1398 1051 11 19 71
1443 1051 116 20 1281-6515]
1590 1051 54 20 6:12"
1657 1047 22 34 |
1692 1051 54 19 7:22

227 1079 93 26 Bryngel
338 1079 61 20 Måns
416 1079 51 20 eller
482 1078 139 27 Bråtaregård
632 1079 7 19 i
650 1078 112 21 Skarstads
774 1079 77 20 socken
867 1078 63 21 blivit
945 1085 76 19 genom
1107 1085 46 22 p.16

228 1109 154 26 ägostyckning
396 1108 63 21 delad
469 1109 7 19 i
488 1109 35 19 två
534 1109 33 19 uti
577 1108 232 27 statsrådsprotokollet
819 1108 143 21 omförmälda
972 1108 50 20 med

227 1138 41 20 litt.
278 1139 19 19 A
304 1138 40 20 och
352 1138 17 20 B
376 1138 131 21 betecknade
516 1138 68 25 lotter,
592 1145 83 13 samma
683 1138 63 21 lotter
754 1139 36 20 må
800 1145 37 14 var
845 1139 32 19 för
885 1139 32 25 sig
924 1138 98 27 försäljas

228 1168 48 20 med
293 1168 150 20 hembudsrätt
458 1168 33 20 för
507 1169 25 19 A.
549 1168 106 20 Svensson
664 1168 33 20 till
711 1168 66 21 lotten
789 1168 41 20 litt.
842 1169 25 19 A.
879 1168 40 20 och
929 1168 34 20 för
973 1168 50 20 Lisa

227 1198 122 20 Andersson
368 1198 121 26 Blomqvist
504 1198 34 20 till
553 1198 68 20 lotten
636 1198 41 20 litt.
694 1198 18 20 B
727 1200 57 18 samt
799 1198 49 20 med
864 1197 106 21 förbehåll
986 1204 35 14 om

227 1229 42 19 rätt
284 1228 34 20 för
332 1227 66 21 Halla
417 1228 115 20 elektriska
547 1228 247 26 distributionsförening
809 1234 21 14 u.
847 1235 21 19 p.
885 1235 17 13 a.
920 1229 32 19 att
966 1228 56 20 hava

227 1257 115 21 elektriska
357 1257 112 26 ledningar
484 1257 137 26 framdragna
636 1259 50 19 över
696 1258 92 20 lotterna
798 1258 40 20 och
849 1258 33 20 för
892 1258 27 20 K.
931 1257 90 21 Anders-

227 1294 37 13 son
284 1289 31 18 att
330 1287 69 21 under
414 1288 33 19 sin
463 1287 73 21 livstid
552 1287 80 21 kvarbo
648 1288 8 19 i
671 1287 42 21 den
729 1288 13 20 å
757 1288 67 20 lotten
839 1287 41 21 litt.
897 1288 19 19 A
932 1287 90 26 belägna

228 1317 130 26 backstugan
382 1317 40 20 och
442 1317 69 20 bruka
527 1317 72 20 därtill
614 1324 30 13 nu
660 1317 128 27 disponerad
803 1317 49 27 jord
867 1319 46 19 mot
929 1324 26 13 en
969 1317 53 26 årlig

227 1347 76 26 avgäld
318 1347 33 20 till
368 1347 78 20 lottens
461 1349 62 24 ägare
538 1354 27 14 av
582 1347 27 20 10
625 1347 31 20 kr.

169 1418 23 15 41
211 1413 38 20 RD
264 1412 109 27 medgiver
387 1412 129 27 försäljning
531 1420 26 13 av
572 1415 71 24 torpet
657 1409 75 30 Ängen
749 1413 51 20 eller
816 1413 145 26 Haghemmet
971 1413 50 20 med
1020 1405 15 38 |
1060 1422 8 11 »
1079 1405 25 38 |
1116 1414 27 20 25
1276 1414 26 21 10
1396 1415 11 20 (1
1441 1414 202 21 1321E05)15)0:12
1659 1409 30 36 1”
1691 1413 54 20 T:529

225 1443 8 20 i
249 1442 232 30 statsrådsprotokollet
504 1443 86 26 angivet
612 1443 99 30 område
722 1443 48 20 från
789 1443 198 26 kronoegendomen
1009 1443 10 20 1
1107 1448 45 23 p.17

226 1472 83 21 mantal
324 1472 88 26 Älgarås
428 1480 25 13 nr
470 1473 12 19 2
499 1473 159 25 Mellangården
674 1473 7 20 i
697 1472 89 27 Älgarås
802 1473 83 20 socken.

168 1549 25 15 42
211 1544 38 20 RD
273 1544 115 26 medgiver,
412 1546 32 18 att
467 1544 47 20 från
536 1544 200 26 kronoegendomen
757 1543 25 28 '/;
806 1544 81 20 mantal
903 1544 117 27 Brunstorp
1021 1539 14 36 |
1059 1553 9 11 »
1073 1539 32 36 |
1115 1545 27 20 25
1275 1546 25 20 10
1396 1546 68 20 T:)-121
1496 1546 62 20 65115]
1589 1545 55 21 6:12-]
1692 1545 53 20 1:22

226 1581 25 13 nr
267 1573 13 21 4
296 1574 91 25 Nolgård
405 1574 39 20 och
457 1574 28 26 !/,
497 1574 82 20 mantal
590 1574 118 26 Brunstorp
717 1581 25 13 nr
753 1574 12 19 5
777 1574 137 26 Millomgård
925 1574 7 20 i
943 1574 77 20 Värsås
1106 1579 46 23 p.18

227 1603 77 21 socken
326 1604 36 19 må
383 1604 98 26 försäljas
505 1604 46 20 dels
570 1604 75 20 skiftet
660 1604 157 25 Bergsmossen,
834 1604 46 20 dels
896 1604 39 20 ock
951 1604 69 26 lägen-

226 1634 64 20 heten
305 1633 118 27 Nybygget.

168 1703 25 16 43
211 1699 38 19 RD
272 1698 114 27 medgiver,
410 1700 32 19 att
458 1710 29 3 —
502 1698 66 21 sedan
584 1698 138 21 arrendatorn
735 1705 26 14 av
776 1699 199 26 kronoegendomen
992 1698 27 28 2/,
1021 1694 14 36 |
1059 1708 8 11 »
1109 1700 41 20 1135
1275 1701 26 20 10
1381 1701 27 20 251
1455 1701 67 20 s13l|
1549 1707 8 14 +)
1589 1700 69 21 21:38]
1691 1699 69 21 21:22

227 1728 82 21 mantal
331 1728 39 21 Flo
385 1735 26 13 nr
430 1728 12 20 6
459 1728 150 27 Garpegården
624 1729 8 19 i
645 1728 38 20 Flo
707 1728 77 21 socken
808 1729 22 20 CO.
848 1729 58 20 Strid
929 1729 91 20 medelst
1112 1735 33 22 p.9

226 1758 94 26 skriftlig
335 1758 104 26 handling
454 1758 112 20 förbundit
581 1759 32 25 sig
628 1760 32 18 att
675 1758 42 20 den
734 1758 27 20 14
777 1765 57 14 mars
851 1758 56 21 1927
925 1759 33 20 till
974 1759 46 20 kro-

226 1795 43 13 nan
284 1789 60 19 avstå
359 1789 33 20 sin
408 1788 157 27 nyttjanderätt
580 1788 34 20 till
630 1788 132 26 egendomen
778 1790 102 19 ävensom
893 1789 34 20 till
938 1789 82 20 kronan

225 1818 133 21 överlämnat
376 1818 80 20 honom
475 1818 109 26 tillhöriga
602 1818 7 20 i
628 1818 232 26 statsrådsprotokollet
878 1819 143 20 omförmälda

225 1848 42 20 hus
288 1848 40 21 och
347 1848 116 21 elektriska
478 1848 143 26 anordningar
636 1850 47 18 mot
698 1855 25 13 en
740 1848 131 21 lösesumma
887 1855 26 14 av
929 1849 91 26 tillhopa

225 1877 66 21 4330
307 1878 31 20 kr.
363 1890 29 2 —
415 1878 95 20 nämnda
532 1878 103 26 egendom
660 1879 36 19 må
714 1878 49 20 med
780 1878 91 21 sålunda
885 1878 79 21 inlösta
980 1879 40 20 hus

225 1908 40 20 och
287 1907 143 27 anordningar
453 1915 50 13 men
526 1908 50 20 med
599 1907 110 27 undantag
732 1914 26 14 av
774 1908 37 20 det
825 1909 8 19 i
848 1908 172 27 statsrådsproto-

225 1937 67 21 kollet
313 1938 144 20 omförmälda
480 1938 126 20 madskiftet
629 1938 99 26 försäljas
751 1938 101 26 antingen
872 1938 34 20 till
921 1939 99 20 bemälde

225 1967 58 20 Strid
299 1970 46 18 mot
358 1975 27 13 en
395 1968 142 26 köpesumma
548 1974 26 14 av
585 1968 27 20 25
623 1967 42 20 330
679 1968 30 20 kr.
723 1970 57 18 samt
790 1968 68 20 under
868 1969 57 20 vissa
936 1968 83 25 villkor,

225 1997 58 26 eller,
307 1997 71 21 därest
400 1997 140 21 förenämnde
556 1997 22 20 C.
596 1997 57 20 Strid
672 1997 46 20 icke
734 1997 105 27 begagnar
855 1998 31 26 sig
902 2005 26 14 av
944 1999 76 20 omför-

225 2027 72 20 mälda
313 2027 141 26 medgivande
470 2029 32 18 att
517 2028 98 20 förvärva
630 2027 161 26 ifrågavarande
807 2027 103 26 egendom
926 2028 50 20 med
990 2028 30 20 in-

224 2057 55 20 lösta
294 2057 41 20 hus
349 2057 39 20 och
400 2057 142 26 anordningar
552 2057 34 20 till
597 2057 56 20 åsatt
663 2057 118 25 saluvärde,
793 2058 13 19 å
816 2057 98 27 offentlig
924 2058 95 20 auktion.
