1821 2357
154 160 38 20 124
845 162 223 17 SAKREGISTER

1295 236 106 30 Utskotts-
1474 240 55 17 Riks-

1090 262 56 33 Kungl.|
1200 288 3 3 3
1282 263 128 33 utlåtanden,
1453 263 83 33 dagens
1595 258 118 33 SERmEATanR

1093 296 53 18 Maj:ts]
1158 288 92 16 Motioner]
1277 300 95 16 memorial
1384 300 44 16 eller
1492 283 22 37 ad
1585 287 142 22 förhandlingar

1038 319 26 20 År
1092 329 51 15 Iprop:r
1287 330 133 17 betänkanden
1462 326 68 31 velser
1611 317 87 21 (protsna)

1092 351 44 28 eller

1092 385 102 27 SEIVSRR
1211 397 36 16 AR
1268 383 16 52 3
1310 390 16 44 Z
1350 396 90 17 Nummer|
1456 397 91 16 Nummer
1585 384 54 40 rår
1684 384 56 40 ng

170 452 147 21 Automobiler.

174 484 10 18 9
199 482 42 20 RD
260 484 90 25 antager
367 482 80 27 förslag
464 482 33 21 till
514 482 35 27 lag
567 489 34 14 om
619 483 91 26 ändring
728 483 6 20 i
752 483 56 20 vissa
827 483 58 20 delar
902 490 28 14 av
947 484 62 26 lagen
1027 484 54 21 [19391
1099 485 39 20 189
1139 478 24 36 |
1167 498 26 2 —
1193 478 15 36 |
1213 486 41 20 2421
1275 486 12 20 9
1288 478 19 36 |
1318 486 8 20 1
1389 486 26 20 33
1482 486 40 20 417
1539 481 23 35 |
1571 486 34 20 39:
1616 488 25 18 29
1658 485 34 21 139:
1703 487 25 18 58
1739 485 13 21 dj

213 512 41 20 den
268 512 27 21 30
308 512 47 26 juni
371 512 52 20 1916
438 512 34 27 (nr
486 512 49 26 312)
549 518 48 21 ang.
612 513 139 26 ansvarighet
764 513 34 20 för
811 513 68 20 skada
893 513 7 20 i
913 513 54 27 följd
981 519 28 14 av
1213 516 41 20 354]

212 542 196 24 automobiltrafik,
421 542 35 27 lag
469 548 49 21 ang.
532 543 83 20 ändrad
628 543 81 26 lydelse
721 549 29 14 av
762 543 20 24 2,
796 543 12 20 3
822 543 40 20 och
876 543 23 20 11
914 544 20 25 $$
947 543 61 27 lagen

213 572 41 20 den
275 573 26 20 10
319 572 43 26 maj
385 572 52 20 1929
457 572 35 26 (nr
511 572 34 26 77)
565 579 35 14 om
619 573 190 26 trafikförsäkring
828 573 12 20 å
859 573 149 21 motorfordon

212 604 58 18 samt
286 602 126 27 förordning
429 602 49 20 med
495 602 57 21 vissa
569 603 163 20 bestämmelser
748 604 41 19 rör.
806 603 203 27 skadeståndsskyl-

212 632 102 27 digheten
329 632 34 21 för
377 632 71 21 förare
463 638 28 15 av
506 633 156 23 motorfordon,
678 633 166 26 motorredskap
860 633 39 21 och
914 633 95 21 traktor-

213 662 43 26 tåg,
272 668 46 14 som
333 662 86 20 tillhöra
434 662 50 20 eller
498 662 85 26 nyttjas
597 669 28 13 av
640 664 79 19 staten.
1339 653 2 27 |

174 754 8 17 1
199 752 42 19 RD
254 754 91 24 antager
356 752 80 26 förslag
448 752 33 20 till
493 752 126 26 förordning
631 758 49 20 ang.
693 753 83 20 ändrad
789 752 80 26 lydelse
882 759 27 14 av
923 752 31 26 1$
966 753 114 22 för-11939|
1111 754 27 20 241
1166 767 27 2 —I
1220 755 64 20 —H1/
1307 748 10 35 1
1391 756 25 19 10
1498 755 24 21 18
1586 755 41 20 8:8
1638 750 28 36 |
1673 754 54 21 815

213 781 118 27 ordningen
343 782 41 20 den
396 782 13 20 3
420 782 44 26 maj
479 782 52 20 1929
543 782 34 26 (nr
588 782 35 26 62)
636 788 35 14 om
682 782 92 20 särskild
786 783 61 19 skatt
858 783 12 20 å
881 782 76 21 bensin
969 783 39 20 och|
1040 784 18 21 U
1339 800 2 9 I

212 812 127 26 motorsprit
355 813 58 19 samt
428 811 95 21 besluter
541 812 83 20 ändrad
640 812 81 26 lydelse
737 818 28 14 av
781 818 25 14 nr
823 812 39 20 174
877 812 117 20 tulltaxan.
1339 811 2 31 I

173 879 10 17 2
198 877 42 20 RD
258 877 97 20 anmäler
372 877 57 20 vissa
446 877 119 27 erinringar
581 878 7 19 i
605 878 42 20 anl.
665 884 28 13 av
710 878 107 26 förslagen
834 878 33 20 till
883 878 126 26 förordning
1027 880 53 20 |1939|
1105 880 26 20 28
1136 873 23 36 |
1186 881 13 20 Al
1240 881 89 20 81/2
1391 881 24 20 18
1496 882 26 20 28
1534 876 28 36 |
1573 881 53 20 11:3
1637 880 55 21 dl11:
1704 882 24 18 14
1738 880 14 20 d

212 907 49 20 med
280 907 58 20 vissa
357 907 106 20 särskilda
482 907 134 20 föreskrifter
635 909 41 19 rör.
696 908 165 26 tillämpningen
881 914 28 14 av
928 909 81 19 motor-|
1040 910 18 20 U
1389 911 23 20 21
1573 911 32 20 14:
1617 913 9 18 1
1637 909 54 22 dl13:
1704 912 8 18 1
1719 905 10 36 d

212 937 242 26 fordonsförordningen
472 937 41 20 den
530 937 26 21 23
574 938 45 19 okt.
639 937 52 21 1936
708 937 35 27 (nr
759 937 49 26 561)
825 944 29 14 m.
863 944 37 17 m.,
917 938 33 20 till
966 938 43 20 för-
1339 936 2 21 |

212 967 92 26 ordning
317 972 49 21 ang.
381 967 93 26 ändring
487 967 7 20 i
508 967 57 20 vissa
580 967 59 20 delar
652 973 29 14 av
695 968 313 26 motorfordonsförordningen
1339 973 2 15 |

213 997 40 20 den
264 997 26 20 23
301 997 45 20 okt.
359 997 53 20 1936
423 997 34 26 (nr
466 997 50 26 561)
526 999 58 18 samt
593 997 33 20 till
636 997 125 26 förordning
771 1003 48 21 ang.
831 997 92 27 ändring
932 998 7 19 i
949 999 60 19 över-

211 1027 260 26 gångsbestämmelserna
492 1027 34 20 till
546 1027 153 27 förordningen
721 1027 41 20 den
784 1028 27 20 22
830 1027 48 27 juni
900 1027 52 21 1939
975 1028 34 26 (nr

212 1056 49 26 351)
276 1062 35 14 om
326 1056 92 26 ändring
431 1056 7 20 i
452 1057 57 19 vissa
524 1057 59 20 delar
597 1063 28 13 av
639 1057 314 26 motorfordonsförordningen
968 1057 40 20 den

212 1086 26 19 23
256 1086 45 20 okt.
320 1086 53 20 1936
390 1086 35 26 (nr
441 1086 56 26 561);
516 1086 39 20 och
572 1088 91 25 antager
679 1087 43 19 RD
739 1087 80 26 förslag
834 1087 34 20 till
884 1087 125 26 förordning

212 1121 48 20 ang.
275 1116 83 20 ändrad
372 1116 81 26 lydelse
466 1122 28 14 av
508 1116 13 20 2
535 1116 39 20 och
587 1116 13 20 5
613 1116 21 26 $$
647 1116 153 26 förordningen
814 1116 41 20 den
869 1117 13 19 2
894 1116 48 26 juni
957 1116 52 21 1922

212 1145 35 25 (nr
265 1145 50 26 260)
335 1152 35 13 om
389 1146 183 20 automobilskatt
590 1147 57 19 samt
665 1146 81 26 förslag
764 1146 33 20 till
816 1146 125 26 förordning
960 1147 49 20 med
1339 1160 2 6 I

212 1175 91 20 särskild
319 1175 111 20 föreskrift
445 1177 41 18 rör.
503 1175 164 27 tillämpningen
684 1182 28 14 av
728 1176 12 20 3
756 1176 9 25 $
781 1176 68 20 första
865 1177 87 25 stycket
966 1176 44 20 för-
1202 1163 2 27 |

212 1205 118 26 ordningen
344 1205 41 20 den
399 1205 13 20 2
424 1205 48 26 juni
487 1205 53 21 1922
553 1205 35 26 (nr
600 1205 50 26 260)
664 1211 35 14 om
713 1206 189 19 automobilskatt.
1202 1192 2 16 |

172 1272 11 17 3
198 1270 43 19 RD
258 1272 90 24 antager
364 1270 80 27 förslag
459 1270 33 21 till
508 1271 35 26 lag
558 1271 49 20 med
624 1271 57 20 vissa
697 1271 163 20 bestämmelser
875 1273 41 18 rör.
933 1271 147 22 trafik-|1939]
1105 1271 24 20 31
1140 1266 27 36 |
1166 1286 28 2 —!
1220 1274 65 19 —h1/
1316 1274 13 20 2
1392 1274 23 19 19
1496 1274 26 19 29
1541 1268 23 36 |
1574 1273 66 20 11:26
1660 1272 32 21 |11:
1703 1274 25 18 82

212 1300 122 26 försäkring
348 1300 12 20 å
375 1300 157 23 motorfordon,
547 1306 46 14 som
608 1301 86 26 nyttjas
708 1307 28 14 av
751 1302 78 22 staten,
845 1307 29 14 m.
883 1307 29 14 m.
1040 1303 19 19 U

173 1367 10 17 4
199 1365 41 20 RD
259 1365 127 26 godkänner
407 1366 116 26 ändringar
541 1366 6 20 i
566 1366 108 20 allmänna
693 1366 78 20 villkor
789 1366 40 20 och
848 1367 162 20 bestämmelser
1027 1368 53 20 |1939|
1105 1366 26 20 35
1136 1360 28 36 |
1187 1369 12 20 6
1220 1369 106 20 —hH1/1
1389 1369 26 20 29
1496 1369 26 20 50
1573 1368 119 21 -1-14::1-H3I:
1704 1367 35 21 1d

211 1395 34 20 för
260 1395 35 20 lån
310 1396 48 19 från
373 1396 130 20 lånefonden
518 1396 34 20 för
566 1396 67 26 inköp
648 1402 29 14 av
691 1398 176 25 gasgeneratorer
881 1396 33 20 för
928 1398 81 18 motor-|
1039 1398 19 20 U

212 1425 60 23 drift,
291 1425 55 20 dock
364 1425 49 20 med
427 1426 141 26 iakttagande
582 1427 35 19 att
630 1426 109 20 lånetiden
753 1426 122 20 utsträckes
888 1426 48 20 från
950 1426 12 21 5
976 1427 33 20 till

212 1455 12 19 6
236 1456 29 22 år;
279 1455 38 20 och
329 1455 88 20 anvisar
428 1456 42 19 RD
481 1456 34 20 till
525 1456 67 26 inköp
603 1462 29 14 av
642 1456 230 26 generatorgasdrivna
883 1456 126 26 jordbruks-
1340 1473 1 7 |

211 1485 110 20 traktorer
333 1486 12 19 å
358 1485 132 27 tilläggsstat
504 1486 8 20 I
525 1486 33 20 till
570 1486 118 20 riksstaten
701 1487 33 19 ett
746 1486 75 26 anslag
833 1492 28 14 av
875 1486 39 20 150
922 1486 41 20 000
976 1487 31 20 kr.

212 1515 27 25 (r)
255 1517 57 18 samt
327 1515 33 20 till
375 1515 129 21 lånefonden
518 1515 34 21 för
566 1515 67 27 inköp
648 1522 29 14 av
691 1517 176 25 gasgeneratorer
880 1516 34 20 för
928 1518 81 19 motor-

212 1544 53 20 drift
276 1545 12 19 å
300 1545 132 26 tilläggsstat
445 1545 8 20 I
464 1545 33 20 till
509 1545 117 20 riksstaten
638 1547 33 19 ett
682 1546 75 26 anslag
768 1552 28 14 av
807 1546 13 20 2
828 1545 41 21 000
877 1545 41 21 000
928 1546 33 20 kr.
973 1546 34 26 (r).

173 1612 10 17 5
199 1610 42 20 RD
255 1612 90 25 antager
361 1611 79 26 förslag
453 1611 33 20 till
499 1611 125 26 förordning
638 1617 35 14 om
687 1611 147 27 tilläggsskatt
846 1612 13 20 å
872 1611 82 24 bensin;
969 1612 39 20 och
1027 1613 54 20 [1939]
1104 1612 28 21 84
1135 1606 24 37 |
1173 1614 26 20 43|
1227 1614 58 21 581
1283 1606 20 37 |
1306 1606 15 37 1
1390 1614 27 20 72
1484 1614 39 21 103
1529 1609 37 36 |
1573 1613 55 21 27:7
1639 1613 76 20 dj27:3
1726 1613 14 20 d

212 1640 72 20 avslår
296 1640 43 20 RD
351 1641 80 26 förslag
443 1640 33 21 till
488 1640 126 27 förordning
627 1647 35 14 om
674 1642 62 19 extra
748 1641 148 27 tilläggsskatt
908 1641 12 20 å
934 1641 74 21 bensin
1009 1636 14 36 |
1040 1643 19 20 U
1227 1643 27 21 59

213 1670 39 19 och
268 1670 126 26 lättbentyl;
411 1670 40 20 och
467 1672 90 24 antager
573 1670 42 20 RD
631 1671 80 26 förslag
726 1671 33 20 till
774 1670 127 27 förordning
917 1677 35 14 om
967 1671 43 21 till-
1228 1673 26 20 62

212 1699 59 27 fällig
287 1700 61 20 skatt
364 1700 12 20 å
392 1700 83 24 bensin,
492 1706 46 14 som
554 1700 70 20 finnes
640 1700 6 20 i
662 1701 57 20 riket
735 1701 41 20 den
794 1700 9 20 1
821 1700 44 27 jan.
884 1700 53 21 1940
952 1703 58 18 samt

212 1729 80 26 förslag
301 1729 33 20 till
344 1730 126 26 förordning
481 1736 35 14 om
526 1730 148 26 tilläggsskatt
684 1731 12 19 å
707 1730 57 20 vissa
775 1730 33 20 för
819 1730 105 21 drivande
934 1737 28 14 av
973 1737 37 14 au-

212 1759 90 20 tomobil
317 1760 102 19 använda
435 1760 131 26 brännoljor.

172 1826 10 17 6
197 1824 55 26 Ang.
274 1825 259 27 lagringsmöjligheterna
557 1825 34 21 för
611 1826 75 20 bensin
707 1826 6 20 i
735 1826 75 20 landet
829 1827 59 19 samt
907 1832 49 21 ang.
978 1826 104 21 åt-|1939]

211 1855 77 25 gärder
298 1855 34 19 för
343 1855 81 26 ökning
434 1861 29 14 av
474 1855 196 24 bensintillförseln;
683 1862 21 14 se
717 1856 70 20 Enkla
794 1856 70 26 frågor
873 1856 62 26 (1939
945 1856 26 20 U:
984 1856 25 26 1).|]
1045 1857 19 20 U

173 1916 9 17 7
197 1914 55 26 Ang.
272 1914 133 27 vidtagande
423 1921 28 14 av
468 1915 102 26 åtgärder
587 1915 34 20 för
637 1915 163 27 nedbringande
818 1921 29 15 av
864 1916 147 20 kostnaderna
1026 1916 56 21 1939

212 1944 33 20 för
261 1945 120 26 uttagande
397 1951 25 14 ur
437 1945 100 26 registret
552 1945 39 20 hos
606 1945 178 26 länsstyrelserna
800 1951 29 14 av
844 1946 57 20 vissa
917 1947 81 19 motor-
1005 1940 29 37 |
1045 1946 19 20 U

212 1974 84 23 fordon;
313 1980 21 14 se
352 1974 70 21 Enkla
437 1974 70 27 frågor
522 1975 63 26 (1939
595 1975 27 20 U:
634 1975 26 26 3).

173 2035 10 17 8
199 2033 115 21 Huruvida
333 2034 237 27 polismyndigheterna
588 2034 6 20 i
612 2034 77 27 förväg
707 2035 150 20 underrättats
876 2041 35 15 om
928 2036 156 26 upphö-11939|

213 2063 66 20 rande
294 2070 28 13 av
336 2065 73 19 rätten
424 2065 35 19 att
473 2064 55 27 sälja
543 2064 82 24 bensin;
641 2070 21 14 se
678 2064 71 21 Enkla
762 2065 70 26 frågor
846 2065 63 26 (1939
918 2065 27 21 U:
957 2066 26 25 5).
1046 2066 20 20 U
1382 2066 7 2 j
