1856 2361
161 160 41 20 390
856 159 223 17 SAKREGISTER

1303 231 107 30 Utskotts-
1483 235 55 16 Riks-

1098 258 57 28 Kungl]
1208 283 3 4 I
1292 260 128 28 utlåtanden,
1476 265 69 20 dagens

1101 291 54 19 Maj:ts]
1167 283 92 17 Motioner]
1285 295 95 17 memorial
1393 295 44 16 eller
1487 295 45 16 skri-

1046 315 26 20 År
1101 324 51 15 [propir
1296 325 133 17 betänkanden
1480 325 59 16 velser

1108 351 36 14 eller

1093 377 63 28 skriv:r]
1168 391 34 16 FK
1220 391 34 17 |AK

1607 253 115 16 Kamrarnas

1594 282 140 20 förhandlingar

1620 312 87 21 (prot.nr)

1579 379 67 16 Första
1652 374 24 31 |
1682 378 65 17 Andra

1359 391 90 17 Nummer|
1466 391 88 16 Nummer
1579 403 69 16 kamm.
1653 388 23 35 |
1680 402 69 17 kamm.

1276 372 17 58 Saml.

1318 386 16 43 Avd

181 446 129 26 Ersättning.

183 478 10 17 2
209 476 41 20 RD
265 478 90 24 antager
368 475 79 27 förslag
460 476 33 20 till
507 476 34 26 lag
555 482 35 14 om
604 476 90 20 fortsatt
706 475 100 27 giltighet
819 481 28 14 av
861 475 61 27 lagen
937 475 40 20 den
992 475 97 25 2011940]
1114 480 26 21 86
1148 471 28 36 |
1175 492 28 2 —|
1229 492 28 2 —

222 506 45 20 okt.
282 506 53 20 1939
348 506 34 26 (nr
394 506 49 26 734)
456 506 48 20 med
518 505 104 21 särskilda
636 505 162 21 bestämmelser
809 510 49 21 ang.
871 505 107 26 gäldande
990 511 29 14 av

221 536 121 26 ersättning
356 536 67 26 enligt
437 535 273 27 fartygsuttagningslagen
725 541 28 14 m.
764 535 22 20 fl.
800 535 66 26 lagar.

1284 480 12 20 [lod

1369 480 24 20 14
1462 480 38 20 117
1569 480 53 21 18:2
1668 479 54 21 -120:3

181 598 10 17 3
206 595 41 21 Till
260 595 122 27 ersättning
394 596 33 19 till
440 596 157 19 kommunerna
610 595 33 20 för
656 595 80 20 mistad
749 595 126 20 kommunal
888 595 130 26 progressiv-
1036 599 53 21 11940]
1107 600 18 20 1:
1136 602 10 17 7]
1175 611 27 3 —|
1229 612 27 2 —I
1284 600 62 19 61—1|
1381 600 12 20 7
1408 602 45 18 s.25l
1489 600 11 20 7
1515 599 121 21 s.13120:10
1668 599 68 20 1|22:12

221 626 61 20 skatt
296 625 86 21 anvisas
397 627 33 18 ett
444 625 75 26 anslag
533 631 28 14 av
576 625 72 20 11735
657 625 40 20 000
712 625 31 20 kr.
1096 631 22 19 pt
1131 630 23 16 48]

181 688 10 17 4
207 685 42 20 RD
264 687 90 24 antager
368 685 79 26 förslag
460 685 33 20 till
507 685 125 27 förordning
646 691 35 14 om
695 685 121 26 ersättning
829 691 28 14 av
871 685 126 20 statsmedel
1011 685 78 24 i11940)
1107 689 38 21 105]
1175 701 27 2 —
1205 681 14 35 |
1228 701 28 2 —I
1283 689 13 20 91
1325 690 12 15 21
1368 690 25 19 14
1462 689 38 20 132
1567 689 55 20 21:8
1667 688 33 20 122:
1712 690 24 18 94

220 715 57 20 vissa
294 715 38 20 fall
347 715 34 20 för
396 715 67 20 skada
480 715 32 20 till
528 715 54 26 följd
598 721 28 14 av
643 715 118 26 olycksfall,
778 721 46 14 som
840 715 133 20 förorsakats
989 721 28 14 av

220 745 137 27 krigsåtgärd
375 747 57 18 samt
450 745 141 27 bemyndigar
609 745 63 20 KM:t
689 746 41 22 att,
748 745 6 20 i
772 745 94 26 enlighet
883 745 49 20 med
950 744 43 21 vad
1010 745 6 20 i

220 775 153 26 förordningen
391 775 95 26 stadgas,
504 775 75 26 utgiva
597 775 121 26 ersättning
734 775 34 20 för
785 774 119 27 olycksfall,
922 780 46 15 som
986 774 31 21 in-

221 805 77 20 träffat
314 805 65 20 innan
396 805 152 26 förordningen
564 806 57 19 trätt
635 805 6 19 i
658 805 65 20 kraft.

181 867 10 17 5
207 864 42 21 RD
264 865 117 26 medgiver,
397 866 35 19 att
446 865 33 20 till
493 864 133 21 rådmännen
642 865 6 20 i
664 864 67 27 Eksjö
746 864 21 21 J.
783 864 26 20 R.
826 864 28 20 K.
870 864 91 21 Larsson
977 865 40 20 och
1035 869 53 20 1940]
1112 869 27 20 95
1146 860 27 35 |
1174 881 28 3 —!
1228 881 28 2 —I
1283 868 12 20 6
1317 868 75 20 |—I1107
1459 868 40 21 204
1566 868 34 20 24:
1612 870 22 17 11
1667 868 33 20 126:
1704 860 13 33 8

220 894 21 21 J.
256 895 25 20 A.
296 895 24 20 L.
335 894 87 21 Aschan
436 895 35 20 må
485 894 26 21 fr.
522 900 18 15 o.
550 901 29 14 m.
594 895 41 20 den
650 895 48 26 dag,
714 895 27 19 då
755 894 111 21 föreskrift
880 900 35 14 om
929 894 88 20 stadens

220 925 117 19 förenande
349 925 6 19 i
365 924 106 27 judiciellt
482 925 106 20 avseende
599 924 49 20 med
660 924 69 21 Norra
741 924 39 21 och
792 924 67 20 Södra
870 924 76 21 Vedbo
957 924 60 20 dom-

220 960 50 21 saga
283 954 74 21 träder
369 954 6 20 i
387 954 67 24 kraft,
467 954 47 21 från
527 954 109 21 allmänna
649 954 212 27 indragningsstaten
874 954 69 20 under
955 954 62 20 deras

220 984 138 20 återstående
375 984 74 20 livstid
466 984 110 21 utbetalas
593 984 53 27 årlig
662 984 131 27 gottgörelse
810 984 49 20 med
877 984 40 20 900
934 984 32 20 kr.
984 984 33 21 till

220 1013 92 21 Larsson
328 1014 39 21 och
383 1014 39 20 100
436 1014 32 20 kr.
483 1014 32 20 till
529 1014 94 24 Aschan,
637 1014 50 20 med
701 1014 142 27 iakttagande
857 1020 29 14 av
899 1015 35 19 att
948 1014 12 20 å
974 1013 44 21 för-

219 1043 79 20 månen
312 1044 161 26 dyrtidstillägg
486 1044 46 20 icke
546 1044 54 20 skall
613 1045 59 25 utgå.

180 1105 10 17 6
205 1103 41 19 Till
265 1103 123 26 ersättning
407 1103 33 20 till
461 1103 215 26 befattningshavare
696 1103 37 20 vid
753 1103 151 20 rådhusrätter
924 1103 39 20 och
984 1103 103 24 tilll1940]
1106 1107 39 21 150
1149 1099 14 35 |
1173 1119 28 3 —!|
1228 1119 27 2 —I
1282 1107 13 20 6
1296 1099 22 35 |
1317 1106 76 21 —108
1406 1107 93 20 s.14|205
1566 1106 33 21 24:
1612 1109 21 17 11
1667 1106 55 20 126:
1706 1101 18 34 9

219 1133 74 20 städer
306 1133 34 20 för
354 1133 94 20 förlorad
464 1133 58 20 lösen
537 1133 6 20 i
558 1133 54 26 följd
627 1139 28 14 av
670 1133 295 26 inteckningsförnyelsernas
979 1139 38 14 av-
1101 1138 21 20 pt
1136 1137 10 16 2

219 1162 114 21 skaffande
348 1163 87 20 anvisas
450 1164 33 19 ett
498 1163 74 26 anslag
586 1169 28 14 av
631 1162 39 21 140
679 1162 40 21 200
734 1163 31 20 kr.

180 1224 9 17 7
205 1222 42 20 RD
259 1222 72 20 avslår
341 1222 83 20 motion
436 1228 49 21 ang.
497 1223 121 20 beredande
630 1229 28 14 av
669 1223 121 26 ersättning
800 1223 34 20 för
844 1223 82 20 sådana
937 1222 80 21 skador
1034 1226 54 20 [11940]
1111 1238 28 2 —
1139 1218 27 36 |
1173 1238 28 3 —
1197 1218 19 36 |
1222 1226 39 20 100]
1282 1226 13 20 6
1296 1218 23 36 |
1317 1225 75 21 —|180
1500 1238 28 2 —
1566 1225 69 21 132:18
1666 1225 33 21 135:
1711 1227 25 18 49

219 1252 12 20 å
252 1252 107 27 personlig
379 1252 145 27 lösegendom,
545 1259 47 14 som
612 1253 74 20 kunna
707 1252 130 27 tillskyndas
857 1253 80 19 svensk
957 1252 59 21 med-

219 1282 90 26 borgare
325 1282 51 20 eller
392 1283 90 19 svenskt
500 1282 91 21 oskiftat
608 1282 82 21 dödsbo
707 1288 77 20 genom
801 1282 98 20 fiendens
916 1282 101 26 åtgärder

218 1311 37 20 vid
269 1312 120 20 eventuellt
401 1312 53 26 krig.

179 1373 11 17 8
205 1371 42 20 RD
263 1371 72 20 avslår
350 1371 108 21 motioner
474 1378 35 14 om
525 1372 118 20 understöd
659 1372 24 20 åt
699 1372 109 26 landsting
824 1372 40 20 och
880 1372 135 24 kommuner,
1034 1375 53 20 [1940]
1111 1387 27 2 —
1141 1367 23 35 |
1180 1375 80 21 59115]
1282 1375 12 20 6
1316 1387 28 3 |—

218 1401 70 20 vilkas
298 1401 140 20 ekonomiska
448 1401 102 27 ställning
560 1402 6 19 i
576 1402 109 26 synnerlig
694 1402 52 26 grad
757 1403 131 25 ogynnsamt
898 1402 118 26 påverkats

218 1437 29 14 av
256 1431 269 26 manskapsinkallelserna
536 1431 6 20 i
553 1432 106 20 samband
670 1432 49 19 med
731 1432 40 19 den
782 1431 119 21 förstärkta
912 1431 104 21 försvars-

218 1461 155 26 beredskapen.

1351 1375 13 19 DD

1365 1375 13 20 ND

1379 1375 13 20 N

1499 1387 29 2 |

1565 1374 12 21 ww

1574 1379 24 5 RA

1594 1381 4 13 :
1610 1376 23 18 97
1645 1374 54 21 d/39:
1711 1376 24 18 22
1734 1370 26 34 dj

205 1519 42 21 RD
259 1520 127 26 godkänner
398 1521 95 26 grunder
504 1521 34 20 för
550 1521 142 20 utbetalande
704 1527 28 14 av
745 1521 121 26 ersättning
879 1521 23 20 åt
915 1521 41 20 den
969 1527 46 14 som
1034 1523 52 21 |1940|
1111 1524 26 20 76
1144 1515 29 37 |
1172 1536 28 2 —|
1226 1535 28 3 —L|
1278 1524 21 19 11|
1323 1524 13 20 21
1365 1523 27 20 70
1472 1524 27 20 88
1565 1523 33 21 120:
1610 1525 25 18 49
1667 1522 33 21 121:
1711 1524 24 18 61

218 1550 48 20 lidit
282 1550 78 20 förlust
375 1550 7 20 i
398 1550 42 20 anl.
457 1556 28 14 av
501 1550 56 21 vissa
574 1551 101 26 åtgärder
690 1557 46 14 som
752 1550 105 27 vidtagits
872 1551 34 20 för
921 1551 94 20 militära]
1049 1553 19 20 U

218 1580 108 23 ändamål;
341 1580 39 20 och
393 1580 88 20 anvisar
493 1580 42 20 RD
549 1580 33 20 till
594 1580 146 27 ersättningar
752 1580 34 21 för
798 1580 102 21 förluster
911 1580 7 20 i
931 1580 42 21 anl.
987 1586 29 15 av
1661 1592 1 27 |

217 1609 58 21 vissa
291 1610 102 26 åtgärder
409 1610 34 20 för
458 1610 94 20 militära
569 1610 101 20 ändamål
687 1610 12 20 å
716 1610 132 27 tilläggsstat
867 1610 8 20 I
892 1611 33 19 ett
941 1610 75 27 anslag

217 1644 29 15 av
260 1639 39 20 100
308 1639 41 21 000
361 1640 32 19 kr.
407 1640 34 25 (r).

246 1675 22 17 Se
281 1676 34 16 ock
329 1675 69 17 Armén
411 1675 60 21 (1931:
481 1678 15 17 7;
511 1676 50 16 1933:
571 1678 26 18 36;
610 1677 51 16 1934:
670 1676 35 20 38);
715 1676 118 17 Brandväsen
842 1676 60 21 (1935:
911 1676 24 20 4);
944 1676 72 17 Bränn-

222 1699 234 21 vinsförsäljningsmedlen
469 1700 60 20 (1931;
544 1700 51 19 1932;
610 1700 59 20 1935);
681 1700 80 17 Domare
770 1700 60 20 (1932;
841 1701 51 19 1933;
902 1701 52 19 1935;
965 1701 50 19 1936;

223 1723 51 16 1937:
281 1725 16 18 2;
307 1724 51 16 1938:
366 1726 15 17 1;
392 1724 50 16 1939:
451 1726 14 17 1;
475 1724 59 20 1940);
545 1724 143 17 Domänfonden
695 1724 67 20 (1940);
770 1725 168 21 Fiskerinäringen;
946 1724 70 17 Frälse-

222 1747 69 20 räntor;
304 1747 123 17 Främmande
441 1748 144 16 trosbekännare
597 1748 60 20 (1933;
672 1748 51 20 1935;
738 1748 59 20 1936);
810 1748 101 21 Fångvård;
921 1749 95 16 Försvars-

221 1771 56 16 väsen
291 1771 59 20 (1938:
360 1771 23 20 6);
397 1771 157 21 Inskrivningsfel;
567 1772 159 20 Interpellationer
739 1772 59 20 (1937:
807 1772 36 20 32);
853 1773 111 20 Järnvägar;
973 1772 43 17 Kle-

222 1795 49 20 berg,
281 1795 18 16 J.
307 1795 19 16 L.
334 1795 29 16 W.
373 1795 67 21 (1934);
450 1795 83 24 Kyrkors
542 1796 95 16 underhåll
647 1796 59 20 (1936:
716 1796 23 20 1);
753 1796 100 21 Olyekefall
862 1797 6 16 i
877 1797 62 16 arbete
948 1796 68 21 (1932);

222 1818 140 21 Prästerskapet
381 1819 84 20 (1933:
444 1814 28 31 4;
486 1820 51 16 1937:
545 1819 24 20 4);
586 1819 190 21 Rysslandssvenskar
792 1820 60 21 (1931;
872 1821 56 19 1934);
942 1820 74 17 Städers

222 1843 77 16 friheter
311 1843 60 20 (1936;
386 1843 50 19 1939;
451 1843 59 20 1940);
523 1843 56 21 Tolag
593 1844 59 20 (1931;
667 1844 51 19 1933;
732 1844 49 20 1935;
793 1844 50 20 1939;
855 1844 58 20 1940);
921 1844 95 21 Vederlag;

222 1866 95 21 Villkorlig
330 1867 100 16 straffdom
443 1867 67 20 (1933);
523 1867 79 17 Vittnen
615 1868 67 20 (1932);
695 1868 126 21 Världskriget
834 1868 102 21 1914/1918
948 1868 67 20 (1931).

176 1909 331 31 ERSÄTTNINGSBYGGNAD,
520 1915 98 25 ilottans;
632 1921 21 14 se
667 1916 101 20 Marinen
783 1915 113 27 (1931:10;:
912 1916 59 21 1935:
985 1918 30 22 17;

205 1943 60 21 1936:
277 1945 31 22 32;
325 1944 59 20 1937:
397 1944 40 26 38).

176 1992 341 26 ERSÄTTNINGSPERSONAL.

203 2026 42 20 Till
258 2027 102 26 åtgärder
373 2027 33 20 för
420 2027 124 27 utbildning
557 2034 28 14 av
599 2028 44 20 viss
657 2029 232 26 ersättningspersonal
903 2030 87 20 anvisas
1004 2030 12 20 å
1035 2029 53 21 |1940]
1106 2029 39 21 194]
1173 2041 28 3 —-
1200 2022 19 37 |
1227 2041 28 3 —1|
1282 2029 13 21 6
1299 2022 20 37 |
1317 2029 75 21 —/115
1458 2029 41 21 214
1565 2029 56 21 20:4
1666 2029 34 21 127:
1711 2031 11 18 2

217 2056 133 27 tilläggsstat
368 2057 20 20 II
404 2057 33 21 till
453 2057 118 21 riksstaten
587 2059 33 19 ett
636 2058 74 28 anslag
726 2064 28 15 av
770 2058 26 21 78
797 2052 48 38 000
861 2059 32 20 kr.
910 2059 35 26 (r).
1843 2064 1 20 |
