1834 2361
165 156 42 20 846

864 157 222 17 SAKREGISTER

186 480 10 18 3

186 690 10 17 No

187 1019 7 16 HH

185 1166 11 17 Do

187 1554 8 16 1

186 1672 10 12 9

184 448 256 27 Kommunalskattelagen
455 455 28 14 m.
494 455 27 14 m.

212 478 81 27 Avslag
305 479 13 20 å
330 479 109 20 motioner
451 485 35 14 om
499 479 83 20 ändrad
596 479 119 26 beräkning
727 485 28 14 av
769 479 127 27 underlaget
908 479 34 20 för
954 479 74 26 fastig-

226 508 138 21 hetsskatten
379 509 139 20 beträffande
533 509 230 26 jordbruksfastighet.

211 598 82 26 Avslag
310 599 12 19 å
339 598 84 20 motion
441 604 49 21 ang.
507 598 93 27 ändring
616 599 7 19 i
639 599 277 26 kommunalskattelagens
933 599 95 20 bestäm-

225 628 78 20 melser
322 630 41 18 rör.
385 630 46 18 rätt
450 628 34 20 till
504 629 174 26 procentavdrag
694 629 33 20 för
743 629 157 20 utarrenderad
915 628 112 27 fastighet.

211 688 82 26 Avslag
313 688 12 20 å
345 688 85 20 motion
450 694 49 21 ang.
521 689 130 25 påförandet
671 695 29 14 av
720 688 178 27 fastighetsskatt
917 688 34 20 för
970 688 57 20 vissa

226 717 234 27 begravningsplatser.

212 777 42 20 RD
267 778 91 26 antager
370 777 34 20 för
415 777 32 20 sin
460 777 34 20 del
506 778 80 26 förslag
597 778 34 19 till
643 778 34 26 lag
689 784 35 14 om
736 778 93 26 ändring
841 778 6 19 i
859 778 57 20 vissa
929 778 60 20 delar
1000 784 28 14 av

225 807 266 27 kommunalskattelagen
511 808 41 19 den
572 808 27 20 28
618 809 55 25 sept.
694 808 54 20 1928
767 808 35 26 (nr
820 808 57 26 370),
896 807 81 27 förslag
995 808 33 19 till

225 837 127 26 förordning
371 843 35 14 om
425 837 93 27 ändring
536 837 6 20 i
560 838 58 19 vissa
638 837 59 20 delar
715 844 28 14 av
761 837 267 27 taxeringsförordningen

225 867 42 19 den
282 866 27 21 28
323 868 56 25 sept.
396 867 53 20 1928
464 867 35 26 (nr
513 867 49 26 379)
577 868 58 19 samt
650 867 79 26 förslag
743 867 34 20 till
792 867 126 27 förordning
932 867 50 21 med
997 867 31 20 in-

225 896 111 21 struktion
356 896 34 21 för
408 896 116 27 värdering
543 903 28 14 av
591 897 127 26 skogsmark
738 897 40 20 och
798 897 101 20 växande
919 897 53 27 skog
990 897 38 20 vid

225 926 101 27 taxering
340 932 28 15 av
384 926 111 27 fastighet.

211 1015 43 21 RD
272 1018 91 25 antager
379 1016 80 27 förslag
476 1016 34 20 till
526 1016 35 27 lag
578 1023 35 14 om
630 1017 85 20 ändrad
732 1017 82 26 lydelse
830 1023 28 14 av
875 1017 13 20 6
905 1018 9 24 $
934 1017 8 19 1
961 1023 66 14 mom.

224 1046 268 26 kommunalskattelagen
509 1046 42 20 den
568 1047 26 19 28
612 1048 55 24 sept.
686 1046 53 20 1928
756 1047 35 25 (nr
807 1047 50 25 370)
874 1048 58 18 samt
948 1046 80 26 förslag

226 1075 32 20 till
275 1075 127 27 förordning
419 1081 36 14 om
473 1076 117 20 åsättande
607 1076 7 20 i
630 1076 58 20 vissa
706 1076 37 20 fall
761 1082 28 14 av
807 1076 87 20 särskilt
912 1076 116 26 uppskatt-

225 1105 131 26 ningsvärde
371 1106 12 19 å
399 1105 111 27 fastighet.

211 1164 82 27 Avslag
307 1165 13 19 å
334 1165 85 19 motion
434 1170 36 15 om
483 1165 45 20 viss
543 1165 93 20 revision
651 1171 28 14 av
693 1165 193 20 bestämmelserna
902 1171 34 14 om
952 1165 77 20 beräk-

225 1194 52 27 ning
290 1200 29 14 av
333 1194 97 20 inkomst
443 1195 34 19 för
490 1195 128 20 kommunal
632 1195 149 26 beskattning.

211 1253 43 20 RD
270 1255 92 25 antager
377 1251 81 29 förslag
473 1254 33 20 till
522 1254 34 26 lag
572 1260 36 14 om
623 1254 85 20 ändrad
724 1254 81 26 lydelse
821 1260 28 14 av
865 1254 26 20 38
907 1255 10 25 $
934 1254 9 20 1
961 1260 66 14 mom.

225 1284 57 19 samt
297 1283 27 20 64
340 1283 40 20 och
395 1283 27 20 66
437 1284 20 25 $$
472 1284 266 26 kommunalskattelagen
754 1284 41 20 den
811 1284 27 20 28
853 1285 55 25 sept.
926 1284 53 20 1928
994 1284 35 26 (nr

225 1312 57 27 370);
302 1313 41 20 och
362 1315 91 25 antager
472 1313 43 20 RD
535 1313 80 27 förslag
633 1313 33 20 till
686 1313 126 27 förordning
831 1320 36 14 om
886 1313 143 27 ersättnings-

225 1343 68 23 skatt;
310 1343 40 20 och
366 1343 73 20 avslår
454 1343 43 20 RD
513 1349 61 20 prop.
592 1343 6 20 i
613 1344 44 19 vad
672 1344 41 19 den
729 1350 64 13 avser
807 1343 79 26 förslag
901 1343 33 20 till
944 1344 83 20 ändrad

225 1372 82 27 lydelse
323 1379 28 14 av
367 1373 24 20 31
409 1373 10 25 $
435 1373 266 27 taxeringsförordningen
718 1373 190 27 (lagändringarna
925 1379 51 14 avse
992 1373 36 20 be-

225 1402 115 27 skattning
362 1409 28 14 av
412 1403 78 23 medel,
513 1409 46 14 som
582 1403 105 20 utskiftas
708 1403 49 20 från
780 1403 126 20 ekonomisk
929 1403 99 26 förening

225 1434 59 18 samt
299 1432 143 27 beskattning
458 1439 27 14 av
502 1433 57 20 vissa
576 1433 7 19 i
599 1433 101 20 utlandet
716 1433 142 26 registrerade
874 1433 154 26 holdingbolag

225 1468 28 14 m.
264 1463 46 25 m.).

212 1551 42 20 RD
279 1551 73 21 avslår
376 1552 109 20 motioner
508 1557 49 21 ang.
583 1552 92 26 ändring
699 1558 28 14 av
751 1552 277 26 kommunalskattelagens

226 1581 164 20 bestämmelser
406 1587 36 14 om
458 1581 83 26 avdrag
558 1581 33 21 för
607 1582 193 26 värdeminskning
816 1582 12 20 å
846 1582 6 19 i
868 1582 106 26 jordbruk
991 1588 37 14 an-

225 1611 74 20 vända
314 1611 187 27 driftbyggnader.

212 1670 42 20 RD
273 1672 91 24 antager
381 1670 81 27 förslag
479 1670 33 20 till
530 1670 126 27 förordning
674 1671 49 20 med
741 1671 106 20 särskilda
865 1671 164 20 bestämmelser

225 1706 36 14 om
275 1700 143 26 beskattning
432 1706 28 14 av
474 1700 196 20 realisationsvinst
684 1701 6 19 i
704 1701 107 19 samband
824 1701 50 19 med
888 1700 141 20 rekonstruk-

225 1729 47 20 tion
287 1736 29 14 av
331 1730 41 20 den
387 1736 16 13 s.
413 1730 21 20 k.
450 1730 229 26 Kreugerkoncernen;
695 1730 40 20 och
750 1730 143 26 bemyndigar
908 1730 42 20 RD
965 1730 64 20 KM:t

226 1760 35 19 att
278 1759 56 20 efter
351 1759 92 21 särskild
461 1759 161 27 framställning
638 1760 49 20 från
705 1760 91 26 företag,
815 1760 96 20 hörande
928 1760 33 19 till
979 1759 50 21 eller

225 1789 121 20 förbundet
364 1789 50 20 med
434 1790 41 19 den
495 1789 47 20 s.k.
562 1789 229 27 Kreugerkoncernen,
811 1789 101 27 medgiva
931 1789 98 20 befrielse

226 1819 48 20 från
296 1819 126 26 skyldighet
442 1820 35 19 att
499 1821 76 24 utgöra
597 1819 172 27 stämpelavgift,
791 1825 45 14 som
859 1819 67 27 enligt
947 1819 83 20 förord-

226 1848 80 27 ningen
321 1849 42 20 den
378 1849 12 19 6
406 1855 50 14 nov.
474 1848 52 21 1908
541 1854 49 21 ang.
606 1855 26 14 en
647 1849 92 20 särskild
754 1849 165 26 stämpelavgift
933 1849 38 20 vid
986 1849 43 26 köp

226 1878 41 20 och
285 1878 54 26 byte
357 1884 29 14 av
404 1879 138 26 fondpapper
560 1879 51 20 eller
628 1879 154 26 förordningen
801 1879 41 20 den
863 1879 24 20 19
906 1885 50 14 nov.
977 1878 52 21 1914

226 1913 49 21 ang.
292 1908 194 27 stämpelavgiften
501 1908 54 20 skall
571 1909 52 26 utgå
638 1909 7 19 i
660 1909 159 26 sammanhang
833 1909 50 20 med
899 1909 131 20 utfärdande

226 1938 40 20 här
281 1938 7 20 i
304 1938 58 20 riket
378 1944 28 14 av
422 1938 66 23 aktie,
506 1938 119 26 obligation
642 1938 51 20 eller
708 1939 103 19 liknande
827 1938 137 20 andelsbevis
981 1938 50 20 eller

227 1967 147 27 förskrivning
391 1968 51 20 eller
458 1968 6 19 i
481 1968 159 26 sammanhang
656 1968 50 20 med
723 1968 96 24 förvärv,
836 1968 128 20 överlåtelse
981 1968 50 20 eller

227 1997 103 27 belåning
351 2004 28 14 av
401 1998 152 26 värdepapper
574 1998 51 20 eller
646 2004 73 14 annan
736 1998 98 26 tillgång,
852 1998 34 20 för
903 1998 69 20 såvitt
990 1998 41 20 den

227 2027 146 24 transaktion,
392 2033 46 14 som
454 2027 123 21 föranleder
593 2028 186 26 stämpelplikten,
797 2029 64 25 utgör
877 2029 32 18 ett
926 2028 34 20 led
977 2028 7 19 i
1000 2034 32 13 re-

227 2057 157 20 konstruktion
405 2063 27 14 av
452 2057 123 21 koncernen
595 2059 57 18 samt
672 2059 41 22 att,
734 2058 73 20 därest
826 2058 6 19 i
852 2058 39 20 och
911 2058 34 19 för
964 2057 67 20 sådan

1310 230 109 31 Utskotts-
1492 235 54 16 Riks-

1107 256 56 34 Kungl.
1217 282 3 4 5
1300 257 128 34 utlåtanden,
1484 257 69 34 dagens
1613 249 117 43 FrämrneaR

1111 290 52 18 Maj:ts]
1175 282 92 17 Motioner
1293 294 96 17 ansa
1402 294 44 17 ser
1494 278 46 37 skri-
1603 283 140 21 förhandlingar

1055 313 26 21 År
1110 323 50 15 [propir
1304 320 132 30 betänkanden
1479 320 68 30 velser
1629 313 87 21 UR

1107 346 46 27 eller
1296 371 4 4 6

1109 379 55 15 Sik
1177 389 33 17 FR
1228 390 35 16 LAR
1284 385 16 43 ä
1326 384 16 43 z
1367 390 89 16 Nummer
1454 382 10 35 |
1473 391 91 16 Nummer
1586 375 65 48 fake
1698 380 22 39 a
1718 379 27 40 er

1047 479 50 19 1931]
1122 491 27 2 —
1180 479 38 20 1179]
1232 479 40 20 265]
1301 480 12 20 7
1407 480 12 20 9
1516 493 21 1 —
1578 481 65 19 -H3:13
1655 481 54 20 dl13:
1720 483 25 17 33

1046 598 53 20 1932]
1122 611 21 1 —
1149 594 31 35 |
1184 599 87 19 —1218)
1301 599 12 20 7
1393 599 27 20 20
1510 612 27 2 —
1575 600 54 20 J20:2
1676 600 80 20 l24:2d

1047 688 52 20 1932]
1122 700 6 2 -
1184 688 87 20 —T1231
1301 689 11 19 7)
1344 689 72 20 11-21
1511 702 27 1 —
1576 690 55 20 120:2
1678 690 78 20 l24:5d

1047 777 52 20 1932]
1116 777 40 20 220
1171 777 100 20 1364-1354]
1301 778 12 20 7
1394 779 26 19 42
1501 779 40 20 255
1577 779 33 20 139:
1622 783 23 14 85
1656 779 111 20 dl48:103d

1178 808 40 20 366|
1232 807 39 20 524

1232 837 40 20 528

1226 867 47 20 538

1232 897 40 20 540

1047 1016 52 20 19331
1118 1016 38 20 186
1159 1012 18 34 |
1185 1017 87 19 —1460)
1302 1016 11 20 71
1328 1028 27 2 —|
1394 1017 26 19 35
1504 1017 37 20 183:
1577 1018 54 19 132:'2
1677 1017 68 20 ”-135:35

1046 1164 53 20 1933]
1121 1176 28 2 —
1160 1160 14 35 |
1178 1165 40 20 216]
1239 1177 27 2 —|
1301 1165 54 19 7/—|
1393 1165 27 20 42
1530 1177 9 2 -
1577 1166 33 19 137:
1621 1168 24 16 22
1656 1166 54 19 dl40:
1722 1168 10 17 9

1047 1253 53 20 1933]
1118 1253 36 20 171
1178 1254 40 20 1267)
1239 1266 27 1 —|
1301 1254 54 19 7/—1
1394 1254 25 19 64
1500 1255 41 19 319
1562 1251 48 33 144:
1621 1257 24 17 72
1650 1251 60 33 148:
1721 1257 24 16 64
1756 1255 13 19 d

1048 1551 52 20 1934]
1121 1563 29 2 —
1157 1547 23 35 I
1185 1564 28 2 —1
1248 1552 24 20 161
1302 1552 53 19 7/—1
1394 1552 27 20 20
1511 1564 28 2 -—"
1578 1553 32 20 124:
1624 1555 5 16 1
1643 1553 13 19 d
1678 1553 33 19 125:
1722 1555 24 16 24
1757 1553 13 19 d

1232 1582 40 19 427

1048 1670 52 22 1934]
1116 1670 41 20 2791]
1186 1683 27 2 —|
1240 1683 26 2 —I
1302 1670 54 20 7/—
1394 1672 27 18 62
1501 1671 40 19 376
1578 1672 32 19 142:
1624 1673 36 17 118
1679 1671 91 20 |46:103d

1221 1699 2 11 I

1222 1816 1 18 I

1222 1859 2 20 I
