1849 2359
161 146 43 21 152
896 153 136 15 SAKREGISTER

178 430 167 26 Avsöndringar
360 438 27 13 m.
404 437 26 15 m.

180 467 10 15 6
208 462 37 20 RD
264 461 110 26 medgiver
392 463 32 19 att
439 461 225 26 kronoegendomarna
679 461 104 26 indragna
800 462 175 26 piparebostället
991 460 27 30 1/,

223 491 83 21 mantal
322 491 94 27 Björkön
425 498 25 13 nr
462 491 10 20 1
485 491 40 20 och
536 491 103 27 indragna
649 491 240 26 trumslagarebostället
901 490 27 29 1/,
937 493 82 20 mantal

223 522 95 26 Björkön
334 528 26 13 nr
377 521 10 20 1
404 523 134 24 gemensamt
553 521 129 21 tillhörande
698 528 15 14 s.
726 522 20 20 k.
759 521 135 25 kvarnfallet,
911 522 41 20 den
963 522 56 21 förra

223 551 133 26 egendomen
372 551 129 21 tillhörande
517 551 63 20 andel
596 552 7 19 i
617 551 37 21 det
664 558 16 13 s.
693 552 19 19 k.
725 551 99 26 sågfallet
834 552 67 26 jämte
912 553 12 19 å
935 559 84 14 samma

224 581 103 26 egendom
344 583 102 25 uppmätt
461 581 167 21 utmålsområde
645 588 35 14 om
697 581 78 21 0.6430
792 582 76 20 hektar
883 583 36 19 må
934 585 47 18 mot
992 589 25 14 en

223 611 145 27 köpeskilling
383 618 26 14 av
426 611 64 21 2500
507 611 30 20 kr.
552 612 48 20 från
611 612 148 26 kronoparken
770 612 95 27 Björkön
876 612 98 27 försäljas
985 613 34 20 till

223 642 26 20 N.
260 642 24 20 E.
301 641 105 26 Carlsson,
424 642 48 25 Yås,
489 642 25 19 A.
530 642 107 24 Swenson,
652 642 60 26 Berg,
727 642 65 20 Albin
804 642 112 25 Svensson,
929 643 89 27 Saxnäs,

223 672 40 20 och
279 672 19 20 J.
316 672 25 20 A.
358 672 128 24 Johansson,
503 672 95 24 Bököna,
614 672 69 20 under
698 672 57 21 vissa
766 672 83 21 villkor.

193 739 63 20 Inom
273 737 96 21 Kalmar
384 737 45 21 län:

181 773 10 16 7
208 768 38 20 RD
271 768 108 26 medgiver
401 769 31 19 att
455 775 27 13 av
500 768 200 26 kronoegendomen
721 768 10 20 5
730 766 59 30 1$/,,
806 768 82 21 mantal
904 768 115 26 Borgholm

224 805 25 13 nr
266 798 56 20 1—6
339 798 67 26 jämte
422 798 127 26 lägenheten
565 798 115 26 Borgholm
697 805 25 13 nr
739 798 18 25 7,
774 805 27 13 en
816 798 106 26 trädgård,
934 799 7 20 i
952 799 67 26 Repp-

224 828 58 26 linge
298 828 78 21 socken
392 829 36 19 må
443 828 99 27 försäljas
558 828 46 20 dels
620 828 34 20 till
669 828 88 20 Hennes
767 829 63 26 Maj:t
840 829 143 26 Drottningen
994 829 25 20 de

224 859 13 20 å
252 858 72 20 Fredr.
342 858 108 26 Lagerlöfs
465 858 8 20 i
486 858 88 20 ärendet
584 858 119 26 åberopade
714 858 61 21 karta
786 858 109 21 utmärkta
905 859 115 20 områdena

224 895 35 14 om
283 895 54 19 resp.
358 888 64 20 3.796
443 888 39 20 och
502 888 64 21 0.160
588 888 76 21 hektar
679 890 46 19 mot
741 888 166 27 köpeskillingar
923 896 26 13 av
964 896 54 20 resp.

225 918 43 20 200
290 918 40 20 och
355 917 42 21 160
421 918 39 24 kr.,
477 918 45 21 dels
538 918 39 20 ock
594 918 66 26 enligt
675 918 99 27 gällande
790 919 92 26 grunder
897 919 34 20 för
945 919 74 26 upplå-

224 948 65 21 tande
313 955 26 13 av
358 948 239 26 egnahemslägenheter
612 948 48 20 från
676 948 196 26 kronoegendomar
887 949 8 20 i
910 949 109 20 statsråds-

224 978 129 27 protokollet
365 978 142 20 omförmälda
518 978 152 26 lägenheterna
680 979 118 26 Nybygget,
809 979 161 26 Johannesberg
980 980 40 20 och

227 1009 110 23 Hemmet,
354 1008 41 20 den
411 1008 149 20 förstnämnda
575 1008 51 20 med
641 1008 86 21 område
743 1009 8 20 i
767 1009 94 25 enlighet
876 1009 50 20 med
942 1009 42 21 vad
994 1016 26 14 av

224 1038 236 27 departementschefen
476 1038 112 25 förordats,
606 1038 26 20 de
646 1038 56 20 båda
713 1039 135 20 sistnämnda
858 1039 50 20 med
919 1039 101 20 områden

224 1069 7 19 i
247 1068 95 25 enlighet
357 1067 49 21 med
422 1068 275 26 uppskattningsmännens
712 1068 85 26 förslag,
809 1068 39 20 och
861 1068 99 26 samtliga
970 1068 50 21 med

224 1097 106 21 förbehåll
346 1097 81 25 därom,
443 1099 32 19 att
490 1098 51 25 inga
556 1097 98 21 enskilda
669 1098 109 26 tillhöriga
794 1098 40 20 hus
851 1098 49 26 ingå
916 1099 7 19 i
938 1098 82 27 försälj-

224 1128 110 25 ningarna.

195 1193 63 20 Inom
274 1191 126 22 Malmöhus
415 1193 45 20 län:

181 1228 10 15 8
209 1223 37 20 RD
266 1222 109 27 medgiver
390 1222 130 27 försäljning
536 1229 26 13 av
578 1222 25 21 de
619 1222 34 21 till
669 1222 90 27 Flyinge
776 1223 128 27 hingstdepå
919 1224 102 26 anslagna

224 1252 238 26 hagvaktarboställena
485 1252 42 20 litt.
553 1253 13 19 b
590 1252 51 21 eller
662 1253 120 26 Räfthagen
806 1253 39 20 och
869 1253 40 21 litt.
937 1253 14 21 d
970 1254 51 20 eller

224 1283 122 26 Damstorp.

182 1354 10 15 9
210 1349 37 20 RD
271 1348 109 26 medgiver
403 1348 127 26 försäljning
545 1355 26 13 av
588 1348 56 21 vissa
660 1348 101 20 områden
778 1355 26 14 av
820 1349 200 26 kronoegendomen

226 1377 50 28 1!/,
292 1378 82 20 mantal
390 1378 119 26 Hjortshög
525 1385 25 13 nr
565 1378 14 20 4
595 1378 40 20 och
652 1378 11 20 7
680 1379 8 19 i
704 1378 85 27 Kropps
805 1379 84 20 socken.

195 1439 63 19 Inom
277 1437 116 27 Göteborgs
408 1437 37 22 och
461 1437 75 21 Bohus
552 1438 46 20 län:

169 1473 24 16 10
211 1469 37 19 RD
272 1468 108 26 medgiver
403 1468 128 26 försäljning
554 1474 26 14 av
601 1468 151 26 lägenheterna
776 1468 73 21 Klätte
868 1469 17 25 I,
902 1469 73 21 Klätte
991 1470 29 24 II,

226 1498 130 26 Vasshagen,
373 1498 111 26 Nybygget
500 1498 40 20 och
556 1498 171 20 Trättarekullen
737 1498 48 20 från
797 1498 225 27 kronoegendomarna

227 1528 11 20 1
256 1528 82 20 mantal
353 1528 70 20 Båröd
438 1535 26 13 nr
479 1527 10 20 1
503 1524 105 29 Övergård
619 1528 68 26 jämte
698 1528 127 26 lägenheten
836 1529 117 26 Myrhagen
964 1536 25 13 nr
1001 1529 19 25 1,

226 1564 26 14 en
276 1559 47 24 äng,
347 1559 57 19 samt
426 1557 11 20 1
455 1558 82 20 mantal
553 1557 70 21 Båröd
638 1565 26 13 nr
680 1558 12 19 2
709 1558 128 26 Nedergård,
856 1559 54 20 båda
926 1560 7 19 i
949 1560 72 25 Högås

227 1587 83 21 socken.

196 1654 62 19 Inom
275 1652 115 28 Ålvsborgs
405 1653 45 20 län:

170 1688 22 16 11
212 1683 37 20 RD
272 1683 109 26 medgiver
402 1683 127 27 försäljning
548 1690 26 13 av
590 1683 150 26 lägenheterna
756 1683 90 27 Korpås,
864 1684 84 26 Krogen
965 1686 56 19 samt

226 1713 36 20 det
285 1714 56 19 öster
362 1719 35 14 om
420 1713 134 20 sistnämnda
572 1713 99 26 lägenhet
688 1713 89 26 belägna
792 1713 97 21 området
904 1721 26 14 av
946 1714 73 21 krono-

227 1743 131 26 egendomen
374 1742 28 27 2/,
419 1743 81 20 mantal
516 1742 109 21 Kleverud
641 1750 25 13 nr
683 1742 11 21 1
711 1743 8 20 i
735 1743 128 21 Frändefors
874 1744 84 24 socken,
971 1744 50 21 med

226 1774 42 19 rätt
283 1773 33 20 till
332 1773 97 20 hembud
446 1772 131 21 beträffande
594 1773 126 26 lägenheten
736 1774 84 26 Korpås
831 1774 33 20 för
874 1774 19 20 J.
906 1774 24 20 O.
944 1774 76 21 Olsson

226 1803 40 21 och
282 1803 132 20 beträffande
430 1803 37 20 det
482 1805 56 18 öster
553 1809 35 14 om
605 1803 84 26 Krogen
707 1803 89 26 belägna
812 1804 96 20 området
924 1804 33 20 för
969 1804 51 21 Lars

226 1833 70 21 Johan
313 1833 90 21 Larsson
419 1833 51 20 eller
486 1833 128 20 Andersson.

169 1904 24 15 12
211 1899 38 20 RD
272 1899 109 26 medgiver
403 1899 128 27 försäljning
549 1906 26 13 av
591 1895 115 30 Älvsborgs
722 1901 131 24 regementes
869 1900 151 21 förutvarande

226 1929 126 26 mötesplats
368 1929 95 21 Fristads
478 1929 49 20 hed.

197 1995 62 20 Inom
276 1993 138 28 Skaraborgs
429 1994 44 21 län:

171 2029 24 16 13
213 2024 38 20 RD
267 2024 86 21 bifaller
368 2024 79 26 förslag
462 2031 47 20 ang.
525 2025 75 26 utbyte
612 2031 26 14 av
649 2025 61 20 mark
721 2024 80 21 mellan
812 2025 81 21 kronan
904 2025 40 21 och
956 2025 64 21 aktie-

1132 217 17 17 A
1488 223 54 18 Riks-

1108 234 36 17 oc

1055 246 88 29 Eee
1207 271 4 3 A
1323 237 94 42 Utskotts-
1479 253 72 22 dagens
1608 254 119 17 Kamrarnas

1055 276 17 13 x
1085 267 20 32 |
1108 272 41 15 "=
1165 271 95 17 Motioner
1311 267 112 33 utlåtanden
1504 283 35 17 RE
1594 283 96 18 förhandli

1055 293 12 9 2
1108 291 41 20 55
1299 301 35 17 ller
1346 301 98 17 memorial
1493 289 40 12 a
1615 289 124 17 FOOTER

1055 307 17 27 -
1108 304 41 33 22
1287 306 10 12 S
1485 313 63 18 velser

1050 338 16 24 SR
1108 335 39 23 PC

1055 367 17 11 >
1108 360 35 27 lag
1280 361 58 21 gle
1434 369 18 20 [
1547 369 6 19 |
1582 368 67 17 Första
1656 361 23 35 |
1683 368 66 17 Andra

1055 382 11 9 2
1108 378 36 40 28
1169 379 32 17 SS
1279 375 18 44 E
1321 385 17 31 å
1375 379 17 27 2
1434 390 17 25 >
1488 379 17 28 Z
1536 390 17 24 &)]
1578 392 72 17 kamm.
1680 370 71 47 kamin:

1034 463 55 21 1922]
1106 463 41 21 177
1271 464 26 21 10
1376 465 27 20 45
1404 461 19 37 |
1450 465 67 20 4243)
1543 465 168 21 2137:192143:
1722 465 41 21 45d

1109 499 34 22 p-3

1057 778 9 10 >
1107 770 40 20 [177
1165 770 133 21 [1371273110
1375 770 28 21 451)
1451 771 66 20 11243)
1543 770 58 21 1137:
1612 770 48 20 189d]
1676 771 34 21 43:
1722 771 42 20 45d

1110 805 33 23 p.1

1059 1232 8 10 >
1114 1224 28 21 143
1274 1225 25 20 10
1394 1223 10 20 7
1493 1225 26 21 57
1587 1224 32 21 15:
1631 1229 24 16 34
1657 1220 22 34 |
1688 1224 33 21 16:
1732 1229 24 16 44

1059 1357 8 11 >»
1080 1345 26 34 I
1115 1350 27 20 60
1274 1350 26 21 10
1378 1349 27 19 221
1453 1355 9 15 oh
1493 1350 27 21 938)
1545 1354 8 16 11
1586 1350 53 20 19:e.
1658 1345 23 35 |
1687 1351 69 20 22:80

1112 1385 32 22 p.1

1058 1477 9 10 FR
1273 1470 26 20 10
1378 1470 27 20 221
1437 1475 25 15 10]
1492 1470 27 20 931)
1544 1474 10 15 <1
1585 1469 53 21 19:6
1650 1465 24 36 |
1686 1470 70 21 22:30

1112 1504 34 23 p.2

1059 1692 8 10 »
1081 1680 27 35 1
1115 1684 27 21 60
1274 1685 25 20 10
1378 1685 27 20 221
1439 1690 24 15 10]
1493 1685 27 20 93)
1545 1690 9 16 41
1586 1685 53 21 19:6
1649 1681 27 35 |
1687 1685 69 20 22:80

1112 1720 33 22 p.3

1058 1908 9 10 >»
1109 1900 40 20 1105
1275 1901 24 20 10
1378 1900 27 20 33
1479 1900 40 21 189
1585 1901 69 21 27:26
1657 1896 19 36 |
1687 1900 69 21 30:33

1059 2033 8 11 >»
1115 2025 26 20 163
1273 2026 26 20 10
1379 2025 25 21 11
1493 2025 25 21 60
1586 2025 32 21 15:
1629 2031 25 15 65
1658 2021 19 36 |
1687 2025 33 21 16:
1731 2031 25 15 44

226 2054 86 26 bolaget
327 2054 174 27 Västergötlands
516 2054 101 21 förenade
632 2054 174 21 kalkindustrier.
