1863 2371
171 144 41 20 712
904 152 136 16 SAKREGISTER

187 427 76 22 Hälso-
280 427 37 22 och
332 427 111 28 sjukvård.

232 458 63 21 ställa
318 459 38 20 och
373 458 34 21 till
424 458 56 21 1931
498 459 33 20 års
547 458 86 27 riksdag
648 459 118 26 framlägga
781 466 26 14 en
823 461 162 26 överarbetning
1001 467 26 15 av

231 488 144 26 föreliggande
398 488 79 27 förslag
500 488 34 21 till
554 489 121 26 byggnader
690 489 33 20 för
738 489 129 21 Karolinska
883 490 120 27 sjukhuset,
1019 491 7 20 i

231 519 56 26 syfte
306 520 32 19 att
353 518 144 21 kostnaderna
512 518 33 21 för
561 519 151 27 byggnaderna
727 520 37 20 må
779 521 97 19 avsevärt
892 520 134 27 nedbringas,

231 549 46 20 dels
298 548 40 21 ock
357 548 44 21 låta
416 550 96 25 upptaga
527 555 42 20 nya
584 549 162 26 förhandlingar
762 549 49 21 med
828 550 135 21 Stockholms
980 551 47 20 stad

230 580 40 19 rör.
295 578 119 21 samarbete
437 579 34 20 för
486 578 125 27 sjukhusets
627 579 135 27 uppförande
778 580 39 20 och
834 580 52 20 drift
901 581 7 20 i
924 581 56 26 syfte
996 583 31 19 att

231 608 75 21 staden
322 609 36 20 må
374 609 12 20 å
402 609 115 27 sjukhuset
533 609 87 26 belägga
635 610 30 20 ett
681 611 66 19 större
763 610 59 20 antal
833 610 79 26 platser
923 612 27 19 än
961 611 66 26 enligt

231 639 36 20 det
282 638 139 22 förevarande
437 638 175 27 avtalsförslaget.

243 674 24 17 Se
279 674 36 17 ock
328 673 80 19 Armén
422 672 60 23 (1921:
491 679 27 16 12,
532 679 57 15 48-54,
604 680 27 15 71;
645 674 51 18 1922:
706 680 56 14 37-42,
774 680 26 16 75;
811 674 51 18 1923:
870 681 57 15 46-50;
938 682 27 14 65;
975 675 51 19 1924:

257 703 60 16 88-87,
332 702 26 16 55;
379 697 117 21 1925:82-85;
514 697 88 22 1926:11,
617 704 26 15 12,
661 704 57 14 42-44;
733 698 51 18 1927:
793 704 57 16 45-47;
864 699 55 18 1928:
923 693 62 32 20-24,
1000 705 26 16 58;

255 717 53 34 1929:
312 717 62 34 22-24,
395 727 27 16 54;
442 721 124 22 1930:384-37),
585 722 172 23 Dyrtidstillägg
775 722 82 22 (1925:
837 717 26 34 s;
871 723 51 18 1928:
934 725 32 19 10),
979 724 48 23 Epi-

255 746 90 22 demier,
358 745 133 23 Fattigvård
500 746 40 18 och
549 746 129 19 barnavård
686 746 60 24 (1927:
754 747 21 21 4),
785 747 138 22 Flygvapnet
931 748 60 22 (1926:
1000 753 26 14 10;

256 770 50 17 1927:
317 776 14 15 9;
352 769 75 22 1928:7;
444 769 76 21 1929:1;
534 770 52 17 1930:
595 770 33 22 16),
641 771 186 18 Folkskoleväsen
841 770 58 22 (1921:
911 777 14 15 s;
939 772 52 17 1926:
1000 778 26 14 26;

255 794 52 17 1928:
319 793 33 22 28),
378 794 184 22 Hospitalsväsen,
584 794 238 23 Hälsovårdsstadgan,
844 795 184 19 Internationella

254 817 213 23 hälsovårdsbyrån,
492 818 134 19 Karolinska
653 818 230 23 mediko-kirurgiska
907 820 120 21 institutet,

255 842 166 22 Kroppskultur
440 842 40 18 och
493 842 88 22 hygien,
597 842 71 19 Lunds
681 842 133 20 universitet
824 843 60 21 (1923:
892 849 15 15 4,
922 849 15 15 s;
951 843 51 18 1924:
1012 850 14 14 3;

256 865 51 18 1925:
318 871 14 14 8;
352 865 75 21 1926:4;
448 865 52 18 1927:
509 871 15 15 6;
540 866 76 21 1928:8,
631 872 15 16 9,
661 872 26 15 16;
707 866 76 22 1929:5,
798 873 14 15 6;
832 866 76 22 1930:7,
922 868 21 21 8),
962 868 65 18 Lasa-

254 890 53 21 rett,
320 890 201 19 Lasarettsläkare,
535 890 76 22 Lupus,
623 890 98 19 Marinen
734 890 58 22 (1921:
802 896 26 15 so;
843 891 50 17 1922:
903 897 26 14 31;
939 891 51 18 1923:
1000 897 27 15 29;

256 913 51 18 1924:
317 919 27 15 25;
364 913 88 21 1925:20;
472 913 88 22 1926:30,
580 919 27 15 81;
627 914 87 19 1927:28;
731 914 51 18 1928:
791 920 27 15 35;
832 915 51 17 1929:
892 921 26 15 28;
933 915 51 18 1930:
993 916 33 21 19),

254 937 208 21 Provinsialläkare,
498 938 191 21 Radiumhemmet,
724 939 139 22 Reumatism,
892 939 135 23 Sanatorier,

254 961 244 21 Serafimerlasarettet,
521 962 130 21 Sinnesslöa,
671 962 191 22 Sjuksköterskor,
882 963 145 19 Tuberkulos-

256 984 114 24 sjukvård,
384 985 95 23 Uppsala
491 986 134 18 universitet
637 986 83 22 (1922:1,
734 986 21 22 2),
769 986 104 20 Vanföra.

185 1037 237 29 Hälsovårdsbyrån,
438 1038 212 27 Internationella;
666 1047 22 14 se
702 1040 181 22 Internationella
894 1041 133 22 hälsovårds-

232 1070 75 27 byrån.

185 1126 263 28 Hälsovårdsstadgan.

216 1160 56 20 RD:s
288 1159 99 27 yttrande
403 1160 7 19 i
426 1159 117 26 anledning
554 1166 25 14 av
590 1159 21 21 k.
623 1160 79 26 förslag
713 1160 33 20 till
757 1160 124 27 förordning
891 1167 35 14 om
938 1161 90 26 ändring

231 1190 7 19 i
261 1190 57 20 vissa
337 1189 59 21 delar
415 1196 25 13 av
456 1189 216 26 hälsovårdsstadgan
688 1190 41 20 den
747 1189 27 21 19
790 1191 48 26 juni
856 1190 55 21 1919
929 1190 32 27 (nr
977 1191 50 27 566)

230 1219 114 26 (avseende
367 1221 31 18 att
422 1219 106 26 befrämja
546 1219 128 26 vidtagande
691 1226 26 14 av
733 1220 97 26 åtgärder
845 1223 46 18 mot
906 1221 66 20 råttor
987 1222 39 20 och

232 1251 57 19 möss
305 1251 57 18 samt
377 1251 45 18 mot
438 1249 168 27 bostadsohyra).

186 1306 284 27 Häradsallmänningar.

190 1344 7 15 1
217 1339 40 20 AK
280 1338 70 21 avslår
368 1339 83 20 motion
469 1345 48 19 ang.
533 1338 115 21 förändrad
664 1339 138 26 användning
817 1346 26 14 av
859 1340 167 20 häradsallmän-

231 1369 114 26 ningarnas
362 1368 132 26 avkastning.

189 1434 10 15 2
217 1429 37 19 RD
271 1428 114 26 medgiver,
397 1430 31 18 att
439 1428 127 25 lägenheten
578 1428 137 27 Bäringstorp
726 1428 52 21 eller
788 1429 115 26 Sjöstugan
914 1435 35 14 om
961 1429 63 25 0,497

232 1458 76 20 hektar
331 1459 36 19 må
389 1458 47 20 från
456 1454 103 24 Östkinds
574 1458 211 26 häradsallmänning
802 1459 130 20 Kolmården
949 1466 25 13 nr
991 1460 9 19 1
1019 1460 7 19 i

233 1488 109 20 Kvarsebo
360 1488 78 20 socken
454 1494 26 14 av
496 1487 259 27 allmänningsdelägarna
770 1488 99 27 försäljas
885 1489 34 20 till
935 1489 91 21 fiskaren

232 1518 51 20 Lars
298 1517 90 21 Fredrik
403 1517 102 21 Eriksson
521 1518 34 20 för
570 1524 26 14 en
612 1518 144 26 köpeskilling
771 1525 26 14 av
814 1519 42 20 300
872 1519 30 20 kr.

190 1583 9 15 3
217 1578 37 20 RD
270 1577 124 26 godkänner
409 1584 77 19 genom
502 1577 158 26 köpekontrakt
675 1577 41 21 den
733 1578 27 20 20
777 1578 44 20 dec.
840 1578 56 20 1917
908 1578 68 21 skedd
987 1579 39 20 för-

232 1608 94 26 säljning
342 1614 26 13 av
384 1607 58 21 såväl
458 1609 31 18 ett
505 1606 57 29 !?/,,,
577 1607 82 21 mantal
670 1608 113 20 Tävelstad
794 1615 25 13 nr
831 1608 19 26 1,
862 1608 67 21 kallat
938 1609 88 25 Jonsbo,

232 1638 7 19 i
263 1637 110 27 Tjärstads
396 1637 78 20 socken
496 1637 105 26 tillhörigt
615 1637 136 27 jordområde
767 1645 35 13 om
820 1637 48 26 0,16
885 1638 77 21 hektar
977 1639 49 20 med

232 1667 51 21 därå
307 1667 97 26 befintlig
426 1667 68 20 kvarn
512 1667 40 20 och
568 1668 37 25 såg
620 1669 57 19 samt
692 1667 33 20 till
741 1668 176 20 hemmansdelen
933 1668 93 21 hörande

232 1699 117 18 vattenrätt
371 1697 7 20 i
402 1697 114 20 Hallstaån
540 1703 46 14 som
602 1697 40 20 ock
658 1699 30 19 ett
704 1697 86 21 område
806 1705 35 13 om
858 1698 34 25 0,5
910 1698 75 21 hektar
1001 1705 25 14 av

232 1728 125 19 hemmanet
373 1725 27 29 !/;
417 1727 82 20 mantal
516 1727 102 27 Grythult
633 1734 26 13 nr
675 1727 11 20 1
704 1728 7 19 i
727 1734 83 14 samma
825 1728 84 20 socken.

217 1787 54 25 Ang.
288 1786 184 26 lägenhetsägares
488 1786 96 26 rättsliga
600 1786 110 27 ställning;
728 1793 21 14 se
766 1786 175 28 Allmänningar.

217 1840 38 20 RD
278 1840 97 20 anhåller
393 1846 36 14 om
445 1840 114 26 utredning
574 1842 40 18 rör.
631 1840 154 27 lämpligheten
801 1847 26 15 av
843 1841 161 21 bestämmelser
1019 1842 7 20 i

232 1870 56 26 syfte
304 1871 31 19 att
351 1869 97 26 delägare
464 1870 7 20 i
486 1869 213 27 häradsallmänning
714 1870 51 21 eller
781 1870 88 21 därmed
884 1871 8 20 i
907 1871 57 21 vissa
976 1871 51 21 hän-

232 1899 92 21 seenden
339 1899 112 27 jämställd
467 1899 140 27 allmänning,
624 1906 46 14 som
686 1900 93 26 grundar
794 1901 38 20 sitt
847 1900 138 27 delägarskap
999 1902 28 25 på

232 1929 141 27 avstyckning
388 1929 67 26 enligt
472 1929 56 20 1926
545 1930 33 20 års
593 1929 189 27 jorddelningslag,
798 1931 37 20 må
850 1930 80 21 erhålla
943 1937 84 14 samma

232 1959 99 20 formella
350 1959 102 26 ställning
467 1966 46 13 som
530 1960 71 25 övriga
617 1959 103 26 delägare,
737 1962 101 19 ävensom
854 1960 86 27 vidtaga
955 1960 27 21 de
997 1961 29 20 åt-

233 1989 80 26 gärder,
330 1996 46 13 som
393 1989 41 20 den
450 1989 131 21 verkställda
596 1989 141 27 utredningen
753 1990 43 20 kan
812 1990 116 21 föranleda.

188 2046 212 31 Häradsfängelse;
416 2055 22 15 se
455 2048 246 28 Byggnadsskyldighet.

1116 215 40 36 SA
1497 223 54 17 Riks-

1062 245 17 27 3
1115 253 17 27 2
1134 248 22 32 -
1215 270 4 4 å
1330 237 94 41 Utskotts-
1474 245 86 34 dagens
1617 254 116 17 Kamrarnas

1115 293 12 9 dia
1139 283 17 28 2
1173 266 93 43 Motioner
1306 270 127 47 jSRen
1491 278 57 32 skri-
1602 279 144 31 förhandlingar

1062 306 17 28 5
1116 303 41 33 ER
1295 306 47 12 eller
1354 301 99 17 memorial
1493 313 64 17 telser

1057 337 17 25 3
1115 333 40 42 |8E
1288 360 17 12 =

1062 366 18 11 &
1116 365 11 9 Iz
1330 366 16 16 ERS
1448 362 7 31 op
1544 368 17 20 221
1590 368 67 17 Första
1664 364 20 31 |
1692 368 63 17 Andra

1062 381 12 9 E
1116 376 36 41 35
1177 378 87 17 ERA
1288 373 17 45 E
1329 384 18 31 å
1384 378 17 27 Z
1443 389 17 24 &
1497 378 17 27 é
1544 390 17 24 &
1566 386 6 32 |]
1586 392 71 16 kamm.
1660 386 24 32 |
1688 392 70 17 kamm.

1042 462 55 21 1930

1042 1160 57 23 19301
1115 1160 41 21 170
1294 1163 11 20 91
1335 1162 12 19 21
1385 1162 26 20 32
1484 1158 41 34 226
1591 1163 33 20 32:
1635 1167 24 16 34
1661 1159 22 34 |
1691 1163 33 20 33:
1736 1168 24 16 30

1041 1338 57 23 1922
1226 1340 80 21 165131
1335 1339 12 21 3)
1400 1341 11 20 3
1685 1342 33 19 23:
1730 1346 39 16 120

1065 1436 8 11 »
1120 1429 27 20 185
1280 1430 26 21 10
1386 1430 25 20 17
1498 1430 28 20 88
1592 1430 32 21 18:
1635 1435 24 16 37
1662 1426 19 36 |
1684 1430 33 21 21:
1730 1436 37 15 104

1118 1464 32 22 p.1

1064 1586 9 11 >
1087 1574 27 36 |
1121 1579 27 20 85
1280 1579 25 20 10
1385 1579 25 20 17
1499 1578 27 20 88
1593 1576 32 36 18:
1636 1585 25 16 37
1663 1576 19 36 |
1685 1580 34 20 21:
1731 1585 38 16 104

1118 1613 34 22 p.2

1064 1795 9 11 »

1041 1836 56 37 1927
1242 1841 26 21 671)
1293 1841 12 20 91
1335 1842 12 19 21
1384 1842 27 20 25
1484 1842 39 20 140
1591 1842 69 20 23:16
1661 1837 18 35 |
1693 1841 32 21 24:
1737 1846 24 16 67
