1844 2357
808 162 136 16 SAKREGISTER

1636 162 40 20 161

959 256 22 145 1883epsAIY

1018 303 17 104 198[9ALIYS
1018 244 17 47 Ta[9

1037 373 17 54 "doad
1037 302 22 64 sy:lfen
1037 227 22 69 T3un4

1076 280 94 18 Motioner

1233 251 95 18 Utskotts-

1221 281 112 18 utlåtanden

1197 311 47 17 eller
1257 311 99 18 memorial

1400 234 52 18 Riks-

1390 264 72 22 dagens

1404 294 46 17 skri-

1396 324 63 17 velser

1520 265 117 18 Kamrarnas

1504 295 145 22 förhandlingar

1079 388 33 17 FK

1131 389 35 17 AK

1191 371 17 58 "Tvueg

1232 376 18 49 "PAV

1286 389 17 17 Zz

1287 407 11 9 H

1346 379 17 45 BvpIs

1400 389 16 28 IN

1447 380 17 45 eps

1493 379 67 17 Första
1566 375 20 31 |
1594 379 65 18 Andra

1490 403 70 17 kamm.,
1561 399 24 31 |
1591 403 70 18 kamm.

105 438 166 28 Avsöndringar
286 446 26 14 m.
330 446 27 15 m.

77 474 26 16 20
120 469 38 20 RD
174 469 109 27 medgiver
306 470 128 26 försäljning
450 477 26 14 av
492 470 127 26 lägenheten
634 471 81 21 Jonsbo
731 471 49 21 med
796 472 7 20 i
819 472 109 21 statsråds-

136 499 127 26 protokollet
279 500 85 26 angivet
379 500 86 20 område
481 500 48 20 från
545 500 199 27 kronoegendomen
762 501 10 20 1
790 502 81 20 mantal
882 502 47 20 Bre-

135 529 67 27 daryd
225 536 25 13 nr
274 529 12 20 3
302 530 56 26 Torp.
382 530 39 20 och
433 529 27 29 !/;
483 530 82 21 mantal
588 530 109 28 Bredaryd
719 538 25 13 nr
759 531 14 20 4
789 532 140 26 Norregård
908 525 24 37 i

134 559 120 26 Bredaryds
269 560 84 19 socken.

77 629 23 15 21
120 624 37 20 RD
174 624 114 26 medgiver,
305 625 45 20 dels
366 627 31 18 att
412 625 127 26 lägenheten
555 626 110 20 Sofielund
680 627 37 19 må
732 626 50 21 med
797 627 7 20 i
820 627 109 20 statsråds-

135 654 128 26 protokollet
286 655 85 25 angivet
394 655 87 20 område
504 656 47 19 från
575 656 199 26 kronoegendomen
798 655 27 29 1/,
848 657 81 20 mantal

135 684 99 26 Högebro
250 691 25 13 nr
293 684 10 20 1
320 685 7 19 i
344 684 107 27 Hässleby
467 685 78 20 socken
560 685 105 27 försäljas,
682 686 46 20 dels
743 686 40 21 ock
799 688 31 18 att
838 686 41 21 den
888 688 41 19 rätt

134 713 34 20 till
192 716 71 18 vatten
287 714 40 20 och
350 714 70 26 grund
435 715 7 19 i
458 715 96 20 Brusaån
573 716 13 19 å
604 716 149 26 sträckningen
770 716 32 20 för
817 716 7 20 i
841 716 88 20 berörda

135 744 105 25 protokoll
256 744 143 20 omförmälda
415 745 112 23 strömfall,
544 751 46 14 som
607 745 132 21 tillkommer
754 752 83 14 samma
855 746 73 20 krono-

134 773 110 26 egendom,
256 774 83 26 jämte
324 769 25 38 i
353 774 155 29 meranämnda
518 775 106 26 protokoll
633 776 86 25 angivet
726 776 70 20 utmål
804 775 49 21 med
861 776 67 20 kvarn

133 805 57 18 samt
212 803 129 21 tillhörande
365 804 51 20 verk
439 804 40 20 och
496 805 122 26 byggnader
633 806 36 19 må
685 806 28 25 på
728 805 97 27 offentlig
840 806 88 20 auktion

133 833 68 20 under
217 833 26 20 de
259 834 6 19 i
282 833 73 27 kungl.
373 834 73 20 brevet
461 834 42 20 den
520 834 27 20 29
564 835 43 26 maj
626 834 56 21 1874
694 835 102 26 stadgade
808 835 77 21 villkor
895 836 33 20 till

133 862 41 21 den
191 863 173 27 högstbjudande
380 864 98 26 försäljas
494 865 33 19 för
543 866 31 19 ett
586 865 44 26 pris
641 865 19 26 ej
672 865 165 26 understigande
850 865 25 20 12
886 865 42 21 000

133 892 30 20 kr.
181 894 57 19 samt
254 893 68 20 under
337 894 56 20 vissa
409 894 92 26 angivna
517 894 83 21 villkor.

105 965 62 19 Inom
184 964 136 27 Kronobergs
336 965 45 20 län:

76 1000 25 14 22
119 994 38 20 RD
174 994 114 26 medgiver,
306 997 37 22 att,
360 995 65 20 sedan
442 996 199 26 kronoegendomen
659 996 8 20 1
686 997 81 19 mantal
779 997 117 20 Karsahult
904 1004 25 13 nr

136 1024 9 20 1
164 1025 7 19 i
187 1024 160 27 Almundsryds
371 1025 77 20 socken
472 1026 62 20 blivit
557 1033 76 19 genom
653 1026 115 26 styckning
783 1026 62 21 delad
862 1027 6 19 i
885 1027 43 20 åtta

134 1054 63 20 lotter
212 1054 7 20 i
236 1054 144 27 huvudsaklig
403 1056 212 20 överensstämmelse
638 1056 50 20 med
704 1056 224 26 uppskattningsmän-

134 1091 53 13 nens
209 1084 85 26 förslag,
311 1084 76 20 sådant
403 1085 36 20 det
454 1092 26 13 av
496 1085 184 27 domänstyrelsen
696 1086 122 26 tillstyrkts,
835 1086 26 20 de
879 1086 50 21 med

134 1113 40 21 litt.
199 1114 25 24 A,
249 1114 23 24 B,
294 1114 22 24 C,
333 1114 25 24 D,
375 1114 25 25 E,
417 1115 16 19 F
449 1115 39 20 och
506 1115 19 20 G
541 1115 130 20 betecknade
686 1115 91 21 lotterna
792 1117 37 19 må
844 1123 37 13 var
896 1116 33 20 för

135 1144 31 25 sig
193 1143 49 21 med
262 1144 7 20 i
285 1144 232 26 statsrådsprotokollet
532 1145 92 26 angivna
640 1145 101 21 områden
757 1146 105 26 försäljas,
879 1146 49 20 med

135 1173 150 21 hembudsrätt
308 1174 33 20 för
364 1175 24 19 A.
409 1174 102 21 Eriksson
528 1175 33 20 till
577 1175 67 20 lotten
660 1175 40 20 litt.
718 1176 24 24 A,
762 1176 33 19 för
811 1176 24 20 O.
852 1176 76 20 Olsson

134 1203 33 20 till
191 1203 66 20 lotten
273 1203 41 20 litt.
332 1204 23 24 B,
373 1204 32 20 för
421 1204 20 20 S.
458 1204 103 21 Karlsson
577 1205 34 19 till
626 1205 68 20 lotten
710 1205 40 20 litt.
768 1205 15 20 C
799 1206 39 19 och
855 1205 32 20 för
903 1206 24 20 A.

134 1233 86 20 Nilsson
242 1233 33 20 till
292 1233 66 21 lotten
375 1233 41 21 litt.
433 1234 18 20 E
467 1237 56 17 samt
538 1234 50 21 med
604 1234 136 26 iakttagande
757 1237 31 18 att
804 1242 26 13 en
846 1236 7 19 i
869 1237 59 18 stats-

134 1263 179 26 rådsprotokollet
329 1264 118 20 omnämnd
463 1265 13 19 å
486 1264 67 20 lotten
564 1264 40 21 litt.
614 1265 18 19 A
645 1264 96 27 befintlig
752 1265 176 27 mangårdsbygg-

134 1292 44 20 nad
193 1292 132 27 undantages
342 1293 36 20 vid
395 1293 153 27 försäljningen
559 1301 26 13 av
596 1301 83 13 samma
690 1294 40 21 lott
740 1295 39 20 och
791 1295 7 19 i
809 1295 71 20 stället
888 1296 39 19 för-

134 1322 71 21 klaras
221 1322 59 21 skola
296 1323 49 26 ingå
361 1323 6 20 i
384 1323 153 27 försäljningen
554 1331 26 13 av
596 1324 66 20 lotten
679 1324 40 21 litt.
737 1324 23 20 B.

104 1394 62 20 Inom
186 1393 106 21 Gotlands
308 1394 44 20 län:

76 1429 24 15 23
118 1424 38 19 RD
172 1424 109 25 medgiver
297 1424 127 27 försäljning
441 1431 26 14 av
485 1425 33 20 till
535 1425 147 27 kronoparken
698 1426 127 26 Skogsholm
835 1426 93 20 hörande

134 1453 75 21 skiftet
225 1454 104 20 Kattåker
344 1454 50 20 med
410 1455 53 19 visst
479 1456 86 25 angivet
580 1455 92 21 område.

104 1519 63 20 Inom
184 1518 105 27 Blekinge
305 1519 44 20 län:

76 1554 24 15 24
119 1548 37 20 RD
172 1548 115 27 medgiver,
304 1552 38 22 att,
359 1549 49 21 med
424 1550 91 26 ändring
531 1557 26 13 av
573 1550 35 21 det
624 1557 26 14 av
668 1550 54 20 1921
740 1551 33 20 års
790 1551 37 20 RD
842 1552 6 19 i
853 1552 76 20 ämnet

133 1578 82 21 fattade
232 1579 76 25 beslut,
324 1579 7 20 i
347 1580 232 26 statsrådsprotokollet
594 1580 143 20 omförmälda
752 1581 131 26 ägolotterna
891 1580 37 28 5/,g

134 1608 81 20 mantal
231 1608 105 27 Hällaryd
352 1616 26 13 nr
394 1609 12 20 2
423 1609 40 21 litt.
480 1611 19 19 A
515 1610 39 20 och
571 1609 47 28 !/,,
627 1610 82 20 mantal
718 1610 104 27 Hällaryd
819 1604 35 37 nr
853 1604 20 37 2
867 1611 61 20 litt.

134 1638 16 19 T
174 1638 49 20 med
247 1638 26 20 de
297 1645 84 14 samma
404 1639 63 21 lotter
490 1640 37 20 vid
549 1640 154 26 ägostyckning
718 1640 109 21 tilldelade
843 1641 85 24 arealer,

134 1667 66 21 lotten
217 1668 41 20 litt.
274 1669 19 19 A
309 1668 55 20 dock
381 1669 50 20 med
447 1669 110 26 undantag
573 1676 26 14 av
614 1672 31 18 ett
660 1670 7 19 i
678 1670 83 20 samma
772 1670 105 26 protokoll
886 1677 43 13 om-

133 1697 88 20 förmält
244 1698 87 20 område
355 1705 34 13 om
415 1699 48 20 2.32
489 1699 81 25 hektar,
588 1700 35 19 må
638 1699 50 21 med
704 1706 26 14 av
746 1699 183 28 domänstyrelsen

134 1729 71 18 senast
216 1727 118 27 tillstyrkta
350 1728 126 21 saluvärden
493 1729 98 27 försäljas
607 1729 49 20 med
667 1731 42 19 rätt
720 1730 32 19 för
763 1730 20 20 S.
796 1730 133 21 Henriksson

134 1757 33 20 till
191 1757 96 20 hembud
303 1759 12 18 å
331 1758 67 20 lotten
422 1758 40 21 litt.
488 1760 19 19 A
530 1760 56 19 samt
602 1759 49 20 med
667 1760 105 19 förbehåll
788 1766 34 14 om
840 1762 41 18 rätt
897 1760 33 20 för

134 1787 128 20 innehavare
278 1794 26 14 av
320 1788 67 20 lotten
404 1788 40 20 litt.
462 1789 17 19 B
495 1789 33 19 till
544 1789 27 20 fri
587 1789 119 26 utfartsväg
721 1791 49 19 över
785 1789 41 21 den
843 1790 32 20 till
892 1790 36 20 lot-

134 1818 34 18 ten
185 1817 41 20 litt.
245 1818 17 19 A
278 1817 94 21 hörande
389 1818 61 20 delen
467 1825 26 14 av
504 1819 120 25 ägofiguren
641 1826 25 13 nr
681 1819 34 20 42.

104 1876 62 20 Inom
183 1875 169 22 Kristianstads
367 1877 45 20 län:

76 1911 24 15 25
120 1906 37 20 RD
178 1906 114 26 medgiver,
316 1909 37 23 att,
378 1907 64 20 sedan
467 1908 198 25 kronoegendomen
690 1908 36 28 >/,,
744 1909 81 20 mantal
842 1909 86 27 Grödby

134 1942 25 14 nr
178 1936 12 20 6
210 1936 6 20 i
233 1936 92 21 Ivetofta
349 1937 78 21 socken
451 1937 62 21 blivit
528 1938 7 20 i
552 1938 143 26 huvudsaklig
718 1939 210 21 överensstämmelse

134 1966 50 20 med
208 1966 272 27 uppskattningsmännens
504 1968 7 19 i
532 1968 232 27 statsrådsprotokollet
787 1969 142 20 omförmälda

134 1995 79 26 förslag
235 1996 109 26 uppdelad
366 1997 32 20 uti
414 1997 7 20 i
437 2004 83 13 samma
544 1998 105 26 protokoll
676 1998 92 26 angivna
791 1999 44 19 åtta
859 1999 69 25 lotter,

134 2032 83 13 samma
241 2026 63 20 lotter
326 2027 35 19 må
385 2033 36 14 var
444 2027 33 20 för
493 2027 31 26 sig
540 2027 105 27 försäljas,
662 2027 49 21 med
727 2029 41 19 rätt
785 2028 32 20 till
834 2029 95 20 hembud

134 2055 33 19 för
182 2055 138 21 arrendatorn
337 2056 20 20 S.
370 2056 110 21 Knutsson
497 2057 12 19 å
525 2057 66 20 lotten
608 2058 40 19 litt.
666 2058 10 19 I
692 2064 18 14 a.

67 2106 28 18 21.
111 2109 89 17 Sakregister
210 2110 12 13 I.

945 472 55 20 1924

1017 473 25 20 15

1046 473 12 21 [0

1017 628 41 20 158

1015 663 45 22 p-14

1024 998 26 20 72

1020 1033 33 22 P-7

1024 1427 26 20 12

1021 1462 33 22 p.3

1024 1552 26 20 72

1021 1587 33 22 p:9

1182 628 27 21 10

1183 1000 36 23 10!

1182 1428 26 20 10

1183 1553 25 20 10

1182 1910 26 21 10

1287 629 27 20 70

1287 1000 26 19 22

1287 1554 27 20 22

1288 1912 25 20 ir

1362 474 65 21 51291]
1454 480 9 15 4

1362 629 65 21 7291)
1454 636 9 15 6

1361 1004 9 16 8)
1387 1000 76 21 141112

1360 1554 103 21 914112

1494 471 33 35 43:
1538 480 25 17 68
1566 471 19 35 |
1587 476 33 20 42:
1633 481 37 16 121

1493 630 34 21 43:
1538 635 24 17 68
1567 626 19 35 |
1587 631 33 20 42:
1633 636 37 16 121

1494 1001 33 20 26:
1538 1006 25 15 52
1564 997 22 34 |
1595 1002 33 20 26:
1640 1007 23 15 14

1494 1430 32 21 10:
1538 1436 24 15 54
1564 1426 23 35 |
1594 1431 54 21 9:68

1494 1556 69 20 26:52
1564 1552 18 34 |
1595 1556 33 20 26:
1641 1562 23 15 14

1496 1913 31 20 18:
1539 1918 24 15 28
1564 1909 22 34 |
1597 1914 32 19 17:
1640 1918 24 16 33
