1863 2359
183 161 43 23 628
916 165 136 16 SAKREGISTER

194 195 50 36 —
244 195 9 36 —
327 195 68 36 =
406 195 18 36 !K
442 195 5 36 i
453 195 14 36 Z?
471 195 7 36 X
484 195 6 36 +
493 195 102 36 HO
597 195 5 36 =
604 195 5 36 =
608 195 8 36 =2
615 195 43 36 ===
800 193 89 36 —-
895 193 9 36 !
1249 191 53 36 nn
1676 207 112 7 —

1153 227 16 17 2
1511 232 53 17 Riks-

1129 244 35 17 oc

1075 257 17 26 =
1148 260 16 25 AR
1229 280 3 3 3
1344 246 94 42 Utskotts-
1488 255 86 33 dagens
1631 262 117 17 Kamrarnas

1075 288 17 12 >
1152 285 18 12 +
1174 276 12 32 |
1187 280 94 18 Motioner
1333 276 110 32 utlåtanden
1526 292 11 17 jer
1616 292 95 18 förhandli

1075 304 12 10 2
1129 302 41 24 Ae
1309 310 46 18 eller
1367 310 99 18 memorial
1515 297 47 12 SAR
1624 297 61 13 SETS

1075 317 18 28 -
1129 323 41 24 3E.
1507 317 63 30 velser

1129 344 40 31 EG
1302 370 17 12 2

1075 378 18 11 >
1129 374 36 12 lag
1302 376 58 19 cr
1456 378 17 19 2
1570 378 5 19 |
1603 376 69 18 Första
1677 372 22 33 |
1705 376 65 18 Andra

1076 393 11 10 5
1129 387 36 41 "8
1198 384 60 48 ESA
1294 384 66 48 KIA
1397 388 17 27 &
1456 399 18 24 5
1514 384 9 43 Zz
1557 398 18 25 &
1573 394 18 33 |
1600 400 71 18 kamm.
1672 394 26 33 |
1702 401 71 18 kamm,

204 447 92 22 Gruvor.

204 484 9 15 2
231 478 38 20 RD
293 477 115 27 medgiver,
432 479 32 19 att
487 477 61 20 KM:t
570 477 58 21 intill
647 477 41 20 den
706 476 11 21 1
734 476 41 27 juli
793 476 56 20 1922
865 476 36 20 må
917 477 39 25 äga
971 477 32 19 att
1018 476 22 19 åt
1055 473 54 21 1921]
1133 473 28 21 38
1292 473 26 20 10
1412 473 12 21 6
1498 473 41 21 112
1605 473 33 21 10:
1649 478 25 16 30
1675 468 23 36 |
1706 473 52 20 16:1

246 508 91 20 svenska
356 509 50 19 män
423 507 90 27 upplåta
528 509 42 19 rätt
585 507 34 20 till
635 506 143 22 bearbetande
794 513 26 14 av
835 506 47 20 icke
898 506 140 26 inmutnings-

246 538 51 21 bara
312 537 228 28 mineralfyndigheter
555 538 13 20 å
583 537 122 27 kronojord.

203 610 9 15 3
230 604 38 20 RD
292 603 114 27 medgiver,
431 605 31 19 att
485 603 61 21 KM:t
568 603 57 20 intill
645 602 41 21 den
706 602 10 21 1
734 602 41 27 juli
792 602 56 20 1922
865 602 36 20 må
916 603 39 25 äga
970 603 32 19 att
1017 602 22 20 åt|
1077 607 8 11 »
1098 595 25 39 |
1133 599 27 20 39
1292 599 26 20 10
1413 595 8 36 qv
1498 599 40 20 109
1605 599 32 21 10:
1649 604 24 16 830
1675 594 19 36 |
1706 598 51 21 16:1

245 634 91 21 svenska
346 635 51 19 män
408 633 90 27 upplåta
508 633 81 20 kronan
600 633 129 20 tillhörande
739 632 187 27 jordägarandelar
936 632 8 20 i
955 638 82 19 gruvor.

203 711 9 15 4
231 706 37 20 RD
285 705 85 21 bifaller
385 711 59 20 prop.
461 711 35 14 om
513 704 128 27 utläggande
652 711 26 14 av
689 704 159 26 statsgruvefält
859 704 36 21 vid
906 703 131 27 Stekenjokk
1037 696 16 39 |
1076 709 8 10 >»
1126 700 41 21 1162
1291 688 36 44 10/
1396 701 26 20 29
1496 700 42 21 184
1603 701 33 20 23:
1648 706 24 16 77
1675 696 23 36 |
1705 700 33 21 28:
1749 705 24 16 99

246 736 39 20 och
301 735 119 21 Remdalen
436 736 7 19 i
460 735 133 20 Vilhelmina
608 734 78 21 socken
702 741 26 14 av
744 735 161 20 Västerbottens
920 734 43 20 län.

202 813 10 14 5
230 808 41 19 För
286 806 158 22 verkställande
460 813 27 14 av
502 806 177 26 undersöknings-
695 806 39 20 och
751 806 179 20 försvarsarbeten
946 806 13 19 å
971 806 66 20 områ-|
1076 811 8 10 »
1126 802 41 21 |170
1304 802 118 21 6111-99
1494 802 43 21 10B|
1562 808 9 15 el)
1602 802 69 21 31:87
1676 797 15 36 |
1696 801 33 21 38:
1741 807 39 15 103

245 837 48 23 den,
313 844 45 13 som
375 837 33 20 för
423 837 93 20 kronans
532 836 90 26 räkning
638 838 35 18 äro
690 836 51 20 eller
757 836 73 20 kunna
845 835 65 21 varda
926 835 112 21 inmutade

244 868 59 19 inom
319 867 77 27 Norsjö
412 866 77 21 socken
505 873 26 14 av
547 866 161 21 Västerbottens
724 866 43 25 län,
784 866 83 21 anvisas
883 866 13 20 å
911 865 127 27 tilläggsstat

245 899 30 19 ett
290 896 215 27 reservationsanslag
521 903 26 14 av
563 896 27 20 40
600 896 42 21 000
659 896 31 21 kr.

203 963 7 14 1
229 957 38 20 RD
291 957 114 26 medgiver,
430 958 31 19 att
484 956 61 20 KM:t
566 956 58 20 intill
646 956 41 21 den
705 956 10 20 1
732 956 41 27 juli
791 955 56 21 1923
863 956 37 20 må
915 957 39 24 äga
969 957 32 19 att
1016 956 22 19 åt
1053 952 55 23 1922]
1131 952 28 20 44
1291 952 25 20 10
1409 954 13 18 4
1509 952 27 20 52
1602 952 33 20 12:
1646 957 25 16 30
1672 946 19 36 |
1704 952 31 20 12:
1747 957 24 15 56

245 987 91 21 svenska
355 989 50 18 män
421 986 91 27 upplåta
527 988 42 18 rätt
584 986 34 20 till
634 986 142 21 bearbetande
792 992 26 14 av
833 985 47 21 icke
896 986 140 25 inmutnings-

245 1017 50 20 bara
310 1016 228 27 mineralfyndigheter
554 1017 12 19 å
581 1016 121 27 kronojord.

1230 1052 2 21 I
1325 1068 2 10 I

201 1088 9 15 2
229 1083 41 19 För
294 1081 157 22 verkställande
475 1088 26 14 av
520 1081 178 26 undersöknings-
714 1081 39 20 och
770 1081 180 20 försvarsarbeten
966 1081 12 19 å
994 1087 42 13 om-|
1075 1087 8 10 >
1125 1077 40 21 1103
1230 1078 1 7 I
1303 1077 52 20 6/11
1394 1077 27 20 43
1492 1077 45 20 10B|
1561 1082 10 15 31
1602 1078 54 20 28:2
1665 1072 28 36 |
1703 1076 53 21 31:4

243 1112 72 24 råden,
331 1118 46 14 som
393 1113 36 19 äro
445 1111 52 20 eller
510 1111 74 20 kunna
594 1110 65 21 varda
670 1111 33 19 för
713 1111 93 20 kronans
816 1110 91 26 räkning
917 1110 119 24 inmutade,

243 1144 101 18 ävensom
367 1142 33 19 för
423 1140 177 26 tillvaratagande
616 1141 7 19 i
639 1141 68 25 övrigt
726 1147 26 14 av
771 1141 92 19 kronans
879 1140 157 26 gruvegendom

243 1172 84 20 anvisas
353 1172 12 19 å
388 1171 128 26 tilläggsstat
538 1171 33 20 för
594 1171 23 19 år
641 1170 56 20 1922
721 1172 31 19 ett
774 1170 214 26 reservationsanslag
1011 1176 26 14 av

242 1201 27 21 75
279 1201 42 21 000
338 1201 31 20 kr.

199 1272 9 15 3
227 1267 37 20 RD
288 1266 116 26 medgiver,
428 1267 31 19 att
482 1265 61 21 KM:t
565 1265 57 20 intill
641 1265 41 21 den
701 1265 10 20 1
728 1265 41 27 juli
790 1265 56 21 1923
863 1266 36 19 må
914 1267 38 24 äga
968 1266 31 19 att
1015 1265 22 20 åt|
1074 1271 8 10 »
1123 1263 41 20 |247
1290 1261 25 21 10
1393 1262 27 20 41
1494 1262 41 20 245
1594 1261 33 21 37:
1632 1257 60 36 192]
1701 1257 34 36 43:
1746 1266 24 16 52

242 1297 91 20 svenska
344 1298 51 18 män
406 1296 90 26 upplåta
508 1296 80 20 kronan
599 1295 129 21 tillhörande
738 1295 188 27 jordägarandelar
936 1295 7 20 i
953 1301 82 20 gruvor.

199 1362 9 15 4
227 1357 37 19 RD
281 1358 86 24 antager
382 1355 80 26 förslag
477 1355 33 21 till
527 1355 34 26 lag
577 1361 35 14 om
628 1355 85 20 fortsatt
729 1355 137 27 tillämpning
882 1361 26 14 av
921 1355 61 25 lagen
994 1354 40 20 den
1033 1348 15 38 |
1073 1360 8 11 >
1122 1352 42 21 1246
1303 1351 12 20 9i
1345 1351 10 20 11
1394 1351 27 20 24
1493 1350 47 34 247|
1601 1351 33 20 39:
1645 1355 24 16 67
1671 1346 23 35 |
1700 1350 34 21 44:
1745 1355 24 15 51

242 1386 26 20 31
294 1387 43 26 maj
364 1386 64 24 1918,
452 1385 148 20 innefattande
624 1385 104 20 särskilda
747 1385 161 21 bestämmelser
927 1384 108 27 angående

241 1418 69 18 rätten
327 1416 33 20 till
376 1415 124 26 inmutning
516 1416 58 19 inom
591 1415 56 20 vissa
663 1415 41 20 län.

200 1488 7 15 1
226 1482 37 20 RD
288 1481 114 27 medgiver,
426 1483 32 18 att
480 1481 62 20 KM:t
564 1480 57 21 intill
645 1480 41 21 den
704 1480 9 20 1
731 1480 41 27 juli
790 1480 56 21 1924
862 1481 36 19 må
913 1482 39 24 äga
967 1482 31 18 att
1014 1480 22 20 åt
1050 1476 57 23 1923]
1130 1478 26 20 13
1288 1476 26 20 10
1407 1477 12 20 2
1507 1477 26 20 36
1614 1476 140 20 TSE

242 1512 91 20 svenska
352 1513 50 19 män
421 1511 90 26 upplåta
526 1512 42 18 rätt
584 1510 32 20 till
633 1510 142 21 bearbetande
791 1517 26 14 av
833 1510 46 21 icke
895 1510 140 26 inmutnings-

243 1542 49 20 bara
308 1540 227 27 mineralfyndigheter
550 1541 12 19 å
578 1540 121 27 kronojord.

199 1614 9 15 2
227 1608 37 20 RD
281 1607 84 21 bifaller
381 1613 59 20 prop.
457 1606 50 21 med
522 1606 79 26 förslag
617 1606 32 20 till
667 1606 34 26 lag
716 1613 35 13 om
766 1606 85 20 fortsatt
861 1605 138 27 tillämpning
1009 1612 26 13 av
1035 1599 15 38 |
1075 1611 8 10 >»
1090 1599 29 38 |
1129 1603 28 20 64
1302 1601 118 21 SECO
1507 1602 28 20 54
1600 1601 68 21 17:83
1670 1597 23 35 |
1701 1601 69 21 18:10

242 1638 61 26 lagen
319 1637 41 20 den
377 1637 27 19 31
417 1637 44 26 maj
475 1635 56 21 1918
543 1635 148 21 innefattande
702 1635 104 21 särskilda
817 1635 160 21 bestämmelser
988 1642 46 19 ang.

240 1669 69 19 rätten
326 1667 33 20 till
375 1666 124 26 inmutning
515 1666 58 20 inom
590 1666 57 20 vissa
662 1666 42 20 län.

198 1739 9 14 3
226 1733 38 20 RD
288 1733 113 25 medgiver,
426 1733 32 19 att
480 1731 62 21 KM:t
564 1731 56 20 intill
644 1731 42 20 den
703 1730 10 21 1
730 1730 41 27 juli
789 1730 57 21 1924
862 1731 36 20 må
913 1732 39 24 äga
967 1732 31 18 att
1014 1731 22 19 åt|
1073 1736 8 11 »
1094 1724 24 38 |
1129 1728 27 21 65
1288 1727 26 20 10
1394 1727 25 20 17
1508 1727 26 20 75
1601 1726 53 21 192821
1701 1726 68 21 519::80

241 1763 91 20 svenska
342 1764 51 18 män
403 1762 90 27 upplåta
504 1761 81 20 kronan
596 1760 129 21 tillhörande
736 1760 187 27 jordägarandelar
933 1761 7 19 i
951 1767 82 19 gruvor.

198 1829 9 15 4
226 1823 37 20 RD
280 1822 84 21 bifaller
380 1828 59 20 prop.
456 1821 50 20 med
522 1820 116 27 anledning
654 1827 25 14 av
695 1820 159 26 framställning
864 1820 47 20 från
923 1820 111 26 Magnesit-
1037 1814 15 38 |
1073 1826 9 11 »
1094 1814 24 38 |
1129 1818 26 20 61
1282 1814 32 23 10
1393 1817 26 20 16
1508 1816 26 21 74
1601 1816 52 21 19:5
1662 1810 28 36 |
1701 1816 68 21 19:30

240 1852 143 26 aktiebolaget
398 1851 122 20 Tarrekaise
537 1850 131 21 beträffande
684 1851 56 20 vissa
756 1857 26 14 av
798 1850 83 26 bolaget
896 1849 139 21 arrenderade
1365 1846 1 27 I

240 1882 228 27 mineralfyndigheter
483 1882 12 19 å
512 1880 115 27 kronojord
642 1881 8 19 i
666 1880 138 21 Norrbottens
820 1880 42 20 län.

197 1954 9 15 &
225 1949 41 19 För
289 1947 157 22 verkställande
470 1953 26 14 av
519 1946 177 26 undersöknings-
712 1946 39 20 och
768 1946 179 20 försvarsarbeten
963 1945 13 20 å
991 1951 43 14 om-!
1072 1951 9 11 >»
1116 1943 54 21 |1:10
1302 1942 117 21 OETl1g
1493 1941 41 21 133
1600 1941 168 22 20:7-—-1129:31

239 1978 71 24 råden,
328 1985 46 13 som
391 1979 35 18 äro
443 1976 51 21 eller
505 1976 73 20 kunna
592 1976 66 20 varda
668 1976 33 20 för
712 1976 92 20 kronans
815 1975 90 26 räkning
916 1974 117 25 inmutade,
1120 1978 45 22 p-45

239 2010 101 18 ävensom
364 2007 33 20 för
420 2005 177 27 tillvaratagande
616 2006 8 19 i
642 2006 69 25 övrigt
726 2012 26 14 av
768 2005 93 20 kronans
876 2004 157 27 gruvegendom

239 2038 84 20 anvisas
339 2038 33 19 för
388 2036 124 27 budgetåret
530 2034 126 29 1923/1924
672 2037 30 19 ett
713 2037 60 18 extra
783 2034 215 26 reservationsanslag
1008 2041 26 13 av

241 2067 41 21 140
292 2067 42 21 000
351 2067 31 20 kr.
