1839 2355
173 68 43 20 248

190 247 128 26 Ersättning.

220 283 17 20 1.
254 283 42 20 RD
308 283 88 21 anvisar
408 283 31 20 till
452 283 121 27 ersättning
584 284 33 20 för
629 283 56 21 vissa
698 284 152 20 bötesandelar
861 285 13 19 2
883 284 40 20 500
935 284 31 20 kr.
979 286 58 18 samt
1048 284 32 20 till

190 313 121 26 ersättning
321 313 34 20 för
365 313 95 20 förlorad
471 313 196 27 inteckningslösen
678 313 37 20 vid
726 314 210 20 stadsdomstolarna
949 314 39 20 140
997 314 41 20 000
1048 314 32 20 kr.

218 373 19 20 2.
254 373 42 20 RD
310 372 117 27 medgiver,
442 374 35 19 att
489 373 122 26 ersättning
624 373 6 20 i
643 373 43 20 anl.
700 379 28 14 av
742 373 166 26 yrkessjukdom
922 374 36 19 må
972 374 109 20 utbetalas

190 402 32 20 till
236 403 22 20 C.
273 403 23 19 F.
311 403 153 23 Grundström,
479 403 27 19 H.
522 403 24 20 G.
562 403 23 20 P.
599 403 82 23 Möller,
696 403 24 20 O.
734 403 34 20 W.
783 403 82 23 Litzén,
880 403 23 20 L.
917 403 26 20 A.
957 403 123 27 Wäppling,

190 432 63 27 Signe
272 432 98 21 Josefina
388 432 131 24 Andersson,
539 433 33 20 W.
592 433 64 23 Metz,
676 433 28 20 K.
723 433 26 20 A.
769 433 104 20 Karlsson
893 433 39 20 och
951 433 130 20 Vilhelmina

190 462 105 20 Karolina
312 462 125 26 Holmberg.

217 492 20 20 3.
254 492 42 20 RD
308 492 118 26 medgiver,
439 493 36 19 att
487 492 32 20 till
532 492 134 20 rådmännen
679 492 6 20 i
698 492 107 27 Filipstad
818 492 25 20 G.
857 493 20 19 S.
891 492 98 20 Carlsson
1003 493 39 19 och
1054 492 26 20 A.

190 522 87 26 Gyberg
284 522 36 20 må
329 522 25 20 fr.
364 528 19 23 o.
392 528 29 14 m.
431 522 41 20 den
482 522 48 26 dag,
540 522 27 20 då
576 522 111 20 föreskrift
695 528 35 14 om
738 522 89 20 stadens
835 522 118 20 förenande
961 522 7 20 i
975 522 107 26 judiciellt

189 552 107 20 avseende
306 552 51 20 med
368 552 153 26 Östersysslets
533 552 103 26 domsaga
648 552 73 20 träder
731 552 6 20 i
748 552 67 23 kraft,
823 552 48 20 från
879 552 109 20 allmänna
996 552 85 26 indrag-

190 581 136 27 ningsstaten
342 582 69 20 under
427 582 61 19 deras
504 581 138 20 återstående
658 581 75 21 livstid
749 582 110 20 utbetalas
875 582 53 26 årlig
943 582 137 26 gottgörelse,

189 611 33 20 till
239 611 99 20 Carlsson
355 611 50 20 med
421 611 63 21 4300
500 611 39 23 kr.,
557 611 104 20 skolande
678 611 75 27 rörligt
769 611 75 27 tillägg
860 611 67 27 enligt
944 612 33 20 för
993 612 88 26 statliga

190 641 217 26 befattningshavare
423 641 101 26 gällande
540 641 94 26 grunder
651 647 49 14 men
718 641 46 20 icke
781 641 121 26 kristillägg
919 642 52 26 utgå
988 642 12 19 å
1018 642 63 26 högst

189 671 12 19 4
211 671 41 20 000
262 671 32 20 kr.
306 677 28 14 av
345 671 95 20 nämnda
452 671 86 26 belopp,
550 672 58 19 samt
618 671 33 20 till
663 671 86 26 Gyberg
760 671 49 20 med
820 671 41 20 875
872 671 39 23 kr.,
924 671 52 20 därå
987 671 94 26 dyrtids-

189 700 75 27 tillägg
272 701 47 20 icke
327 701 55 20 skall
390 701 60 26 utgå,
459 701 50 20 med
517 701 143 26 iakttagande
669 707 27 14 av
705 702 41 22 att,
756 701 73 20 därest
837 701 99 20 Carlsson
944 701 69 20 skulle
1021 702 61 19 över-

188 731 27 26 gå
226 730 33 20 till
271 730 106 21 ordinarie
389 730 124 27 befattning
524 730 6 20 i
541 732 84 18 statens
636 730 70 26 tjänst
717 731 50 20 eller
778 732 59 19 utses
847 730 33 21 till
891 731 191 26 kommunalborg-

188 762 96 18 mästare
295 760 6 20 i
313 760 107 27 Filipstad
431 760 51 20 eller
492 760 7 20 i
510 766 73 14 annan
595 760 49 20 stad
656 760 50 20 eller
717 760 33 20 till
761 761 97 20 ledamot
868 767 29 13 av
907 767 73 14 annan
992 761 90 20 rådhus-

189 791 46 19 rätt
246 790 40 20 och
297 790 123 26 magistrat,
432 790 43 20 han
487 790 18 26 ej
519 790 75 20 vidare
605 790 55 20 skall
672 790 87 26 åtnjuta
772 790 91 20 berörda
874 790 138 27 gottgörelse,
1024 791 58 19 samt

189 821 35 19 att
238 820 32 20 till
285 820 135 20 rådmännen
434 819 7 21 i
456 820 131 20 Hudiksvall
603 820 24 20 E.
644 820 24 20 G.
684 826 43 14 von
742 820 53 20 Post
810 820 39 20 och
864 820 22 21 C.
901 820 26 20 A.
942 820 27 20 N.
984 820 47 20 Toll
1046 820 35 20 må

189 850 25 20 fr.
225 856 19 14 o.
254 856 29 14 m.
295 850 41 20 den
348 850 48 26 dag,
408 850 27 20 då
446 849 111 21 föreskrift
568 856 34 13 om
614 850 88 20 stadens
713 850 118 20 förenande
841 849 7 20 i
858 849 106 27 judiciellt
974 850 107 20 avseende

189 879 50 21 med
252 879 70 21 Norra
336 879 156 26 Hälsinglands
506 880 103 25 domsaga
623 880 74 19 träder
710 879 6 20 i
729 880 67 23 kraft,
810 880 48 20 från
872 879 110 21 allmänna
996 880 86 26 indrag-

189 909 136 26 ningsstaten
342 909 69 20 under
426 909 62 20 deras
504 909 138 20 återstående
658 909 75 20 livstid
749 909 110 20 utbetalas
875 909 53 26 årlig
943 909 137 26 gottgörelse,

189 939 33 20 till
233 945 43 14 von
289 939 53 20 Post
353 939 49 20 med
415 939 12 20 6
436 939 41 20 800
488 939 40 23 kr.,
541 939 52 20 därå
605 939 75 26 rörligt
692 939 74 26 tillägg
778 939 67 26 enligt
856 939 34 20 för
901 939 87 26 statliga
1001 939 81 20 befatt-

189 969 145 26 ningshavare
344 969 100 26 gällande
454 969 94 26 grunder
558 975 49 13 men
618 969 47 19 icke
675 968 120 27 kristillägg
805 969 54 20 skall
870 969 59 26 utgå,
941 969 40 20 och
992 969 32 20 till
1035 969 46 19 Toll

189 999 50 20 med
248 999 41 20 300
298 999 40 23 kr.,
350 999 52 20 därå
413 998 161 27 dyrtidstillägg
584 998 47 20 icke
641 998 54 20 skall
706 999 58 26 utgå.

216 1028 20 20 4.
253 1028 42 20 RD
308 1028 73 20 avslår
392 1028 108 20 motioner
513 1034 35 14 om
561 1028 116 26 utredning
689 1034 49 20 ang.
752 1029 83 19 statens
848 1028 125 26 skyldighet
985 1029 34 19 att
1031 1028 49 26 giva

189 1058 122 25 ersättning
328 1057 38 20 vid
384 1057 88 26 intrång
489 1058 7 19 i
514 1058 109 19 enskildas
641 1058 131 25 äganderätt
790 1058 40 19 och
849 1058 140 19 ekonomiska
1008 1058 72 19 frihet.

219 1099 17 19 1.
253 1099 42 20 RD
307 1098 88 21 anvisar
406 1098 33 20 till
451 1098 122 26 ersättning
584 1099 33 20 för
629 1099 56 20 vissa
698 1099 152 20 bötesandelar
861 1099 13 20 2
883 1099 41 20 000
935 1099 31 19 kr.
979 1100 58 18 samt
1049 1099 32 20 till

189 1128 121 27 ersättning
321 1128 33 20 för
364 1128 95 20 förlorad
471 1128 196 26 inteckningslösen
678 1128 37 20 vid
727 1128 209 20 stadsdomstolarna
950 1128 38 21 138
997 1128 41 20 000
1048 1128 32 20 kr.

217 1188 19 19 2.
253 1187 42 20 RD
309 1189 91 24 antager
412 1187 34 20 för
458 1187 32 20 sin
504 1187 34 20 del
551 1187 79 26 förslag
643 1187 32 20 till
689 1187 34 26 lag
736 1194 35 13 om
784 1187 121 26 ersättning
918 1187 6 20 i
937 1187 57 20 vissa
1008 1187 37 20 fall
1058 1188 22 19 åt

189 1217 111 26 oskyldigt
312 1217 96 20 häktade
420 1217 51 20 eller
483 1217 80 20 dömda
575 1223 29 14 m.
615 1217 22 20 fl.

217 1247 19 19 3.
253 1247 42 19 RD
309 1246 88 21 anvisar
410 1246 32 20 till
455 1246 58 20 vissa
526 1246 147 27 ersättningar
686 1247 32 19 för
731 1246 182 27 inskränkningar
925 1246 7 20 i
945 1246 136 26 förfogande-

189 1277 73 19 rätten
272 1276 34 20 till
317 1276 44 20 fast
371 1276 106 26 egendom
489 1276 26 20 10
523 1276 41 20 000
575 1276 32 20 kr.
619 1276 33 26 (f).

216 1306 20 20 4.
253 1306 42 20 RD
308 1306 89 20 anvisar
408 1306 33 20 till
454 1306 77 26 bidrag
542 1306 33 20 till
588 1305 121 27 ersättning
722 1306 33 20 för
767 1306 79 20 skador
858 1311 77 21 genom
948 1306 133 20 Tämnarens

189 1336 168 26 översvämning
365 1336 41 20 225
415 1336 41 20 000
464 1336 33 19 kr.
508 1336 34 25 (r).

217 1365 19 21 5.
253 1365 42 20 RD
307 1365 118 27 medgiver,
438 1366 35 19 att
484 1365 71 20 såsom
568 1365 76 26 bidrag
656 1365 33 20 till
701 1365 110 26 kaptenen
822 1365 38 20 vid
872 1365 208 20 intendenturkåren

189 1391 25 24 Å.
225 1395 29 20 K.
264 1395 24 20 L.
300 1395 103 20 Eriksson
414 1395 33 20 för
456 1395 73 20 havda
539 1395 119 20 kostnader
667 1395 33 20 för
709 1395 112 20 anlitande
831 1401 28 14 av
869 1395 212 26 rättegångsbiträde

188 1425 7 20 i
204 1425 44 20 mål
257 1430 49 21 ang.
316 1431 80 14 ansvar
405 1425 34 20 för
447 1424 149 21 försummelse
605 1425 7 19 i
621 1425 97 26 tjänsten
728 1425 36 20 må
773 1425 48 20 från
831 1425 37 20 det
877 1425 12 20 å
899 1425 117 20 riksstaten
1027 1431 53 20 upp-

189 1455 62 20 förda
269 1455 190 26 förslagsanslaget
477 1454 33 21 till
528 1455 140 20 oförutsedda
687 1454 90 27 utgifter
795 1454 91 27 beviljas
904 1456 33 18 ett
955 1454 78 27 belopp
1052 1460 28 14 av

188 1484 41 20 400
244 1484 32 20 kr.

217 1520 42 20 RD
275 1520 143 26 bemyndigar
433 1520 63 20 KM:t
511 1521 34 19 att
560 1520 47 19 från
623 1520 98 26 anslaget
735 1520 33 19 till
784 1519 75 27 bidrag
874 1519 32 20 till
921 1520 158 26 skattetyngda

188 1550 130 19 kommuner
326 1550 79 19 bereda
414 1550 81 19 Hemsö
504 1549 105 20 kommun
618 1549 121 27 ersättning
747 1550 34 19 för
789 1550 42 19 vad
841 1550 132 19 kommunen
982 1549 58 20 visar
1048 1549 31 26 sig

188 1579 57 20 hava
257 1579 133 23 restituerat,
402 1579 69 26 jämte
482 1580 70 22 ränta,
565 1585 28 14 av
605 1579 26 20 de
642 1579 248 26 kommunalutskylder,
903 1585 46 14 som
961 1579 79 26 erlagts
1051 1585 29 14 av

188 1609 123 26 familjerna
319 1609 85 26 Kempe
413 1609 39 20 och
461 1609 100 26 Carlgren
569 1609 6 19 i
583 1609 42 20 anl.
635 1615 27 13 av
671 1609 61 20 deras
741 1608 99 27 taxering
848 1609 51 19 åren
909 1608 52 20 1943
969 1609 40 19 och
1020 1608 58 20 1944.

218 1650 17 20 1.
253 1650 42 20 RD
304 1650 88 20 anvisar
400 1650 32 20 till
442 1650 146 26 ersättningar
596 1650 34 20 för
638 1650 56 20 vissa
704 1650 79 20 skador
792 1650 6 20 i
807 1650 106 20 samband
922 1650 50 20 med
981 1650 41 20 den
1032 1656 15 14 s.
1058 1650 20 20 k.

189 1680 213 20 Hansakatastrofen
415 1680 12 20 å
440 1680 132 26 tilläggsstat
586 1680 21 19 II
620 1680 26 20 25
655 1680 41 19 000
708 1680 31 19 kr.
753 1680 33 25 (f).

216 1710 19 19 2.
253 1709 42 20 RD
307 1709 88 20 anvisar
406 1709 32 20 till
450 1709 121 26 ersättning
583 1709 33 20 för
627 1709 57 20 vissa
697 1709 152 20 bötesandelar
860 1710 13 19 2
881 1709 41 20 000
934 1709 31 20 kr.
978 1710 58 19 samt
1048 1709 32 20 till

189 1739 121 26 ersättning
320 1739 34 20 för
364 1739 94 20 förlorad
469 1739 197 26 inteckningslösen
677 1739 37 20 vid
725 1739 211 20 stadsdomstolarna
949 1739 38 20 138
996 1739 41 20 000
1048 1739 31 20 kr.

216 1799 20 19 3.
253 1798 42 20 RD
304 1798 72 20 avslår
384 1798 83 20 motion
477 1804 34 14 om
520 1798 131 26 gottgörelse
659 1799 24 19 åt
690 1798 114 26 jordägare
813 1798 6 20 i
828 1798 81 20 Kumla
918 1804 29 14 m.
957 1798 22 20 fl.
989 1798 92 20 socknar

189 1828 33 20 för
232 1828 107 23 förluster,
350 1828 118 20 åsamkade
478 1834 28 14 av
516 1828 82 26 Sagåns
608 1828 168 26 översvämning
786 1828 24 20 år
821 1828 59 20 1944.

217 1857 19 20 4.
253 1858 42 20 RD
309 1858 88 20 anvisar
409 1857 33 21 till
455 1858 57 20 vissa
526 1858 146 26 ersättningar
685 1858 33 20 för
730 1857 182 27 inskränkningar
925 1857 6 20 i
944 1857 137 27 förfogande-

189 1889 72 18 rätten
270 1887 33 20 till
313 1888 44 19 fast
365 1888 105 25 egendom
481 1888 25 19 10
515 1888 41 19 000
564 1888 32 19 kr.
607 1887 32 26 (f).

217 1917 19 20 5.
253 1917 42 20 RD
309 1917 143 26 bemyndigar
465 1917 63 20 KM:t
540 1918 35 19 att
588 1917 68 20 under
670 1917 129 26 budgetåret
814 1917 88 26 1946/47
915 1918 81 25 avgöra
1009 1917 72 26 frågor

189 1953 35 13 om
235 1947 120 20 avstående
365 1953 28 14 av
403 1947 155 26 fordringsrätt
568 1953 28 13 m.
606 1953 29 14 m.
647 1947 6 19 i
664 1947 41 19 den
716 1946 158 27 utsträckning,
886 1953 46 14 som
943 1953 28 13 av
982 1947 99 26 departe-

189 1976 149 20 mentschefen
350 1976 7 20 i
368 1976 242 27 statsrådsprotokollet
622 1978 51 19 över
685 1977 191 19 försvarsärenden
888 1976 34 20 för
934 1976 41 20 den
990 1976 24 21 15
1026 1976 54 20 febr.

191 2006 52 20 1946
258 2006 102 26 angivits.

217 2035 19 21 6.
253 2036 42 19 RD
312 2035 117 27 medgiver,
446 2037 35 18 att
496 2035 7 20 i
519 2035 43 21 anl.
579 2041 28 14 av
624 2036 26 19 de
666 2035 134 27 sjukdomar,
817 2036 50 20 Ulla
883 2035 70 27 Birgit
969 2035 112 21 Marianne

189 2065 93 23 Brandt,
297 2065 70 20 Annie
381 2065 68 20 Maria
465 2065 139 26 Häggström,
619 2065 113 26 Magnhild
746 2065 87 24 Kanon,
850 2065 73 26 Ingrid
937 2065 49 24 Liif,
1001 2065 79 20 Nanna

191 2095 104 23 Stenvall,
313 2094 89 27 Hjördis
419 2091 109 27 Ödmann,
546 2095 94 20 Gertrud
657 2095 101 26 Fröberg,
776 2095 79 26 Margit
872 2095 121 26 Ekengren,
1011 2094 69 21 Karin

1101 180 25 20 Ae
1149 184 53 20 rep
1235 160 91 38 SOONER
1357 196 3 2 z
1383 156 83 46 SISKOrE
1507 157 57 59 Skriv,
1557 157 50 46 jr
1626 157 92 29 Protokoll
1737 197 26 2 CS

1230 214 32 16 FK
1265 210 23 29 |
1293 214 34 16 AK
1349 214 84 16 |SmllAvd]
1458 214 26 16 Nr
1603 215 33 15 FK
1702 215 34 16 AK

1101 285 28 20 44]
1158 285 38 20 1:21
1241 297 26 2 —I
1306 298 26 1 —I
1368 285 60 20 61—
1479 286 13 19 2
1544 286 106 20 207218)
1696 286 54 20 7:25

1147 319 21 19 pt
1180 317 24 17 33
1447 317 86 17 s.151s.
1545 318 11 17 9

1150 343 55 31 —34
1390 363 2 2 I

1112 380 8 13 »
1131 370 22 34 |
1156 374 40 20 2241
1241 386 27 2 —I
1306 387 26 1 —I
1367 375 60 19 61—]
1433 370 5 34 |
1454 374 34 20 1111
1516 375 98 20 265116:
1618 370 13 34 9
1685 375 65 20 16:12

1112 499 8 13 »
1130 489 18 33 I
1159 493 34 20 161
1247 505 21 2 —|
1306 505 26 2 —]
1367 493 60 20 61—]|
1454 493 37 20 1281
1516 494 99 20 288118:
1626 496 24 17 45
1655 489 22 34 |
1685 494 30 20 18:
1727 496 24 17 28

1112 1034 8 13 »
1129 1024 22 34 |
1170 1028 163 20 —11971305]
1368 1028 12 19 9|
1416 1029 12 19 2/|
1466 1028 26 20 65]
1530 1028 119 20 —1J125:71
1654 1024 22 34 |
1682 1028 33 20 26:
1727 1030 24 18 36

1101 1099 27 19 451
1158 1099 39 19 1:21
1242 1111 27 1 —I
1307 1111 26 1 —I
1368 1099 60 19 6/—
1480 1099 13 19 2
1545 1100 12 18 2
1561 1095 54 33 Il:
1628 1095 52 33 19.)
1685 1099 66 19 11:28

1148 1132 21 19 pt
1180 1130 25 17 35
1448 1130 86 17 s.171s.
1546 1130 10 17 8

1150 1160 55 17 —36

1112 1193 8 13 »
1173 1187 24 20 101.
1241 1199 92 2 ——1]
1368 1187 12 20 91
1418 1187 7 20 1)
1469 1187 181 20 191114113:42
1663 1183 14 35 1
1685 1188 66 19 13:17

1112 1252 8 13 »
1133 1242 18 34 I
1159 1246 38 20 1:41]
1241 1258 27 2 —I
1306 1258 27 2 —I
1368 1247 61 19 61—
1480 1246 13 20 4
1545 1246 70 20 4121:
1621 1242 29 34 45
1655 1242 22 34 |
1682 1247 33 20 21:
1727 1248 24 18 55

1146 1280 20 19 pt
1174 1274 37 30 185]
1445 1278 82 17 s.1231s.
1531 1274 28 29 40

1112 1312 8 13 »
1156 1306 41 20 12781]
1241 1318 27 2 —|
1306 1305 122 21 —]101—]1
1466 1306 91 20 681408
1582 1306 33 20 128:
1627 1308 24 17 98
1654 1301 23 35 |
1683 1307 32 19 28:
1727 1308 24 17 62

1111 1371 9 13 »
1128 1361 28 35 |
1169 1378 28 2 —I
1240 1365 92 20 —12571
1367 1365 13 20 6
1401 1377 27 2 1—]
1452 1365 40 20 257
1496 1361 18 35 |
1517 1365 38 20 521
1557 1361 19 35 |
1582 1365 33 20 31:
1627 1367 24 18 90
1660 1361 18 35 |
1683 1365 33 20 32:
1729 1367 23 17 16

1100 1519 27 20 451
1155 1520 40 20 363
1206 1515 26 34 |
1240 1532 27 2 —!I
1305 1532 27 1 —]I
1367 1520 60 19 6/|—]
1452 1520 41 20 2821
1517 1519 97 21 582138:
1625 1522 10 16 6
1683 1520 32 19 40:
1727 1522 25 17 28

1101 1549 20 20 H

1100 1650 27 20 461
1169 1650 13 20 2
1241 1662 27 2 —!I
1305 1662 27 2 —]
1367 1650 61 19 6|—]|
1466 1650 23 20 211
1531 1650 26 19 271
1596 1650 55 19 7:13
1657 1646 26 33 |
1697 1650 55 20 7:16

1151 1687 15 11 s.
1178 1682 25 17 84
1453 1682 38 17 8.2

1111 1716 8 13 »
1134 1705 14 34 I]
1157 1710 39 19 1:21]
1240 1721 28 2 —I
1306 1721 26 2 —I
1367 1709 60 20 6/—
1480 1710 13 19 21
1545 1709 92 20 2110:6
1685 1709 67 20 |10:25

1147 1743 21 19 pt
1179 1741 25 17 33
1447 1746 15 12 si
1472 1741 22 17 171
1519 1741 38 17 5-9

1149 1771 55 17 —34

1111 1804 8 13 »
1131 1794 22 35 |
1169 1811 28 2 —1
1240 1798 188 20 —12931101—1
1466 1798 26 20 43].
1531 1798 84 20 —]18:
1685 1798 30 20 19:
1727 1798 39 20 67d

1466 1828 26 20 45
1582 1828 33 20 20:
1627 1829 24 18 55
1654 1824 22 34 |
1683 1828 32 20 21:
1727 1828 39 20 86d

1111 1864 9 13 »
1158 1858 38 20 I1:4]
1240 1869 27 3 —I
1305 1869 27 2 —1
1367 1858 60 19 61—
1480 1857 12 20 4
1545 1857 70 21 4119:
1626 1859 25 18 65
1652 1853 23 35 |
1683 1858 32 20 20:
1727 1859 24 18 47

1145 1891 21 20 pt
1172 1890 37 17 201
1444 1889 84 18 s.140ls.
1533 1885 26 31 42

1111 1924 8 12 »
1169 1918 27 19 [82]
1240 1929 28 2 —|
1305 1929 27 2 —]
1367 1917 61 19 6|—1
1454 1917 39 20 1661
1517 1917 41 20 310]
1582 1918 33 19 22:
1627 1919 23 17 27
1655 1913 22 34 |
1682 1918 33 19 23:
1727 1919 24 17 20

1155 1951 21 19 pt
1188 1950 7 16 1
1454 1954 15 11 s.
1481 1949 79 17 31s.13

1111 2042 9 13 »
1126 2032 22 34 |
1156 2036 38 20 281
1241 2047 27 3 —I|
1305 2048 28 2 —)
1368 2035 61 20 61/—1
1454 2036 39 20 1831
1517 2035 98 20 389123:
1627 2037 24 18 90
1676 2035 90 20 |24:122d
