1845 2359
169 152 42 22 196
905 161 136 15 SAKREGISTER

190 437 169 27 Avsöndringar
373 445 27 13 m.
417 445 26 14 m.

236 468 53 20 ende
309 468 102 26 vägdelen
427 468 8 20 i
450 468 48 20 dess
520 470 71 19 västra
611 470 69 25 gräns,
697 468 45 21 dels
758 469 39 20 ock
814 468 50 21 med
880 469 149 21 hembudsrätt

235 498 133 20 beträffande
390 498 66 20 lotten
481 498 39 20 litt.
545 498 43 20 Cba
611 499 33 20 för
666 498 78 21 lottens
760 499 123 20 nuvarande
899 499 129 25 arrendator,

236 529 76 25 ägaren
337 535 26 13 av
381 528 66 20 lotten
464 528 145 26 angränsande
625 528 127 26 lägenheten
768 528 118 27 Raknöäng
903 529 52 20 eller
970 529 59 27 Rytt-

236 560 172 22 mästarevreten,
426 558 23 20 C.
465 558 25 20 G.
507 558 73 24 Sköld,
596 558 40 20 och
653 558 131 21 beträffande
800 559 67 20 lotten
883 559 40 20 litt.
944 559 45 20 Cbb
996 559 33 21 för

236 587 48 21 dess
301 587 123 21 nuvarande
440 588 128 24 arrendator,
578 590 76 24 ägaren
663 595 26 14 av
697 588 67 21 lotten
773 588 145 27 angränsande
934 589 94 20 hemma-

236 624 42 14 nen
294 617 129 27 Brorsingby
438 625 26 13 nr
481 617 10 21 1
509 618 39 20 och
565 618 20 24 2,
602 618 21 20 P.
642 618 19 21 J.
678 618 76 27 Ljung.

178 694 25 16 68
221 689 38 21 RD
275 689 114 27 medgiver,
406 691 32 19 att
453 689 64 21 sedan
534 690 42 20 den
594 690 33 20 till
643 690 153 21 Strömsholms
807 690 121 27 kronopark
935 691 93 20 hörande

236 720 97 26 Köpings
356 720 106 27 Djurgård
478 720 114 27 uppdelats
607 721 7 19 i
630 721 44 19 åtta
689 721 33 20 uti
738 720 232 27 statsrådsprotokollet
985 728 43 13 om-

235 750 107 20 förmälda
365 750 69 24 lotter,
450 749 111 21 desamma
576 751 36 19 må
627 757 37 14 var
679 750 33 20 för
727 751 32 25 sig
774 750 50 21 med
839 751 7 20 i
862 757 84 14 samma
961 753 67 24 proto-

235 779 45 21 koll
303 780 85 26 angivet
402 780 87 20 område
505 781 13 19 å
533 780 97 26 offentlig
645 780 89 20 auktion
749 780 34 20 till
799 780 42 21 den
856 781 173 27 högstbjudande

235 809 99 27 försäljas
349 809 68 21 under
433 809 26 21 de
474 810 8 20 i
498 810 72 21 brevet
585 810 41 21 den
643 810 27 20 29
688 811 43 26 maj
750 810 57 21 1874
825 811 101 26 stadgade
937 811 92 26 grunder

236 839 50 21 med
301 839 147 21 tillträdesrätt
463 839 37 21 vid
515 840 53 27 köps
584 840 127 20 avslutande
727 841 39 20 och
782 840 68 21 under
865 841 57 21 vissa
938 841 91 26 angivna

234 869 85 21 villkor.

178 946 25 16 69
220 941 38 20 RD
282 941 115 26 medgiver,
414 942 31 19 att
460 948 27 14 av
502 941 199 26 kronoegendomen
718 939 37 30 ?/,,
772 942 82 20 mantal
870 942 88 27 Långby
974 949 25 13 nr
1016 942 9 21 1

235 971 42 20 litt.
302 971 33 20 Aa
349 971 8 20 i
373 971 125 20 Badelunda
520 971 78 21 socken
613 972 36 19 må
664 970 99 28 försäljas
779 971 45 21 dels
840 972 130 26 ägolotterna
987 972 40 21 litt.

236 1002 38 24 Ac,
297 1000 41 25 Ad,
365 1001 38 24 Ae,
423 1002 25 24 A,
464 1001 40 26 Ag,
522 1002 49 24 Am,
588 1002 32 20 Ao
635 1001 40 21 och
692 1002 34 26 Ap
742 1001 66 26 enligt
823 1002 99 26 gällande
937 1002 92 26 grunder

236 1031 33 20 för
293 1030 130 26 upplåtande
447 1038 26 13 av
494 1031 239 26 egnahemslägenheter
755 1032 48 20 från
827 1032 201 26 kronoegendomar,

235 1060 47 20 dels
298 1060 39 20 ock
353 1060 131 26 egendomen
500 1060 7 20 i
522 1061 69 25 övrigt
606 1060 50 20 med
675 1060 109 27 undantag
800 1068 26 13 av
842 1061 26 20 de
879 1061 49 20 med
936 1061 41 21 litt.
987 1062 41 23 Ah,

235 1090 28 20 Ai
285 1090 40 20 och
349 1090 27 20 Al
400 1090 130 20 betecknade
547 1090 131 26 ägolotterna
693 1091 13 19 å
721 1091 97 26 offentlig
834 1091 88 20 auktion
938 1091 34 20 till
987 1091 41 21 den

236 1119 173 27 högstbjudande
432 1119 68 21 under
521 1119 26 21 de
563 1120 8 20 i
587 1120 72 21 brevet
681 1120 41 20 den
747 1120 27 20 29
793 1121 44 26 maj
856 1120 56 21 1874
928 1121 101 26 stadgade

235 1149 85 25 villkor,
336 1149 50 21 med
401 1149 150 21 tillträdesrätt
565 1149 42 21 den
624 1150 27 20 14
668 1156 56 15 mars
741 1150 63 20 1929.

206 1221 62 20 Inom
287 1220 128 27 Gävleborgs
430 1221 46 20 län:

177 1255 26 17 70
220 1251 39 20 RD
274 1251 115 26 medgiver,
407 1253 31 18 att
453 1253 31 18 ett
499 1251 8 20 i
522 1251 232 27 statsrådsprotokollet
769 1252 124 20 omförmält
901 1252 128 26 inägoskifte

235 1287 27 14 av
283 1281 193 20 kronohemmanet
499 1281 12 20 3
528 1282 52 19 öres-
598 1281 27 21 20
641 1281 146 27 penningland
803 1282 93 26 Storbyn
911 1289 26 13 nr
947 1282 25 20 11
988 1282 39 21 iitt.

235 1311 37 20 DL
288 1310 55 28 (11?)
357 1311 8 20 i
380 1310 71 21 Färila
466 1311 78 20 socken
560 1311 36 20 må
611 1311 124 27 frånskiljas
747 1312 181 20 stamhemmanet
938 1313 40 20 och
990 1312 39 20 för-

236 1340 65 27 säljas
316 1341 13 19 å
344 1341 98 25 offentlig
465 1341 89 20 auktion
578 1341 34 20 till
635 1341 41 20 den
700 1341 172 27 högstbjudande
891 1342 27 26 på
934 1342 7 20 i
957 1342 73 20 brevet

236 1370 41 20 den
294 1369 27 21 29
338 1371 44 26 maj
397 1370 57 21 1874
470 1370 143 21 omförmälda
628 1371 78 21 villkor
721 1371 38 20 och
772 1371 48 21 med
830 1371 148 21 tillträdesrätt
988 1372 41 20 den

237 1399 27 21 14
280 1406 56 14 mars
354 1400 62 20 1928.

205 1471 63 21 Inom
284 1470 126 22 Jämtlands
426 1471 44 20 län:

178 1506 24 17 71
221 1501 37 20 RD
275 1501 114 26 medgiver,
413 1503 31 18 att
467 1501 47 20 från
538 1501 199 26 kronoegendomen
755 1501 35 28 7/;,
808 1502 81 21 mantal
905 1503 124 26 Rätansbyn

237 1538 25 13 nr
278 1531 13 20 2
307 1531 8 20 i
330 1531 79 20 Rätans
433 1531 77 20 socken
529 1532 37 19 må
581 1531 124 27 frånskiljas
721 1534 31 18 ett
767 1533 12 19 å
795 1532 41 20 den
852 1532 7 20 i
875 1532 87 21 ärendet
977 1533 52 20 före-

237 1560 65 21 tedda
317 1561 74 20 kartan
408 1561 86 26 angivet
509 1561 86 20 område
612 1568 35 13 om
664 1562 78 20 24.012
760 1562 75 20 hektar
850 1564 56 18 samt
924 1564 32 19 att
963 1563 66 20 områ-

237 1590 37 21 det
296 1590 51 21 med
362 1591 51 20 därå
431 1591 110 26 befintliga
560 1591 82 20 kronan
657 1591 129 21 tillhörande
803 1592 121 26 byggnader
940 1593 35 19 må
990 1592 39 20 för-

236 1620 66 27 säljas
317 1620 50 21 med
382 1622 42 19 rätt
439 1621 34 20 för
489 1620 124 22 nuvarande
628 1621 137 21 arrendatorn
782 1623 31 19 att
828 1622 81 20 erhålla
927 1622 101 20 hembud.

179 1697 25 16 72
222 1692 37 20 RD
275 1692 115 26 medgiver,
406 1694 31 19 att
453 1694 31 19 ett
498 1693 7 19 i
521 1692 232 27 statsrådsprotokollet
763 1693 124 20 omförmält
897 1693 87 21 område
994 1700 36 13 om

237 1722 79 21 0.6315
334 1722 76 20 hektar
425 1729 26 14 av
467 1721 42 29 5!/;
526 1724 47 24 trög
587 1722 105 27 Kyrkbyn
709 1730 25 13 nr
750 1723 28 20 24
794 1723 40 20 litt.
852 1724 28 19 24
896 1730 19 19 a,
926 1730 16 13 r.
952 1730 25 13 nr
985 1724 44 24 242,

237 1752 8 20 i
261 1752 61 20 Hede
340 1752 78 20 socken
435 1753 36 19 må
486 1752 124 27 frånskiljas
626 1753 184 26 stamfastigheten
827 1753 39 20 och
882 1753 99 27 försäljas
997 1753 33 21 till

238 1782 23 20 L.
278 1782 23 20 F.
318 1781 68 21 Molin
401 1784 46 18 mot
462 1789 26 13 en
504 1782 144 27 köpeskilling
664 1789 26 14 av
707 1782 42 21 630
765 1783 30 20 kr.
813 1785 32 18 att
860 1783 92 20 kontant
967 1783 63 26 erläg-

236 1818 37 19 gas
297 1811 34 21 till
354 1811 190 27 domänstyrelsen,
564 1814 100 19 ävensom
684 1812 68 21 under
767 1813 57 20 vissa
839 1813 92 26 angivna
947 1813 83 21 villkor.

207 1877 63 20 Inom
294 1876 154 21 Västerbottens
464 1877 44 20 län:

180 1911 25 17 73
222 1907 38 20 RD
277 1906 114 26 medgiver,
408 1908 31 19 att
455 1907 42 20 den
512 1907 81 20 kronan
610 1907 108 27 tillhöriga
733 1908 129 26 fastigheten
877 1915 26 13 nr
920 1909 10 19 1
948 1908 7 20 i
971 1908 60 20 kvar-

237 1937 54 20 teret
306 1936 45 21 Ask
367 1937 7 19 i
389 1937 68 20 Umeå
473 1937 37 20 må
524 1937 99 26 försäljas
638 1937 34 20 till
688 1937 161 21 Västerbottens
865 1938 46 20 läns
922 1938 110 20 lutherska

237 1966 121 21 soldathem
380 1967 33 19 för
438 1973 26 14 en
483 1967 144 26 köpeskilling
645 1974 26 13 av
687 1967 80 21 42000
783 1967 31 20 kr.
831 1968 39 20 och
886 1970 46 18 mot
948 1968 83 24 villkor,

237 1997 32 19 att
285 1996 93 26 köparen
394 1996 118 21 vidkännes
528 1997 42 20 alla
586 2003 26 14 av
627 1997 78 26 lagfart
720 1998 13 19 å
748 1998 72 25 fånget
835 1997 126 21 föranledda
976 1998 55 20 kost-

238 2025 71 25 nader,
333 2027 57 19 samt
412 2028 31 18 att
466 2026 170 27 köpeskillingen
660 2027 36 20 må
711 2027 145 26 tillgodoföras
872 2027 160 21 lantförsvarets

237 2055 53 21 fond
305 2056 34 20 för
355 2056 121 27 byggnader
491 2056 40 21 och
547 2056 66 21 andra
628 2057 199 21 försvarsändamål,

1118 224 40 34 Så
1500 231 54 18 Riks-

1064 254 89 28 SEE
1218 279 3 3 ;
1322 245 106 42 Utskötts-
1490 254 74 33 dagens
1621 262 118 17 Kamrarnas

1064 285 17 11 x
1091 275 24 30 |
1118 280 11 9 7
1176 279 94 17 [Motioner
1310 275 123 30 utlåtanden
1515 291 29 17 a
1606 292 96 17 förhandli

1064 301 12 9 2
1118 299 41 20 155
1309 308 35 18 ller
1357 309 99 17 memorial
1505 296 46 12 2
1615 294 136 20 OrORSUNgER

1064 314 17 28 3
1118 312 41 32 ZE
1298 314 10 12 $
1489 315 71 30 velser

1063 339 16 27 cl
1118 343 39 21 sr

1064 361 17 24 a
1118 355 35 28 lag
1291 369 58 22 elr
1446 376 17 12 a
1548 377 16 12 ze
1566 367 14 33 |
1594 376 56 17 Första
1667 367 22 33 |
1696 375 43 18 And

1142 386 11 8 2
1186 386 26 12 IFK
1446 390 17 5 2
1548 390 17 6 2
1624 381 38 12 rsta
1714 381 48 11 ndra

1064 390 11 9 5
1120 385 33 40 3
1179 386 87 17 PETAR
1291 382 17 38 ä
1332 392 18 30 å
1386 386 17 27 Z
1446 393 12 32 SS
1500 386 17 27 =
1547 397 18 25 &)
1591 399 70 17 kamm.
1662 393 26 33 |
1694 400 70 16 kamm.

1044 470 54 21 1927

1067 699 8 11 »
1116 691 41 21 1166
1282 692 26 21 10
1387 692 27 20 281
1461 692 102 22 914311]
1596 693 69 21 19:46
1666 688 14 36 |
1697 693 34 21 20:38

1113 726 46 23 p-21

1067 950 8 11 >»
1116 943 41 21 1215
1283 944 26 20 10
1387 944 28 20 46
1414 940 23 34 |
1448 944 117 21 16|327|121]
1595 944 69 20 27:13
1667 940 22 34 |
1697 944 70 21 28:16

1114 978 46 22 p.38

1067 1260 9 11 >»
1117 1252 41 21 1166
1283 1253 26 20 10
1388 1253 28 21 281
1449 1253 116 22 10|143l11]
1598 1254 68 20 19:46
1665 1249 19 36 |
1698 1254 54 20 20:38

1114 1287 46 23 p.22

1068 1511 8 9 »
1117 1503 41 20 [215
1284 1504 26 20 10
1388 1504 28 20 461
1449 1504 117 21 16/327|12]
1597 1504 69 21 27:13
1668 1500 23 35 |
1699 1504 69 21 28:16

1115 1537 45 23 p-39

1068 1701 9 11 >»
1117 1694 42 21 [215
1284 1694 26 21 10
1389 1695 28 20 461
1451 1694 117 22 16|327|12]
1599 1695 70 20 27:13
1670 1690 19 36 |
1701 1695 69 21 28:16

1115 1729 46 22 p-40

1069 1908 84 21 $c92
1286 1909 25 20 10
1391 1909 27 20 21
1493 1910 41 21 136
1601 1909 68 21 16:48
1703 1910 68 21 1Ut:18
