1862 2363
169 157 40 20 324

865 156 224 17 SAKREGISTER

189 449 165 27 Dyrtidstillägg.

229 480 74 23 sluter,
315 482 34 18 att
360 479 161 27 dyrtidstillägg
532 480 23 19 åt
566 479 215 26 befattningshavare
792 479 39 20 och
843 479 137 26 pensionärer
991 479 36 19 vid

230 511 83 18 statens
331 510 104 20 domäner
453 509 39 20 och
510 511 83 18 statens
611 509 250 26 reproduktionsanstalt
878 509 50 20 eller
945 509 36 19 vid
999 515 28 13 av

230 540 95 20 nämnda
340 540 53 20 verk
407 541 118 24 övertagna
541 539 83 26 företag
638 539 51 20 eller
703 539 145 25 inrättningar
862 540 57 18 samt
933 539 95 26 dyrtids-

229 570 75 26 tillägg
316 570 23 20 åt
352 569 215 26 befattningshavare
580 569 36 20 vid
629 569 184 20 stuteriväsendet
824 569 60 20 skola
897 569 51 26 utgå
961 575 28 14 av
1001 569 26 20 de

229 600 77 23 medel,
319 606 28 14 av
360 600 59 19 vilka
432 600 87 19 verkets
532 599 50 20 eller
594 599 163 20 institutionens
771 599 154 20 omkostnader
937 599 6 19 i
956 599 71 25 övrigt

229 630 115 23 bestridas,
362 630 44 19 dels
424 630 39 19 ock
479 629 88 20 anvisar
583 629 32 20 till
632 629 138 20 bestridande
787 635 28 14 av
832 628 145 20 kostnaderna
994 629 34 19 för

230 660 162 26 dyrtidstillägg
405 660 24 19 åt
443 659 215 26 befattningshavare
673 659 36 19 vid
724 659 26 20 de
764 659 33 19 till
810 658 218 27 jordbruksdeparte-

229 691 84 18 mentet
327 689 95 20 hörande
437 690 138 19 ämbetsverk
590 689 39 20 och
643 689 63 20 kårer
720 689 32 19 för
766 689 129 25 budgetåret
911 688 116 26 1931/1932

229 721 34 18 ett
274 721 62 18 extra
349 719 166 26 förslagsanslag
527 725 28 14 av
567 719 40 20 850
616 718 41 20 000
669 720 32 19 kr.

178 782 22 18 15
216 779 42 20 RD
276 779 44 20 dels
337 779 126 26 godkänner
480 779 25 19 de
523 785 27 13 av
568 778 237 26 departementschefen
823 778 5 20 i
846 778 182 26 statsrådsproto-

229 809 67 20 kollet
311 811 52 18 över
377 809 232 19 ecklesiastikärenden
625 809 41 19 den
683 808 24 20 13
723 808 53 20 febr.
793 808 50 20 1931
861 808 114 20 förordade
990 808 38 20 all-

229 840 80 19 männa
321 839 123 26 grunderna
456 839 33 19 för
500 838 123 26 beviljande
635 844 28 14 av
675 838 161 26 dyrtidstillägg
848 838 68 19 under
927 837 101 21 ecklesia-

229 868 93 21 stikåret
341 868 117 27 1931/1932
475 868 33 20 till
526 868 26 20 de
570 869 119 25 prästmän,
707 874 46 13 som
771 868 71 20 finnas
861 867 142 20 omförmälda
1021 867 6 20 i

229 898 61 26 lagen
302 898 40 20 den
353 898 27 20 30
390 904 48 20 aug.
452 898 52 20 1918
515 898 34 25 (nr
559 898 48 25 724)
618 903 48 21 ang.
678 897 222 26 krigstidsunderstöd
911 898 24 19 åt
944 899 84 25 präster

229 928 6 20 i
248 928 139 26 nyreglerade
400 930 100 24 pastorat
512 930 57 17 samt
581 928 24 19 åt
617 928 57 19 vissa
687 934 17 13 e.
716 934 18 13 o.
748 929 84 25 präster
845 928 38 19 och
897 928 131 19 innehavare

229 964 28 14 av
275 958 127 26 prästerliga
420 958 145 20 emeritilöner
582 960 103 17 ävensom
704 958 4 19 i
728 958 60 26 lagen
807 958 41 19 den
868 958 24 19 19
908 963 50 14 nov.
975 957 53 20 1920

229 988 34 25 (nr
276 988 49 26 844)
338 993 49 21 ang.
402 988 161 26 dyrtidstillägg
576 988 23 19 åt
612 988 198 25 kontraktprostar,
824 987 49 20 med
886 987 142 26 iakttagande

229 1018 56 20 dock
308 1019 42 22 att,
375 1024 35 14 om
433 1018 99 26 gällande
556 1017 263 20 levnadskostnadsindex
842 1017 34 20 för
899 1017 129 26 budgetåret

230 1048 118 25 1931/1932
363 1048 81 25 nedgår
458 1048 69 19 under
541 1048 75 19 siffran
634 1047 44 23 160,
694 1047 185 26 dyrtidstillägget
893 1047 66 19 likväl
973 1047 55 19 skall

230 1077 106 20 beräknas
356 1077 49 20 med
426 1077 166 26 utgångspunkt
612 1077 47 19 från
679 1077 136 19 sistnämnda
835 1076 67 23 siffra,
924 1076 44 20 dels
988 1076 39 20 ock

229 1107 143 26 bemyndigar
381 1107 64 20 KM:t
453 1108 42 22 att,
505 1107 72 20 därest
587 1107 37 19 det
632 1107 31 19 tal
673 1106 33 20 för
715 1106 312 26 levnadskostnadsökningen,

229 1137 5 19 i
256 1137 136 19 förhållande
413 1137 74 19 vartill
508 1136 245 26 statstjänstemännens
775 1136 161 26 dyrtidstillägg
957 1136 70 26 utgår,

230 1167 40 19 blir
281 1167 90 19 föremål
382 1167 34 19 för
427 1166 98 26 ändring,
538 1166 108 23 förordna,
659 1168 34 17 att
705 1166 37 19 det
752 1166 33 19 till
797 1166 25 19 de
834 1166 6 19 i
851 1166 71 25 tjänst
932 1165 96 20 varande

230 1198 155 24 prästmännen
413 1196 107 26 utgående
548 1196 184 26 dyrtidstillägget
758 1196 53 19 skall
838 1195 95 26 undergå
960 1195 68 26 skälig

228 1226 121 26 jämkning,
363 1226 67 20 likväl
443 1226 49 20 med
505 1226 141 26 iakttagande
660 1231 27 14 av
700 1225 43 20 vad
757 1231 55 14 ovan
826 1227 59 23 sagts
897 1227 41 18 rör.
952 1225 75 20 siffran

230 1256 39 19 160
284 1256 70 19 såsom
370 1256 114 19 minimum
500 1255 33 20 för
548 1256 94 19 nämnda
658 1255 37 20 tal.

190 1348 7 17 1
215 1345 42 20 RD
272 1345 102 23 besluter,
388 1346 35 18 att
436 1345 161 26 dyrtidstillägg
610 1344 54 20 skall
679 1344 67 20 under
759 1344 146 20 innevarande
920 1344 41 20 RD
975 1344 53 20 tills-

228 1375 81 23 vidare,
326 1375 57 20 intill
398 1375 48 20 dess
462 1375 135 19 annorlunda
613 1375 42 19 kan
671 1374 68 20 varda
755 1380 28 13 av
799 1374 42 19 RD
857 1374 102 23 bestämt,
976 1373 51 27 utgå

228 1405 32 19 till
278 1405 25 19 de
327 1405 38 19 hos
382 1405 61 19 RD:s
460 1405 93 23 kamrar,
571 1404 99 26 ständiga
689 1404 39 20 och
745 1403 106 27 tillfälliga
868 1404 86 19 utskott
971 1405 57 18 samt

228 1435 72 20 kansli
318 1434 107 20 anställda
441 1434 133 26 tjänstemän
590 1434 39 20 och
644 1433 154 26 vaktbetjänte
813 1433 67 26 enligt
895 1433 25 20 de
935 1433 93 26 grunder

228 1470 46 14 som
289 1464 56 26 gälla
357 1465 33 19 för
400 1464 215 26 befattningshavare
626 1464 6 20 i
642 1465 83 18 statens
736 1464 69 25 tjänst
816 1463 36 20 vid
863 1463 47 20 icke
920 1463 107 26 reglerade

228 1495 61 22 verk,
303 1494 55 20 dock
370 1496 34 18 att
417 1494 36 20 det
466 1494 75 26 högsta
555 1494 84 26 belopp,
652 1494 33 19 för
696 1493 69 20 vilket
776 1493 161 26 dyrtidstillägg
948 1494 12 19 å
972 1499 56 14 sam-

228 1524 116 26 manlagda
359 1524 129 26 avlöningen
503 1524 33 19 för
550 1524 78 19 månad
643 1524 6 19 i
664 1523 169 26 riksdagstjänst
847 1523 39 20 och
900 1523 127 25 statstjänst

228 1554 35 20 må
277 1554 58 25 utgå,
349 1554 54 20 skall
416 1555 77 24 utgöra
507 1553 56 21 1250
575 1554 32 19 kr.

189 1617 9 16 2
215 1613 42 20 RD
277 1613 88 20 anvisar
384 1614 34 19 för
439 1613 121 20 beredande
579 1619 28 14 av
628 1612 161 26 dyrtidstillägg
810 1612 68 20 under
897 1612 129 26 budgetåret

230 1643 116 26 1932/1933
358 1643 24 20 åt
393 1643 155 26 pensionerade
560 1643 101 20 båtsmän
673 1643 39 19 och
724 1642 166 20 marinsoldater
900 1643 58 19 samt
969 1642 58 20 Vad-

227 1675 61 18 stena
306 1673 239 25 krigsmanshuskassas
562 1672 212 26 understödstagare,
791 1672 59 20 vilka
866 1672 37 19 vid
920 1672 105 26 ingången

227 1709 29 13 av
270 1703 40 25 juli
326 1703 80 19 månad
423 1703 23 19 år
463 1702 53 20 1932
532 1702 96 26 uppnått
643 1708 26 14 en
686 1701 150 21 levnadsålder
851 1707 28 14 av
895 1701 26 20 60
937 1702 24 19 år
976 1701 50 20 eller

228 1733 98 22 däröver,
345 1732 34 20 för
397 1732 130 26 budgetåret
547 1732 117 26 1932/1933
682 1733 34 18 ett
733 1733 62 18 extra
814 1731 166 26 förslagsanslag
998 1737 28 14 av

229 1762 56 20 1050
293 1762 41 20 000
352 1762 40 23 kr.;
411 1762 40 20 och
469 1762 106 20 förklarar
593 1761 49 24 RD,
661 1763 34 18 att
713 1761 185 26 dyrtidstillägget
915 1761 33 20 till
965 1761 60 26 varje

228 1792 60 26 dylik
298 1792 36 19 vid
345 1792 106 26 ingången
461 1798 29 13 av
498 1792 39 25 juli
548 1792 79 19 månad
638 1792 24 19 år
673 1791 52 20 1932
735 1791 33 20 till
777 1791 89 26 pension
877 1790 50 20 eller
936 1790 89 21 därmed

226 1821 121 26 jämförligt
361 1822 119 19 understöd
494 1822 47 19 från
556 1821 140 23 statsverket,
711 1820 191 20 statsunderstödd
916 1820 110 27 pensions-

227 1852 122 25 inrättning
372 1851 50 20 eller
445 1851 111 21 Vadstena
580 1851 228 25 krigsmanshuskassa
832 1850 124 26 berättigad
980 1850 45 20 f.d.

227 1881 216 26 befattningshavare
462 1881 55 20 skall
536 1881 51 26 utgå
606 1881 49 19 med
674 1882 33 18 ett
725 1880 78 26 belopp
821 1886 29 14 av
869 1880 39 20 150
926 1880 40 23 kr.;
986 1880 39 20 och

227 1911 111 26 medgiver
351 1911 50 23 RD,
415 1912 34 19 att
463 1911 184 26 dyrtidstillägget
660 1911 35 19 må
709 1910 33 20 till
754 1910 162 20 vederbörande
930 1910 15 20 f.
955 1910 21 20 d.
990 1910 36 20 be-

227 1941 189 27 fattningshavare
431 1941 57 23 eller,
505 1947 35 13 om
555 1941 43 19 han
614 1940 68 20 under
697 1940 60 20 tiden
774 1940 8 20 1
799 1940 40 26 juli
856 1939 108 21 1932—30
978 1939 47 26 juni

229 1971 52 20 1933
295 1971 84 23 avlidit,
393 1971 34 19 till
440 1971 54 20 hans
508 1970 101 20 stärbhus
623 1971 27 25 på
664 1976 25 14 en
703 1970 57 26 gång
773 1970 116 20 utbetalas.

187 2033 11 16 3
212 2031 42 20 Till
266 2030 162 26 dyrtidstillägg
441 2031 23 19 åt
477 2030 57 20 vissa
547 2032 61 18 extra
622 2029 191 27 provinsialläkare
826 2029 87 20 anvisas
926 2029 33 20 för
972 2029 54 20 bud-

226 2061 84 25 getåret
326 2059 117 27 1932/1933
457 2062 33 18 ett
504 2062 61 18 extra
581 2059 164 26 förslagsanslag
759 2065 28 14 av
801 2059 40 20 500
855 2059 31 20 kr.

1056 314 26 19 År

1108 259 55 18 Kungl.

1111 289 53 18 Maj:ts]

1110 323 51 14 prop:r

1118 349 36 14 eller
1172 359 3 2 |-

1110 379 55 14 skriv:r]

1176 282 92 16 Motioner

1323 233 96 17 Utskotts-

1312 263 117 19 utlåtanden,

1295 293 95 17 memorial
1403 293 43 17 eller

1306 323 132 16 betänkanden

1492 233 55 17 Riks-

1485 264 70 20 dagens

1496 293 46 16 skri-

1489 323 60 17 velser

1616 251 116 17 Kamrarnas

1604 281 141 20 förhandlingar

1630 311 88 21 (prot.nr)

1178 389 87 16 FKIAK

1368 389 91 17 Nummer

1286 370 17 57 Saml.

1317 446 2 1 |
1328 376 16 49 Avd.

1476 389 91 16 Nummer

1589 377 66 16 Första

1589 401 69 16 kamm.

1693 377 64 16 Andra

1690 401 70 16 kamm.

1044 479 51 19 1931

1046 778 50 20 1931

1046 1343 53 20 1932

1046 1612 52 19 1932

1045 2028 52 20 19321
1116 2028 7 19 1

1123 778 23 19 91

1111 1611 51 19 IEA

1106 1642 20 19 pt
1141 1641 21 16 24

1294 777 10 20 6
1307 768 20 39 |
1338 772 65 25 11164

1379 1611 20 19 11
1417 1613 31 17 s.8

1292 2027 12 19 6!
1337 2027 6 19 11)
1390 2027 12 19 5
1417 2029 45 18 s.80

1470 777 40 19 344

1472 1610 20 19 11
1506 1610 16 19 A
1538 1613 31 16 s.6|

1470 2027 39 19 SA
1524 2029 46 17 s:19

1605 1340 19 20 6:
1638 1345 23 17 14
1740 1344 4 16 1

1594 1611 30 20 15:
1636 1613 24 17 60
1662 1606 21 33 |
1695 1611 30 19 19:
1737 1613 22 16 61
