1850 2359
814 164 135 16 SAKREGISTER

1246 209 15 7 —

1639 159 41 20 393

101 440 176 28 Dyrtidstillägg.

87 476 22 16 14
128 472 37 20 RD
185 472 92 20 besluter
302 471 131 21 beträffande
457 472 215 26 befattningshavare,
689 472 94 21 hörande
802 473 67 21 under
889 473 47 21 11:e

143 502 45 24 HT,
205 503 101 19 ävensom
323 502 131 20 beträffande
470 502 14 19 f.
498 501 21 21 d.
531 502 208 26 befattningshavare
756 503 6 20 i
778 504 81 20 statens
870 504 67 26 tjänst

144 539 27 13 m.
189 532 20 20 fl.
227 532 136 26 pensionärer
378 533 56 19 samt
450 532 231 27 pensionsberättigade
692 532 67 21 änkor
769 533 40 20 och
821 533 51 20 barn
884 534 52 20 efter

144 562 208 26 befattningshavare
368 562 6 20 i
391 563 80 19 statens
487 562 68 26 tjänst
570 569 29 13 m.
617 562 28 24 fl.,
665 564 31 19 att
715 562 26 21 de
760 562 33 21 för
812 563 124 26 budgetåret

145 590 125 28 1927/1928
293 591 99 26 gällande
415 591 108 21 allmänna
547 591 122 26 grunderna
686 592 33 20 för
737 591 157 28 dyrtidstillägg
915 594 22 20 åt

144 621 208 26 befattningshavare
368 622 6 19 i
391 623 80 18 statens
487 622 73 26 tjänst,
579 621 15 21 f.
611 621 20 21 d.
649 621 208 26 befattningshavare
873 623 8 20 i
897 625 38 18 sta-

144 653 46 18 tens
209 652 67 25 tjänst
294 658 28 13 m.
339 651 20 20 fl.
377 651 137 26 pensionärer
536 653 57 18 samt
615 651 232 27 pensionsberättigade
870 653 67 20 änkor

144 681 39 20 och
208 681 51 20 barn
283 681 53 20 efter
359 681 209 26 befattningshavare
586 681 7 20 i
613 683 80 19 statens
713 682 67 26 tjänst
795 689 28 13 m.
840 682 20 20 fl.
877 683 59 20 skola

143 710 56 27 gälla
214 711 81 26 jämväl
313 711 33 20 för
365 710 125 26 budgetåret
510 709 125 29 1928/1929
655 712 56 19 samt
729 713 32 19 att
780 711 157 28 dyrtidstillägg

143 741 22 20 åt
181 740 208 26 befattningshavare
405 740 36 21 vid
458 741 85 20 flottans
559 741 165 26 pensionskassa
739 742 39 20 och
794 743 80 19 statens
888 749 47 20 pen-

142 770 139 21 sionsanstalt
296 770 60 21 skola
371 771 52 25 utgå
438 778 26 13 äv
480 770 26 21 de
522 770 78 25 medel,
616 777 26 14 av
658 771 56 20 vilka
736 771 82 21 verkets
837 772 51 20 eller
906 772 30 20 in-

142 800 137 21 stitutionens
295 800 151 21 omkostnader
462 801 6 19 i
484 800 69 26 övrigt
568 800 110 21 bestridas.

86 859 23 15 15
128 854 37 20 RD
184 854 85 20 anvisar
287 854 46 20 dels
353 854 32 21 till
405 854 119 21 beredande
544 861 26 13 av
589 854 157 27 dyrtidstillägg
765 855 22 20 åt
805 855 14 20 f.
837 855 19 20 d.
874 855 62 21 civila

143 884 209 26 befattningshavare
368 885 7 19 i
391 886 81 19 statens
488 885 67 25 tjänst
570 891 29 13 m.
614 884 20 20 fl.
652 885 135 26 pensionärer
802 885 33 20 för
850 885 85 26 budget-

142 914 45 20 året
209 912 124 29 1928/1929
353 916 31 19 ett
400 916 59 19 extra
474 914 164 27 förslagsanslag
654 921 26 14 av
699 914 12 20 3
716 914 97 21 600000
833 915 38 25 kr.,
891 915 45 21 dels

144 944 32 20 till
193 944 119 20 beredande
329 951 25 13 av
371 944 158 27 dyrtidstillägg
542 944 22 21 åt
577 944 232 26 pensionsberättigade
820 945 67 21 änkor
897 946 39 20 och

144 974 51 20 barn
219 974 54 20 efter
296 974 64 20 civila
383 974 209 26 befattningshavare
611 974 7 20 i
637 976 80 19 statens
736 975 67 26 tjänst
822 982 27 13 m.
868 975 20 20 fl.
904 975 33 21 för

144 1003 125 27 budgetåret
286 1003 125 28 1928/1929
428 1006 30 19 ett
473 1006 60 18 extra
548 1004 163 26 förslagsanslag
724 1011 26 13 av
766 1004 12 20 2
790 1004 40 21 100
840 1005 42 20 000
899 1005 37 25 kr.,

144 1033 46 21 dels
206 1034 33 20 till
256 1034 118 20 beredande
391 1041 26 13 av
433 1034 157 27 dyrtidstillägg
601 1035 22 19 åt
633 1034 15 21 f.
660 1034 19 20 d.
692 1034 93 21 militära
799 1035 137 26 befattnings-

144 1064 77 20 havare
244 1063 32 21 för
300 1064 124 26 budgetåret
448 1062 126 29 1928/1929
599 1065 30 19 ett
647 1066 61 18 extra
728 1064 164 27 förslagsanslag
910 1072 26 13 av

148 1093 61 20 1900
219 1093 42 21 000
278 1093 38 25 kr.,
333 1094 46 20 dels
395 1094 39 20 ock
451 1094 32 20 till
500 1093 119 21 beredande
635 1100 26 14 av
677 1093 158 28 dyrtidstillägg
850 1095 22 20 åt
887 1102 49 19 pen-

144 1123 189 27 sionsberättigade
349 1123 67 21 änkor
431 1124 39 20 och
487 1124 52 20 barn
555 1123 53 21 efter
624 1124 93 20 militära
728 1124 208 27 befattningshavare

145 1153 31 20 för
187 1153 123 26 budgetåret
325 1152 125 28 1928/1929
464 1155 31 19 ett
510 1155 60 19 extra
585 1153 163 27 förslagsanslag
761 1161 25 13 av
798 1154 42 21 650
850 1154 42 21 000
904 1155 30 20 kr.

103 1212 4 15 1
128 1207 41 20 För
185 1206 118 21 beredande
322 1214 26 13 av
367 1207 158 27 dyrtidstillägg
543 1207 68 21 under
630 1207 124 26 budgetåret
772 1206 126 29 1929/1930
915 1209 21 20 åt

144 1236 152 26 pensionerade
313 1237 98 20 båtsmän
430 1237 39 20 och
489 1237 162 21 marinsoldater
670 1239 56 19 samt
745 1237 108 21 Vadstena
872 1238 64 26 krigs-

144 1267 178 20 manshuskassas
346 1267 205 26 understödstagare,
575 1267 58 21 vilka
656 1267 36 21 vid
715 1267 105 27 ingången
843 1274 26 14 av
895 1268 41 27 juli

144 1296 78 21 månad
238 1297 23 20 år
279 1296 55 21 1929
350 1297 92 26 uppnått
458 1304 26 13 en
500 1297 148 20 levnadsålder
663 1303 26 14 av
706 1297 27 20 60
746 1298 23 20 år
780 1297 51 21 eller
841 1298 94 25 däröver,

144 1326 84 21 anvisas
236 1326 34 21 för
281 1326 94 21 nämnda
386 1326 103 27 budgetår
500 1329 30 18 ett
540 1329 61 18 extra
611 1327 163 26 förslagsanslag
785 1334 26 14 av
823 1327 62 21 1150
894 1328 41 20 000

144 1356 41 24 kr.;
202 1356 39 21 och
261 1356 104 21 förklarar
382 1357 45 24 RD,
447 1358 31 19 att
496 1356 180 27 dyrtidstillägget
694 1356 33 21 till
743 1358 59 26 varje
821 1357 60 27 dylik
899 1358 37 20 vid

143 1386 105 26 ingången
260 1393 26 14 av
296 1386 41 27 juli
351 1386 79 21 månad
446 1387 23 20 år
485 1386 57 21 1929
558 1386 34 21 till
608 1387 89 26 pension
713 1387 52 20 eller
780 1387 88 21 därmed
883 1388 52 27 jäm-

143 1416 72 26 förligt
228 1416 117 21 understöd
356 1416 47 21 från
414 1417 133 24 statsverket,
563 1416 185 21 statsunderstödd
764 1418 172 26 pensionsinrätt-

144 1446 50 26 ning
205 1446 52 20 eller
267 1446 109 21 Vadstena
384 1447 227 26 krigsmanshuskassa
619 1447 119 26 berättigad
745 1447 15 20 f.
769 1447 20 20 d.
799 1447 137 27 befattnings-

144 1476 76 20 havare
244 1476 55 20 skall
322 1477 51 25 utgå
395 1476 49 21 med
463 1478 31 19 ett
512 1477 78 26 belopp
607 1483 25 14 av
649 1477 42 20 150
707 1477 41 24 kr.;
766 1478 39 19 och
821 1477 115 27 medgives,

144 1507 31 19 att
190 1506 180 27 dyrtidstillägget
385 1507 36 20 må
437 1506 33 21 till
486 1506 158 21 vederbörande
659 1507 15 20 f.
691 1507 20 20 d.
729 1507 208 26 befattningshavare

144 1536 57 24 eller,
218 1543 34 13 om
269 1536 43 20 han
328 1536 68 21 under
412 1536 60 21 tiden
490 1536 9 20 1
518 1536 41 27 juli
576 1536 116 21 1929—30
711 1537 48 27 juni
780 1536 55 21 1930
855 1537 81 25 avlidit,

144 1565 33 20 till
192 1566 53 20 hans
264 1566 100 21 stärbhus
380 1567 28 26 på
423 1573 26 14 en
465 1567 55 26 gång
536 1566 105 21 utbetalas
656 1567 8 20 i
680 1566 40 21 den
737 1566 95 26 ordning,
849 1573 46 15 som
912 1574 25 14 av

144 1595 60 21 KM:t
220 1596 135 20 bestämmes.

101 1648 8 15 2
129 1643 37 20 RD
183 1643 98 25 besluter,
299 1645 30 19 att
346 1641 216 30 deTförjbudgetåret
579 1642 126 29 1928/1929
720 1644 97 26 gällande
828 1644 110 21 allmänna

143 1673 92 26 grunder
258 1673 32 20 för
312 1673 158 27 dyrtidstillägg
493 1674 22 20 åt
538 1674 66 20 lärare
627 1673 36 21 vid
682 1674 198 20 lantmannaskolor
898 1674 39 21 och

144 1703 217 21 lanthushållsskolor
376 1705 56 19 samt
438 1703 197 27 ilantbruksskolor
654 1703 60 21 skola
732 1704 57 26 gälla
806 1704 81 27 jämväl
906 1704 33 20 för

144 1732 126 27 budgetåret
287 1731 135 29 1929/1930;
439 1733 40 21 och
495 1733 114 27 medgives,
626 1735 32 19 att
673 1733 62 21 KM:t
753 1734 37 20 må
808 1733 86 21 utfärda
912 1734 26 21 de

144 1764 97 19 närmare
257 1763 137 25 föreskrifter,
410 1769 45 15 som
468 1764 32 20 för
511 1763 137 27 tillämpning
659 1770 26 14 av
696 1763 122 21 förberörda
829 1764 110 20 allmänna

143 1792 93 27 grunder
246 1793 33 20 för
289 1793 160 27 ifrågavarande
466 1793 158 27 dyrtidstillägg
634 1794 36 20 må
681 1793 96 21 befinnas
793 1793 144 27 erforderliga;

144 1822 39 21 och
200 1822 115 27 medgives,
336 1824 31 20 att
382 1824 22 20 åt
420 1823 231 27 lärarinnepersonalen
670 1823 36 21 vid
725 1823 102 21 Fredrika
845 1824 93 21 Bremer-

144 1852 126 21 förbundets
286 1853 337 27 lanthushållningsseminarium
639 1854 13 20 å
666 1853 108 21 Rimforsa
790 1854 36 20 må
841 1854 25 20 fr.
878 1860 18 14 o.
909 1861 28 13 m.

145 1882 40 21 den
203 1882 9 21 1
231 1883 41 26 juli
289 1883 56 20 1929
362 1883 39 21 och
418 1883 116 21 tillsvidare
550 1883 68 21 under
633 1883 126 27 budgetåret
771 1881 125 29 1929/1930
907 1885 31 19 ut-

144 1913 26 25 gå
186 1912 157 27 dyrtidstillägg
359 1913 7 21 i
383 1913 144 27 huvudsaklig
550 1913 211 21 överensstämmelse
783 1913 49 21 med
854 1913 26 21 de
902 1914 37 20 all-

145 1944 79 18 männa
240 1943 97 25 grunder,
354 1950 46 14 som
417 1943 32 21 för
465 1950 83 14 samma
558 1943 32 21 tid
601 1943 88 21 komma
700 1945 31 19 att
741 1943 56 27 gälla
809 1944 130 20 beträffande

144 1973 150 20 motsvarande
310 1973 98 27 personal
424 1973 36 21 vid
476 1973 211 24 lanthushållsskola,
704 1973 38 21 och
757 1973 87 27 jämlikt
855 1973 26 21 de
894 1975 44 19 när-

145 2009 58 14 mare
219 2003 138 24 föreskrifter,
373 2010 46 14 som
435 2003 62 20 KM:t
512 2003 43 20 kan
570 2003 34 21 för
617 2003 138 26 tillämpning
766 2010 26 14 av
803 2003 65 26 sagda
878 2010 60 19 grun-

145 2032 37 20 der
197 2032 59 20 finna
272 2033 145 26 erforderliga;
434 2033 40 21 och
489 2033 85 21 anvisas
590 2033 33 21 för
638 2040 30 14 nu
684 2033 91 26 angivna
791 2033 101 21 ändamål
907 2034 33 20 för

145 2061 126 27 budgetåret
296 2061 125 29 1929/1930
440 2064 30 19 ett
489 2064 60 19 extra
567 2062 164 28 förslagsanslag
749 2070 26 14 av
796 2063 41 21 135
847 2063 43 21 000
909 2063 30 20 kr.

78 2114 28 18 50.
121 2117 90 18 Sakregister
221 2116 12 16 I.

967 257 22 145 IYSTEPSAIYU

1024 304 18 105 198[9VALLYS
1024 245 17 47 199

1044 375 17 54 ”doxd
1044 303 22 65 sy:len
1043 246 22 41 dun

1181 253 2 14 I
1240 251 92 18 Utskotts-

1082 281 94 18 Motioner
1181 295 2 16 |
1228 281 110 18 utlåtanden

1182 320 1 21 |
1203 311 47 18 eller
1262 311 98 18 memorial

1196 362 13 31 an
1265 365 1 17 |
1330 365 1 13 |

1182 366 149 69 Pale

1196 417 28 27 Bock
1238 417 26 27 re

1356 376 7 31 Re

1351 400 17 12 =

1351 414 12 11 >

1524 259 116 31 Kamrarnas
1680 253 1 12 |

1509 289 144 31 förhandlingar
1680 285 1 38 |

1680 324 1 10 I

1498 378 66 17 Första
1579 393 1 6 |
1598 377 65 18 Andra

1494 402 71 17 kamm.
1579 401 1 26 |
1595 402 70 17 kamm.
1680 408 1 14 |

952 474 55 21 1928

951 1208 56 24 1929

1024 533 41 19 flera

1022 659 41 16 gor:

1015 677 38 17 avd.
1064 677 14 27 5/

1017 857 61 31 1:11,

1024 918 39 29 —4,
1076 923 2 25 I

1021 952 46 18 6—7
1076 950 1 14 |

1017 1209 17 21 E
1046 1209 24 21 11

1020 1244 57 28 bil.4/

1027 1274 34 23 p.8
1076 1273 1 21 |

1025 1645 41 21 9

1023 1680 45 23 p.22

1399 1210 41 42 a
1459 1207 7 33 qt

1440 1619 1 21 |

1397 1647 37 20 JA
1450 1650 20 35 5

1680 429 1 22 |

1499 475 33 20 38:
1544 480 24 15 68
1580 444 1 63 |
1592 475 68 20 42:53
1680 479 2 2 |

1500 858 33 20 38:
1544 863 24 15 68
1581 867 1 5 |
1600 858 33 19 42:
1645 863 24 15 58

1515 1210 18 20 8:
1546 1216 22 15 46
1581 1199 2 31 |
1616 1210 51 20 9:41

1503 1646 32 20 18:
1547 1650 23 16 21
1583 1640 2 29 |
1596 1645 32 21 26:
1641 1651 36 16 107
