1835 2358
178 83 28 20 34

196 276 228 35 ARBETSMARKNA
423 276 206 35 DSSTYRELSEN.

224 316 42 20 RD
277 316 143 26 bemyndigar
430 316 64 20 KM:t
504 318 35 18 att
550 316 89 26 vidtaga
650 316 117 26 ändringar
777 316 6 20 i
795 316 290 26 personalförteckningarna

195 345 34 21 för
244 346 310 26 arbetsmarknadsstyrelsens
571 347 141 25 permanenta
729 346 154 26 organisation,
899 346 117 26 styrelsens
1032 346 53 20 kris-

196 375 146 27 organisation
353 376 40 20 och
404 376 41 19 den
456 375 114 27 offentliga
580 375 231 27 arbetsförmedlingen
821 376 7 20 i
838 375 95 27 enlighet
943 375 50 21 med
1003 375 7 20 i
1020 377 66 18 stats-

195 405 183 27 rådsprotokollet
392 407 51 18 över
456 405 161 20 socialärenden
632 405 33 20 för
678 406 41 19 den
735 405 24 20 16
773 405 55 27 april
842 405 53 20 1948
909 405 121 26 framlagda
1043 405 43 20 för-

195 435 52 26 slag,
261 435 127 26 godkänner
400 435 161 26 avlöningsstat
574 435 34 20 för
620 435 310 26 arbetsmarknadsstyrelsens
943 436 142 25 permanenta

195 465 147 26 organisation
356 465 40 20 och
409 465 34 20 för
456 465 41 20 den
512 465 112 26 offentliga
638 465 230 26 arbetsförmedlingen
882 466 58 19 samt
952 464 88 21 anvisar
1052 465 34 20 till

195 495 306 26 arbetsmarknadsstyrelsen:
527 495 128 26 avlöningar
678 495 113 20 2810000
815 495 32 20 kr.
872 495 33 26 (f),
931 494 155 21 omkostnader

195 524 41 21 620
244 524 41 21 000
294 524 32 21 kr.
337 524 33 27 (f),
380 524 221 27 krisorganisationen
610 524 41 21 900
660 524 41 21 000
710 525 31 20 kr.
753 524 26 27 (f)
789 525 40 20 och
838 524 33 21 till
881 524 113 26 offentliga
1003 524 83 20 arbets-

194 554 164 27 förmedlingen:
374 554 128 26 avlöningar
519 554 25 20 12
552 554 41 20 995
602 554 41 20 000
658 554 31 20 kr.
706 554 34 27 (f),
756 554 155 20 omkostnader
926 554 12 20 3
948 554 40 20 630
991 550 45 36 000
1053 554 31 20 kr.

195 584 33 26 (f),
241 584 220 26 krisorganisationen
474 585 13 19 2
496 584 41 20 500
545 584 42 20 000
598 584 32 20 kr.
644 584 33 26 (f).

224 626 18 20 1.
259 626 42 20 RD
324 626 102 23 besluter,
449 627 35 19 att
506 626 12 20 å
541 626 265 26 personalförteckningen
829 625 33 21 för
884 625 202 21 arbetsmarknads-

195 656 116 27 styrelsens
328 657 142 25 permanenta
488 655 146 26 organisation
651 655 85 21 antalet
751 655 192 21 kontorsbiträden
960 655 7 20 i
983 655 102 26 lönegrad

195 685 51 21 Ca
226 680 18 35 8
262 685 54 20 skall
332 685 53 20 ökas
400 685 50 20 med
467 685 32 23 12,
516 685 119 20 fastställer
649 685 160 26 avlöningsstat
824 686 59 19 samt
898 685 87 20 anvisar
1000 684 33 21 till
1048 690 38 15 av-

195 715 98 26 löningar
305 715 13 20 2
327 715 40 20 775
376 715 41 20 000
430 715 32 20 kr.
476 715 33 26 (f).

222 745 20 20 2.
259 745 42 20 RD
313 745 88 20 anvisar
411 744 33 21 till
456 745 155 20 omkostnader
622 744 40 21 615
671 744 41 21 000
723 745 32 20 kr.
768 744 32 27 (f).

223 804 19 20 3.
259 804 42 20 RD
325 804 101 24 besluter,
450 805 35 19 att
507 804 12 20 å
542 804 265 26 personalförteckningen
829 804 34 20 för
885 803 202 21 arbetsmarknads-

195 834 117 26 styrelsens
334 834 193 26 krisorganisation
549 833 85 21 antalet
656 834 67 20 förste
745 834 188 26 byråsekreterare
956 834 6 19 i
984 833 103 27 lönegrad

195 864 28 20 Ce
232 863 27 21 29
267 864 55 20 skall
330 864 53 20 ökas
391 864 50 20 med
449 870 27 14 en
484 865 58 19 samt
550 863 87 21 anvisar
644 863 34 21 till
685 863 220 26 krisorganisationen
914 863 41 21 850
963 863 41 20 000
1012 863 32 20 kr.
1053 863 33 26 (f).

222 894 20 20 4.
259 893 42 20 RD
318 893 88 20 anvisar
420 893 34 20 till
469 893 119 20 kostnader
603 893 34 20 för
652 893 183 20 arbetslöshetens
851 893 152 27 bekämpande
1018 899 29 14 m.
1057 899 29 14 m.

195 923 12 21 å
218 923 133 27 tilläggsstat
363 923 21 20 II
397 923 8 20 1
416 923 42 20 000
466 923 42 20 000
517 923 32 20 kr.
562 923 34 26 (r);
608 923 40 20 och
659 923 88 20 anvisar
758 923 41 20 RD
811 923 33 20 för
855 923 130 26 budgetåret
997 922 90 27 1949/50

194 953 33 20 till
241 953 119 20 kostnader
373 953 34 20 för
420 953 183 20 arbetslöshetens
617 953 152 26 bekämpande
782 959 29 14 m.
821 958 29 14 m.
866 953 25 20 17
900 952 39 21 000
940 948 47 35 000
1004 952 32 20 kr.
1051 952 35 26 (r),

195 983 32 20 till
240 983 119 20 kostnader
371 983 34 20 för
417 982 159 27 överflyttning
588 988 28 15 av
629 982 134 21 arbetskraft
777 982 39 20 100
828 982 32 20 kr.
875 982 34 26 (r),
923 982 33 20 till
968 982 119 20 kostnader

194 1013 34 20 för
246 1012 310 27 arbetsmarknadsstyrelsens
575 1012 226 20 förrådsverksamhet
821 1012 39 20 100
878 1012 32 20 kr.
931 1012 27 26 (r)
977 1013 58 19 samt
1053 1011 32 20 till

194 1042 119 20 kostnader
325 1042 34 20 för
371 1042 123 26 främjande
507 1048 28 14 av
548 1042 237 25 företagsverksamhet
797 1048 29 13 m.
837 1048 28 13 m.
881 1042 9 19 1
901 1041 41 20 500
950 1041 41 20 000
1004 1042 32 19 kr.
1051 1042 34 25 (r).

224 1084 18 19 1.
258 1083 42 20 RD
324 1083 101 24 besluter,
449 1084 35 19 att
506 1083 12 20 å
541 1083 265 26 personalförteckningen
829 1083 34 20 för
884 1082 202 21 arbetsmarknads-

194 1113 117 26 styrelsens
328 1114 142 25 permanenta
487 1113 147 26 organisation
651 1113 85 20 antalet
751 1112 193 20 kontorsbiträden
960 1112 7 20 i
983 1112 102 26 lönegrad

194 1142 51 21 Ca
224 1138 22 34 8
263 1142 54 20 skall
334 1142 53 20 ökas
404 1142 50 20 med
472 1142 33 23 19,
523 1142 119 20 fastställer
657 1142 162 26 avlöningsstat
835 1142 34 20 för
884 1142 202 20 arbetsmarknads-

194 1172 117 26 styrelsens
329 1173 142 25 permanenta
490 1171 146 27 organisation
654 1173 58 19 samt
729 1172 88 20 anvisar
834 1171 33 20 till
885 1171 202 20 arbetsmarknads-

195 1202 112 26 styrelsen:
322 1201 128 27 avlöningar
464 1202 13 19 2
486 1201 38 21 781
535 1201 41 20 000
590 1201 32 21 kr.
637 1201 33 26 (f).

222 1231 20 20 2.
259 1231 42 20 RD
313 1231 88 20 anvisar
411 1231 34 20 till
457 1231 155 20 omkostnader
623 1231 40 20 632
672 1231 41 20 000
723 1231 33 20 kr.
768 1231 33 26 (f).

222 1290 20 20 3.
259 1290 42 20 RD
315 1290 102 24 besluter,
431 1292 35 18 att
479 1290 42 20 den
534 1290 13 20 å
561 1290 264 27 personalförteckningen
839 1290 33 20 för
885 1290 202 20 arbetsmarknads-

195 1320 117 26 styrelsens
328 1320 193 26 krisorganisation
539 1320 108 26 uppförda
664 1320 151 26 befattningen
833 1325 46 15 som
896 1319 168 27 byråinspektör
1080 1319 7 20 i

195 1349 102 27 lönegrad
317 1350 28 20 Ce
354 1349 26 21 25
400 1350 54 20 skall
474 1350 52 26 utgå
545 1351 58 19 samt
621 1350 89 20 anvisar
728 1349 32 20 till
779 1349 306 26 arbetsmarknadsstyrelsen:

195 1379 221 27 krisorganisationen
431 1379 41 21 900
480 1379 41 20 000
535 1379 32 21 kr.
583 1379 33 26 (f).

223 1409 20 20 4.
259 1409 43 20 RD
316 1409 143 27 bemyndigar
472 1409 64 20 KM:t
548 1410 35 19 att
595 1409 99 20 meddela
708 1409 163 20 bestämmelser
884 1415 35 14 om
932 1409 119 20 understöd
1064 1409 23 20 åt

195 1439 85 26 sjömän
293 1439 37 20 vid
342 1439 145 20 arbetslöshet
499 1439 6 20 i
518 1439 103 20 utländsk
634 1439 66 20 hamn
712 1440 58 19 samt
781 1439 88 20 anvisar
880 1438 33 20 till
924 1438 119 20 kostnader
1055 1438 33 20 för

195 1469 183 20 arbetslöshetens
396 1469 152 26 bekämpande
566 1474 67 15 m.m.
652 1469 12 20 å
682 1468 132 26 tilläggsstat
834 1468 20 20 II
872 1464 63 35 4000
943 1468 41 20 000
1001 1468 32 20 kr.
1052 1468 34 26 (r);

196 1498 40 21 och
247 1498 88 21 anvisar
346 1498 42 21 RD
400 1499 33 20 för
443 1498 131 26 budgetåret
587 1498 87 26 1950/51
688 1498 32 20 till
731 1498 119 20 kostnader
861 1498 33 20 för
904 1498 183 20 arbetslöshetens

195 1528 152 27 bekämpande
358 1534 29 15 m.
397 1534 29 14 m.
441 1528 25 20 19
475 1528 41 20 800
524 1528 42 20 000
577 1528 32 20 kr.
623 1528 34 26 (r),
670 1528 33 20 till
715 1528 118 20 kostnader
845 1528 33 19 för
889 1527 159 26 överflyttning
1059 1533 28 15 av

195 1558 134 20 arbetskraft
344 1558 39 20 100
397 1558 32 20 kr.
445 1558 34 26 (r),
494 1557 34 21 till
542 1558 119 20 kostnader
674 1557 34 21 för
721 1557 310 26 arbetsmarknadsstyrelsens
1045 1557 43 20 för-

195 1588 191 20 rådsverksamhet
402 1587 40 21 100
456 1588 33 20 kr.
505 1587 28 26 (r)
548 1589 59 18 samt
622 1587 33 20 till
670 1587 119 20 kostnader
804 1587 33 20 för
852 1587 122 26 främjande
989 1593 28 14 av
1032 1587 55 20 före-

195 1617 189 26 tagsverksamhet
397 1623 29 14 m.
436 1623 29 14 m.
481 1617 62 20 1500
551 1617 41 20 000
605 1617 32 20 kr.
653 1617 34 26 (r);
703 1617 39 19 och
756 1617 72 20 avslår
842 1616 42 20 RD
898 1616 84 20 motion
996 1622 35 14 om
1045 1616 43 20 till-

195 1647 112 26 skapande
321 1653 28 14 av
362 1646 110 27 garantier
485 1647 34 19 för
531 1648 35 18 att
580 1646 189 26 tjänstemännens
783 1646 40 20 och
837 1646 26 20 de
876 1646 211 20 kontorsanställdas

195 1676 105 20 intressen
309 1676 29 20 bli
346 1676 159 27 tillgodosedda
513 1676 59 20 inom
580 1676 57 20 vissa
645 1676 263 20 arbetslöshetsnämnder
915 1677 58 19 samt
980 1675 108 20 motioner

195 1712 35 14 om
243 1706 92 27 ändring
347 1706 7 20 i
366 1706 100 26 gällande
478 1705 129 27 kungörelse
619 1711 49 21 ang.
681 1706 88 26 statliga
783 1706 40 20 och
836 1705 205 20 statsunderstödda
1054 1705 33 20 åt-

194 1736 77 26 gärder
282 1736 38 20 vid
331 1735 152 24 arbetslöshet;
496 1736 40 19 och
547 1735 60 26 giver
619 1735 42 20 RD
673 1735 7 20 i
691 1735 103 20 skrivelse
805 1735 33 20 till
850 1735 64 20 KM:t
925 1735 107 20 tillkänna
1043 1735 44 20 vad

195 1765 111 20 utskottet
315 1765 74 20 anfört
398 1765 7 20 i
414 1765 43 21 anl.
468 1771 28 14 av
506 1765 84 20 motion
600 1771 36 14 om
646 1765 121 26 förenkling
776 1771 29 14 av
814 1764 273 27 anmälningsförfarandet

195 1795 37 20 vid
244 1795 106 20 inträffad
362 1795 152 20 arbetslöshet.

223 1825 26 20 Se
258 1825 39 20 ock
306 1824 197 27 Arbetsförmedling
512 1825 65 26 (spec.
588 1824 59 20 1949:
661 1824 25 26 1),
696 1824 137 20 Arbetslöshet
841 1824 65 26 (spec.
917 1824 59 20 1948:
989 1826 17 21 5,
1017 1824 69 25 1950),

195 1854 201 21 Arbetsmarknaden
413 1854 83 27 (1947).

195 1895 360 25 ARBETSORGANISATIONEN,
571 1895 267 21 INTERNATIONELLA.

223 1931 42 21 RD
278 1932 124 26 samtycker
413 1931 33 21 till
457 1933 35 19 att
503 1932 41 19 den
556 1932 39 19 akt
606 1937 49 20 ang.
668 1931 117 26 ändringar
795 1931 6 20 i
815 1931 177 20 Internationella
1004 1931 82 20 arbets-

196 1961 185 26 organisationens
403 1961 84 26 stadga,
510 1967 46 14 som
578 1963 78 24 antogs
677 1961 38 20 vid
739 1961 177 20 Internationella
937 1960 149 21 arbetskonfe-

195 1997 86 14 rensens
290 1991 141 26 tjugosjunde
439 1991 170 23 sammanträde,
618 1991 35 20 må
662 1996 28 15 av
698 1990 64 21 KM:t
770 1991 33 19 för
811 1990 97 26 Sveriges
917 1990 34 20 del
959 1990 126 20 ratificeras.

224 2026 41 21 RD
279 2027 124 26 samtycker
415 2026 32 20 till
460 2028 35 19 att
507 2026 96 26 följande
616 2026 37 20 vid
669 2026 176 20 Internationella
858 2025 228 21 arbetskonferensens

196 2056 141 26 tjugonionde
353 2056 163 20 sammanträde
531 2056 86 20 fattade
632 2056 72 20 beslut
718 2056 36 20 må
769 2062 28 14 av
813 2056 64 20 KM:t
891 2055 34 21 för
940 2056 97 25 Sveriges
1053 2055 33 20 del

195 2086 126 23 ratificeras,
334 2086 108 26 nämligen
454 2086 45 20 dels
510 2086 39 20 akt
560 2092 28 14 av
600 2086 24 19 år
637 2085 52 20 1946
700 2091 49 20 ang.
762 2085 116 26 ändringar
889 2085 6 20 i
909 2085 177 20 Internationella

195 2116 261 26 arbetsorganisationens
471 2115 84 26 stadga,
572 2115 45 20 dels
632 2115 39 20 ock
687 2115 134 20 konvention
837 2115 35 26 (nr
886 2115 35 26 80)
937 2120 48 20 ang.
1002 2115 84 25 partiell

1107 194 101 23 Flip.
1242 174 90 15 Motioner
1390 173 67 17 SPN
1502 170 70 59 Skriv.
1624 170 105 28 Protokoll

1236 227 32 16 FK
1284 217 1 43 |
1299 227 35 16 AK
1356 227 37 16 |Sml
1401 212 45 52 Avd]
1465 227 26 16 Nr
1611 227 33 16 BR
1650 213 22 41 >
1671 213 16 41 |
1711 228 36 15 AR

1283 269 1 36 |

1106 316 27 20 481
1161 316 41 20 2321
1246 328 27 2 —I
1311 328 27 2 —I
1373 316 59 20 61—]
1456 316 41 20 2101
1522 316 40 20 4091]
1590 317 34 19 27:
1635 317 25 19 5d
1663 312 22 34 |
1694 318 32 20 27:
1738 317 25 20 5d

1105 624 28 21 491
1163 625 39 20 1:27]
1247 637 91 2 —I.—]
1373 625 60 20 61—
1485 625 12 20 5
1550 625 12 20 51
1592 625 30 20 10:
1634 627 25 17 99
1662 621 23 34 |
1695 626 31 20 10:
1740 628 37 17 145

1154 659 21 19 pt
1186 657 22 17 41
1452 662 15 12 s.
1470 653 29 30 13

1117 750 8 13 »
1137 740 18 33 I
1163 744 39 20 1:27]
1246 755 28 3 —|
1310 755 28 3 —|
1373 744 60 19 61—
1485 744 12 20 5
1549 744 13 19 51
1591 744 67 20 10:99
1661 740 23 34 |
1694 744 32 21 10:
1740 747 37 17 145

1156 777 20 20 pt
1186 776 24 17 42
1452 775 47 18 s.15

1117 809 9 13 »
1164 804 38 19 [1:27]
1247 815 27 2 —|
1311 815 28 2 —I
1373 803 60 20 61—
1485 803 12 20 5
1549 803 13 20 51
1591 803 67 20 10:99
1661 799 23 34 |
1695 804 31 20 10:
1740 806 37 17 145]

1155 837 21 20 pt
1186 835 24 18 43
1452 835 47 17 s.15

1117 899 9 13 »
1136 888 18 34 |
1164 893 38 19 116
1210 888 18 34 |
1235 892 36 21 131
1276 888 18 34 |
1300 892 38 20 152]
1373 892 60 20 61—
1433 888 10 34 |
1459 892 38 21 137]
1522 892 38 20 2611
1592 892 31 20 17:
1634 892 143 21 28d117:131d)

1235 922 38 20 134
1271 918 22 34 |
1298 922 40 21 228

1233 952 40 20 292
1273 948 18 34 |
1297 952 41 20 368

1106 1081 27 20 501
1164 1083 38 19 1:71
1247 1082 91 20 —11871
1373 1082 61 20 61)—1
1485 1082 12 20 5
1550 1081 13 21 51]
1592 1082 67 20 11:64
1662 1077 23 34 |
1696 1077 31 34 11:
1741 1077 37 34 102]

1154 1116 22 19 pt
1186 1114 24 17 42
1453 1114 46 17 s.22

1117 1236 9 13 »
1163 1230 39 20 1:21
1246 1242 27 2 —I
1311 1242 28 2 —I
1373 1229 61 20 6)—|
1485 1230 12 20 5
1550 1229 12 20 51
1592 1230 31 19 11:
1634 1232 25 17 64
1660 1225 27 34 |
1695 1230 31 20 11:
1740 1232 37 18 102

1155 1264 21 19 pt
1186 1262 24 17 43
1453 1267 15 11 s.
1476 1261 24 18 23

1117 1295 8 13 »
1164 1290 38 19 [1:72]
1246 1301 28 3 —I|
1311 1301 28 3 —I
1373 1289 61 20 61—]
1485 1289 13 20 5
1551 1289 12 20 51
1592 1289 67 20 11:64
1659 1285 27 34 I
1695 1290 32 20 11:
1741 1291 36 18 102

1155 1323 21 20 pt
1186 1321 25 18 44
1453 1326 15 12 s.
1475 1321 25 17 24

1117 1414 9 13 »
1132 1403 22 34 |
1164 1408 39 20 145
1212 1403 18 34 1
1233 1408 40 21 2891
1300 1408 37 20 177]
1373 1408 62 19 6|—]
1460 1408 38 20 1221
1523 1407 40 20 2041
1580 1403 44 34 16:
1635 1403 50 34 71d/
1696 1408 30 20 17:
1738 1408 25 20 6d

1233 1438 41 20 442
1271 1434 22 34 |
1298 1438 41 20 260

1298 1468 40 20 359

1298 1497 41 21 532

1298 1527 40 20 533

1106 1930 28 20 461
1176 1931 27 20 581
1247 1942 28 3 —I
1312 1943 28 2 —I
1374 1931 12 19 51
1424 1931 8 19 1
1489 1930 75 20 111561
1593 1930 66 20 15:12
1663 1926 22 34 |
1694 1931 32 20 15:
1737 1932 25 18 46

1108 2025 26 20 47)
1164 2026 35 19 111]
1246 2037 28 4 —I
1311 2037 28 3 —J]
1373 2026 58 20 511
1487 2025 76 20 511491
1593 2025 52 20 18:9
1659 2021 26 34 |
1695 2025 66 21 18:17
