<?xml version="1.0" encoding="UTF-8"?>
<alto xmlns="http://www.loc.gov/standards/alto/ns-v3#" xmlns:xlink="http://www.w3.org/1999/xlink" xmlns:xsi="http://www.w3.org/2001/XMLSchema-instance" xsi:schemaLocation="http://www.loc.gov/standards/alto/ns-v3# http://www.loc.gov/alto/v3/alto-3-0.xsd">
	<Description>
		<MeasurementUnit>pixel</MeasurementUnit>
		<sourceImageInformation>
			<fileName></fileName>
		</sourceImageInformation>
		<OCRProcessing ID="OCR_0">
			<ocrProcessingStep>
				<processingSoftware>
					<softwareName>tesseract 4.1.1</softwareName>
				</processingSoftware>
			</ocrProcessingStep>
		</OCRProcessing>
	</Description>
	<Layout>
		<Page WIDTH="1854" HEIGHT="2355" PHYSICAL_IMG_NR="0" ID="page_0">
			<PrintSpace HPOS="0" VPOS="0" WIDTH="1854" HEIGHT="2355">
				<ComposedBlock ID="cblock_0" HPOS="5" VPOS="1" WIDTH="6" HEIGHT="793">
					<TextBlock ID="block_0" HPOS="5" VPOS="1" WIDTH="6" HEIGHT="793">
						<TextLine ID="line_0" HPOS="5" VPOS="1" WIDTH="6" HEIGHT="793">
							<String ID="string_0" HPOS="5" VPOS="1" WIDTH="6" HEIGHT="793" WC="0.95" CONTENT=" "/>
						</TextLine>
					</TextBlock>
				</ComposedBlock>
				<ComposedBlock ID="cblock_1" HPOS="4" VPOS="1" WIDTH="6" HEIGHT="1388">
					<TextBlock ID="block_1" HPOS="4" VPOS="1" WIDTH="6" HEIGHT="1388">
						<TextLine ID="line_1" HPOS="4" VPOS="1" WIDTH="6" HEIGHT="1388">
							<String ID="string_1" HPOS="4" VPOS="1" WIDTH="6" HEIGHT="1388" WC="0.95" CONTENT=" "/>
						</TextLine>
					</TextBlock>
				</ComposedBlock>
				<ComposedBlock ID="cblock_2" HPOS="3" VPOS="1" WIDTH="7" HEIGHT="1592">
					<TextBlock ID="block_2" HPOS="3" VPOS="1" WIDTH="7" HEIGHT="1592">
						<TextLine ID="line_2" HPOS="3" VPOS="1" WIDTH="7" HEIGHT="1592">
							<String ID="string_2" HPOS="3" VPOS="1" WIDTH="7" HEIGHT="1592" WC="0.95" CONTENT=" "/>
						</TextLine>
					</TextBlock>
				</ComposedBlock>
				<ComposedBlock ID="cblock_3" HPOS="159" VPOS="214" WIDTH="6" HEIGHT="1867">
					<TextBlock ID="block_3" HPOS="159" VPOS="214" WIDTH="6" HEIGHT="1867">
						<TextLine ID="line_3" HPOS="159" VPOS="214" WIDTH="6" HEIGHT="1867">
							<String ID="string_3" HPOS="159" VPOS="214" WIDTH="6" HEIGHT="1867" WC="0.95" CONTENT=" "/>
						</TextLine>
					</TextBlock>
				</ComposedBlock>
				<ComposedBlock ID="cblock_4" HPOS="859" VPOS="153" WIDTH="223" HEIGHT="17">
					<TextBlock ID="block_4" HPOS="859" VPOS="153" WIDTH="223" HEIGHT="17">
						<TextLine ID="line_4" HPOS="859" VPOS="153" WIDTH="223" HEIGHT="17">
							<String ID="string_4" HPOS="859" VPOS="153" WIDTH="223" HEIGHT="17" WC="0.88" CONTENT="SAKREGISTER"/>
						</TextLine>
					</TextBlock>
				</ComposedBlock>
				<ComposedBlock ID="cblock_5" HPOS="162" VPOS="204" WIDTH="1608" HEIGHT="6">
					<TextBlock ID="block_5" HPOS="162" VPOS="204" WIDTH="1608" HEIGHT="6">
						<TextLine ID="line_5" HPOS="162" VPOS="204" WIDTH="1608" HEIGHT="6">
							<String ID="string_5" HPOS="162" VPOS="204" WIDTH="1608" HEIGHT="6" WC="0.95" CONTENT=" "/>
						</TextLine>
					</TextBlock>
				</ComposedBlock>
				<ComposedBlock ID="cblock_6" HPOS="801" VPOS="212" WIDTH="963" HEIGHT="3">
					<TextBlock ID="block_6" HPOS="801" VPOS="212" WIDTH="963" HEIGHT="3">
						<TextLine ID="line_6" HPOS="801" VPOS="212" WIDTH="963" HEIGHT="3">
							<String ID="string_6" HPOS="801" VPOS="212" WIDTH="963" HEIGHT="3" WC="0.95" CONTENT=" "/>
						</TextLine>
					</TextBlock>
				</ComposedBlock>
				<ComposedBlock ID="cblock_7" HPOS="183" VPOS="444" WIDTH="156" HEIGHT="20">
					<TextBlock ID="block_7" HPOS="183" VPOS="444" WIDTH="156" HEIGHT="20">
						<TextLine ID="line_7" HPOS="183" VPOS="444" WIDTH="156" HEIGHT="20">
							<String ID="string_7" HPOS="183" VPOS="444" WIDTH="156" HEIGHT="20" WC="0.96" CONTENT="Domänverket."/>
						</TextLine>
					</TextBlock>
				</ComposedBlock>
				<ComposedBlock ID="cblock_8" HPOS="182" VPOS="776" WIDTH="10" HEIGHT="16">
					<TextBlock ID="block_8" HPOS="182" VPOS="776" WIDTH="10" HEIGHT="16">
						<TextLine ID="line_8" HPOS="182" VPOS="776" WIDTH="10" HEIGHT="16">
							<String ID="string_8" HPOS="182" VPOS="776" WIDTH="10" HEIGHT="16" WC="0.96" CONTENT="3"/>
						</TextLine>
					</TextBlock>
				</ComposedBlock>
				<ComposedBlock ID="cblock_9" HPOS="181" VPOS="1657" WIDTH="10" HEIGHT="16">
					<TextBlock ID="block_9" HPOS="181" VPOS="1657" WIDTH="10" HEIGHT="16">
						<TextLine ID="line_9" HPOS="181" VPOS="1657" WIDTH="10" HEIGHT="16">
							<String ID="string_9" HPOS="181" VPOS="1657" WIDTH="10" HEIGHT="16" WC="0.67" CONTENT="Do"/>
						</TextLine>
					</TextBlock>
				</ComposedBlock>
				<ComposedBlock ID="cblock_10" HPOS="222" VPOS="474" WIDTH="798" HEIGHT="266">
					<TextBlock ID="block_10" HPOS="222" VPOS="474" WIDTH="798" HEIGHT="266">
						<TextLine ID="line_10" HPOS="222" VPOS="474" WIDTH="798" HEIGHT="27">
							<String ID="string_10" HPOS="222" VPOS="474" WIDTH="81" HEIGHT="20" WC="0.92" CONTENT="havare"/><SP WIDTH="13" VPOS="474" HPOS="303"/>
							<String ID="string_11" HPOS="316" VPOS="475" WIDTH="60" HEIGHT="19" WC="0.96" CONTENT="skola"/><SP WIDTH="14" VPOS="475" HPOS="376"/>
							<String ID="string_12" HPOS="390" VPOS="475" WIDTH="130" HEIGHT="25" WC="0.93" CONTENT="överflyttas"/><SP WIDTH="13" VPOS="475" HPOS="520"/>
							<String ID="string_13" HPOS="533" VPOS="475" WIDTH="11" HEIGHT="19" WC="0.90" CONTENT="å"/><SP WIDTH="16" VPOS="475" HPOS="544"/>
							<String ID="string_14" HPOS="560" VPOS="475" WIDTH="219" HEIGHT="26" WC="0.91" CONTENT="indragningsstaten,"/><SP WIDTH="14" VPOS="475" HPOS="779"/>
							<String ID="string_15" HPOS="793" VPOS="477" WIDTH="34" HEIGHT="18" WC="0.96" CONTENT="att"/><SP WIDTH="14" VPOS="477" HPOS="827"/>
							<String ID="string_16" HPOS="841" VPOS="475" WIDTH="6" HEIGHT="19" WC="0.96" CONTENT="i"/><SP WIDTH="13" VPOS="475" HPOS="847"/>
							<String ID="string_17" HPOS="860" VPOS="475" WIDTH="60" HEIGHT="26" WC="0.96" CONTENT="fråga"/><SP WIDTH="15" VPOS="475" HPOS="920"/>
							<String ID="string_18" HPOS="935" VPOS="481" WIDTH="34" HEIGHT="14" WC="0.93" CONTENT="om"/><SP WIDTH="14" VPOS="481" HPOS="969"/>
							<String ID="string_19" HPOS="983" VPOS="481" WIDTH="37" HEIGHT="14" WC="0.91" CONTENT="av-"/>
						</TextLine>
						<TextLine ID="line_11" HPOS="223" VPOS="504" WIDTH="797" HEIGHT="27">
							<String ID="string_20" HPOS="223" VPOS="504" WIDTH="194" HEIGHT="26" WC="0.91" CONTENT="löningsförmåner"/><SP WIDTH="15" VPOS="504" HPOS="417"/>
							<String ID="string_21" HPOS="432" VPOS="504" WIDTH="33" HEIGHT="20" WC="0.96" CONTENT="för"/><SP WIDTH="15" VPOS="504" HPOS="465"/>
							<String ID="string_22" HPOS="480" VPOS="504" WIDTH="90" HEIGHT="20" WC="0.76" CONTENT="sålunda"/><SP WIDTH="16" VPOS="504" HPOS="570"/>
							<String ID="string_23" HPOS="586" VPOS="505" WIDTH="13" HEIGHT="19" WC="0.93" CONTENT="å"/><SP WIDTH="16" VPOS="505" HPOS="599"/>
							<String ID="string_24" HPOS="615" VPOS="505" WIDTH="185" HEIGHT="26" WC="0.90" CONTENT="indragningsstat"/><SP WIDTH="16" VPOS="505" HPOS="800"/>
							<String ID="string_25" HPOS="816" VPOS="505" WIDTH="107" HEIGHT="26" WC="0.93" CONTENT="uppförda"/><SP WIDTH="17" VPOS="505" HPOS="923"/>
							<String ID="string_26" HPOS="940" VPOS="505" WIDTH="80" HEIGHT="20" WC="0.92" CONTENT="befatt-"/>
						</TextLine>
						<TextLine ID="line_12" HPOS="223" VPOS="534" WIDTH="796" HEIGHT="27">
							<String ID="string_27" HPOS="223" VPOS="534" WIDTH="142" HEIGHT="26" WC="0.91" CONTENT="ningshavare"/><SP WIDTH="17" VPOS="534" HPOS="365"/>
							<String ID="string_28" HPOS="382" VPOS="536" WIDTH="57" HEIGHT="18" WC="0.96" CONTENT="samt"/><SP WIDTH="16" VPOS="536" HPOS="439"/>
							<String ID="string_29" HPOS="455" VPOS="534" WIDTH="121" HEIGHT="26" WC="0.96" CONTENT="ersättning"/><SP WIDTH="16" VPOS="534" HPOS="576"/>
							<String ID="string_30" HPOS="592" VPOS="534" WIDTH="32" HEIGHT="20" WC="0.96" CONTENT="till"/><SP WIDTH="18" VPOS="534" HPOS="624"/>
							<String ID="string_31" HPOS="642" VPOS="535" WIDTH="25" HEIGHT="19" WC="0.92" CONTENT="de"/><SP WIDTH="17" VPOS="535" HPOS="667"/>
							<String ID="string_32" HPOS="684" VPOS="535" WIDTH="102" HEIGHT="19" WC="0.91" CONTENT="icke-ord."/><SP WIDTH="18" VPOS="535" HPOS="786"/>
							<String ID="string_33" HPOS="804" VPOS="535" WIDTH="215" HEIGHT="26" WC="0.91" CONTENT="befattningshavare"/>
						</TextLine>
						<TextLine ID="line_13" HPOS="222" VPOS="564" WIDTH="798" HEIGHT="27">
							<String ID="string_34" HPOS="222" VPOS="564" WIDTH="36" HEIGHT="20" WC="0.93" CONTENT="vid"/><SP WIDTH="16" VPOS="564" HPOS="258"/>
							<String ID="string_35" HPOS="274" VPOS="564" WIDTH="165" HEIGHT="23" WC="0.91" CONTENT="domänverket,"/><SP WIDTH="17" VPOS="564" HPOS="439"/>
							<String ID="string_36" HPOS="456" VPOS="570" WIDTH="46" HEIGHT="14" WC="0.93" CONTENT="som"/><SP WIDTH="15" VPOS="570" HPOS="502"/>
							<String ID="string_37" HPOS="517" VPOS="564" WIDTH="119" HEIGHT="26" WC="0.92" CONTENT="entledigas"/><SP WIDTH="15" VPOS="564" HPOS="636"/>
							<String ID="string_38" HPOS="651" VPOS="564" WIDTH="32" HEIGHT="20" WC="0.96" CONTENT="till"/><SP WIDTH="15" VPOS="564" HPOS="683"/>
							<String ID="string_39" HPOS="698" VPOS="564" WIDTH="54" HEIGHT="27" WC="0.96" CONTENT="följd"/><SP WIDTH="16" VPOS="564" HPOS="752"/>
							<String ID="string_40" HPOS="768" VPOS="571" WIDTH="28" HEIGHT="13" WC="0.96" CONTENT="av"/><SP WIDTH="15" VPOS="571" HPOS="796"/>
							<String ID="string_41" HPOS="811" VPOS="565" WIDTH="91" HEIGHT="20" WC="0.96" CONTENT="berörda"/><SP WIDTH="16" VPOS="565" HPOS="902"/>
							<String ID="string_42" HPOS="918" VPOS="571" WIDTH="42" HEIGHT="19" WC="0.93" CONTENT="nya"/><SP WIDTH="16" VPOS="571" HPOS="960"/>
							<String ID="string_43" HPOS="976" VPOS="565" WIDTH="44" HEIGHT="26" WC="0.93" CONTENT="lag-"/>
						</TextLine>
						<TextLine ID="line_14" HPOS="222" VPOS="594" WIDTH="798" HEIGHT="27">
							<String ID="string_44" HPOS="222" VPOS="594" WIDTH="107" HEIGHT="26" WC="0.91" CONTENT="stiftning,"/><SP WIDTH="17" VPOS="594" HPOS="329"/>
							<String ID="string_45" HPOS="346" VPOS="594" WIDTH="114" HEIGHT="20" WC="0.96" CONTENT="enahanda"/><SP WIDTH="17" VPOS="594" HPOS="460"/>
							<String ID="string_46" HPOS="477" VPOS="594" WIDTH="100" HEIGHT="26" WC="0.96" CONTENT="grunder,"/><SP WIDTH="17" VPOS="594" HPOS="577"/>
							<String ID="string_47" HPOS="594" VPOS="600" WIDTH="46" HEIGHT="14" WC="0.96" CONTENT="som"/><SP WIDTH="17" VPOS="600" HPOS="640"/>
							<String ID="string_48" HPOS="657" VPOS="594" WIDTH="6" HEIGHT="20" WC="0.96" CONTENT="i"/><SP WIDTH="17" VPOS="594" HPOS="663"/>
							<String ID="string_49" HPOS="680" VPOS="594" WIDTH="79" HEIGHT="20" WC="0.96" CONTENT="sådant"/><SP WIDTH="16" VPOS="594" HPOS="759"/>
							<String ID="string_50" HPOS="775" VPOS="595" WIDTH="106" HEIGHT="20" WC="0.93" CONTENT="avseende"/><SP WIDTH="17" VPOS="595" HPOS="881"/>
							<String ID="string_51" HPOS="898" VPOS="595" WIDTH="99" HEIGHT="26" WC="0.92" CONTENT="stadgats"/><SP WIDTH="16" VPOS="595" HPOS="997"/>
							<String ID="string_52" HPOS="1013" VPOS="595" WIDTH="7" HEIGHT="19" WC="0.96" CONTENT="i"/>
						</TextLine>
						<TextLine ID="line_15" HPOS="223" VPOS="624" WIDTH="796" HEIGHT="27">
							<String ID="string_53" HPOS="223" VPOS="624" WIDTH="73" HEIGHT="20" WC="0.90" CONTENT="KM:ts"/><SP WIDTH="18" VPOS="624" HPOS="296"/>
							<String ID="string_54" HPOS="314" VPOS="624" WIDTH="53" HEIGHT="20" WC="0.96" CONTENT="brev"/><SP WIDTH="17" VPOS="624" HPOS="367"/>
							<String ID="string_55" HPOS="384" VPOS="624" WIDTH="33" HEIGHT="20" WC="0.90" CONTENT="till"/><SP WIDTH="18" VPOS="624" HPOS="417"/>
							<String ID="string_56" HPOS="435" VPOS="624" WIDTH="186" HEIGHT="26" WC="0.90" CONTENT="domänstyrelsen"/><SP WIDTH="19" VPOS="624" HPOS="621"/>
							<String ID="string_57" HPOS="640" VPOS="624" WIDTH="40" HEIGHT="20" WC="0.96" CONTENT="den"/><SP WIDTH="20" VPOS="624" HPOS="680"/>
							<String ID="string_58" HPOS="700" VPOS="624" WIDTH="25" HEIGHT="20" WC="0.96" CONTENT="14"/><SP WIDTH="16" VPOS="624" HPOS="725"/>
							<String ID="string_59" HPOS="741" VPOS="624" WIDTH="47" HEIGHT="26" WC="0.96" CONTENT="juni"/><SP WIDTH="20" VPOS="624" HPOS="788"/>
							<String ID="string_60" HPOS="808" VPOS="624" WIDTH="59" HEIGHT="24" WC="0.96" CONTENT="1933,"/><SP WIDTH="18" VPOS="624" HPOS="867"/>
							<String ID="string_61" HPOS="885" VPOS="624" WIDTH="61" HEIGHT="21" WC="0.96" CONTENT="skola"/><SP WIDTH="17" VPOS="624" HPOS="946"/>
							<String ID="string_62" HPOS="963" VPOS="625" WIDTH="56" HEIGHT="26" WC="0.95" CONTENT="gälla"/>
						</TextLine>
						<TextLine ID="line_16" HPOS="222" VPOS="654" WIDTH="797" HEIGHT="26">
							<String ID="string_63" HPOS="222" VPOS="655" WIDTH="57" HEIGHT="19" WC="0.95" CONTENT="samt"/><SP WIDTH="14" VPOS="655" HPOS="279"/>
							<String ID="string_64" HPOS="293" VPOS="655" WIDTH="35" HEIGHT="19" WC="0.93" CONTENT="att"/><SP WIDTH="14" VPOS="655" HPOS="328"/>
							<String ID="string_65" HPOS="342" VPOS="654" WIDTH="63" HEIGHT="20" WC="0.92" CONTENT="KM:t"/><SP WIDTH="14" VPOS="654" HPOS="405"/>
							<String ID="string_66" HPOS="419" VPOS="654" WIDTH="54" HEIGHT="20" WC="0.96" CONTENT="skall"/><SP WIDTH="14" VPOS="654" HPOS="473"/>
							<String ID="string_67" HPOS="487" VPOS="656" WIDTH="40" HEIGHT="24" WC="0.97" CONTENT="äga"/><SP WIDTH="15" VPOS="656" HPOS="527"/>
							<String ID="string_68" HPOS="542" VPOS="654" WIDTH="86" HEIGHT="20" WC="0.96" CONTENT="utfärda"/><SP WIDTH="16" VPOS="654" HPOS="628"/>
							<String ID="string_69" HPOS="644" VPOS="654" WIDTH="25" HEIGHT="20" WC="0.93" CONTENT="de"/><SP WIDTH="15" VPOS="654" HPOS="669"/>
							<String ID="string_70" HPOS="684" VPOS="654" WIDTH="282" HEIGHT="26" WC="0.92" CONTENT="övergångsbestämmelser"/><SP WIDTH="14" VPOS="654" HPOS="966"/>
							<String ID="string_71" HPOS="980" VPOS="655" WIDTH="39" HEIGHT="20" WC="0.96" CONTENT="och"/>
						</TextLine>
						<TextLine ID="line_17" HPOS="223" VPOS="684" WIDTH="796" HEIGHT="27">
							<String ID="string_72" HPOS="223" VPOS="684" WIDTH="290" HEIGHT="26" WC="0.91" CONTENT="tillämpningsföreskrifter,"/><SP WIDTH="14" VPOS="684" HPOS="513"/>
							<String ID="string_73" HPOS="527" VPOS="690" WIDTH="45" HEIGHT="14" WC="0.96" CONTENT="som"/><SP WIDTH="14" VPOS="690" HPOS="572"/>
							<String ID="string_74" HPOS="586" VPOS="684" WIDTH="34" HEIGHT="20" WC="0.96" CONTENT="för"/><SP WIDTH="12" VPOS="684" HPOS="620"/>
							<String ID="string_75" HPOS="632" VPOS="684" WIDTH="168" HEIGHT="26" WC="0.96" CONTENT="genomförande"/><SP WIDTH="13" VPOS="684" HPOS="800"/>
							<String ID="string_76" HPOS="813" VPOS="690" WIDTH="28" HEIGHT="14" WC="0.96" CONTENT="av"/><SP WIDTH="13" VPOS="690" HPOS="841"/>
							<String ID="string_77" HPOS="854" VPOS="684" WIDTH="165" HEIGHT="27" WC="0.96" CONTENT="ifrågavarande"/>
						</TextLine>
						<TextLine ID="line_18" HPOS="222" VPOS="714" WIDTH="658" HEIGHT="26">
							<String ID="string_78" HPOS="222" VPOS="714" WIDTH="254" HEIGHT="26" WC="0.91" CONTENT="personalindragningar"/><SP WIDTH="15" VPOS="714" HPOS="476"/>
							<String ID="string_79" HPOS="491" VPOS="714" WIDTH="37" HEIGHT="19" WC="0.93" CONTENT="vid"/><SP WIDTH="16" VPOS="714" HPOS="528"/>
							<String ID="string_80" HPOS="544" VPOS="714" WIDTH="157" HEIGHT="20" WC="0.91" CONTENT="domänverket"/><SP WIDTH="15" VPOS="714" HPOS="701"/>
							<String ID="string_81" HPOS="716" VPOS="714" WIDTH="35" HEIGHT="20" WC="0.96" CONTENT="må"/><SP WIDTH="15" VPOS="714" HPOS="751"/>
							<String ID="string_82" HPOS="766" VPOS="714" WIDTH="114" HEIGHT="20" WC="0.95" CONTENT="erfordras."/>
						</TextLine>
					</TextBlock>
				</ComposedBlock>
				<ComposedBlock ID="cblock_11" HPOS="208" VPOS="773" WIDTH="811" HEIGHT="294">
					<TextBlock ID="block_11" HPOS="208" VPOS="773" WIDTH="811" HEIGHT="294">
						<TextLine ID="line_19" HPOS="208" VPOS="773" WIDTH="811" HEIGHT="27">
							<String ID="string_83" HPOS="208" VPOS="774" WIDTH="42" HEIGHT="19" WC="0.90" CONTENT="RD"/><SP WIDTH="10" VPOS="774" HPOS="250"/>
							<String ID="string_84" HPOS="260" VPOS="773" WIDTH="127" HEIGHT="26" WC="0.96" CONTENT="godkänner"/><SP WIDTH="9" VPOS="773" HPOS="387"/>
							<String ID="string_85" HPOS="396" VPOS="773" WIDTH="79" HEIGHT="26" WC="0.96" CONTENT="förslag"/><SP WIDTH="11" VPOS="773" HPOS="475"/>
							<String ID="string_86" HPOS="486" VPOS="774" WIDTH="31" HEIGHT="19" WC="0.96" CONTENT="till"/><SP WIDTH="10" VPOS="774" HPOS="517"/>
							<String ID="string_87" HPOS="527" VPOS="774" WIDTH="82" HEIGHT="19" WC="0.96" CONTENT="ändrad"/><SP WIDTH="10" VPOS="774" HPOS="609"/>
							<String ID="string_88" HPOS="619" VPOS="774" WIDTH="80" HEIGHT="25" WC="0.96" CONTENT="lydelse"/><SP WIDTH="10" VPOS="774" HPOS="699"/>
							<String ID="string_89" HPOS="709" VPOS="780" WIDTH="27" HEIGHT="13" WC="0.96" CONTENT="av"/><SP WIDTH="10" VPOS="780" HPOS="736"/>
							<String ID="string_90" HPOS="746" VPOS="774" WIDTH="27" HEIGHT="19" WC="0.95" CONTENT="22"/><SP WIDTH="10" VPOS="774" HPOS="773"/>
							<String ID="string_91" HPOS="783" VPOS="774" WIDTH="39" HEIGHT="20" WC="0.96" CONTENT="och"/><SP WIDTH="10" VPOS="774" HPOS="822"/>
							<String ID="string_92" HPOS="832" VPOS="774" WIDTH="26" HEIGHT="19" WC="0.96" CONTENT="28"/><SP WIDTH="9" VPOS="774" HPOS="858"/>
							<String ID="string_93" HPOS="867" VPOS="775" WIDTH="21" HEIGHT="24" WC="0.93" CONTENT="$$"/><SP WIDTH="9" VPOS="775" HPOS="888"/>
							<String ID="string_94" HPOS="897" VPOS="774" WIDTH="122" HEIGHT="26" WC="0.92" CONTENT="avlönings-"/>
						</TextLine>
						<TextLine ID="line_20" HPOS="221" VPOS="803" WIDTH="798" HEIGHT="26">
							<String ID="string_95" HPOS="221" VPOS="803" WIDTH="141" HEIGHT="26" WC="0.96" CONTENT="reglementet"/><SP WIDTH="12" VPOS="803" HPOS="362"/>
							<String ID="string_96" HPOS="374" VPOS="803" WIDTH="41" HEIGHT="20" WC="0.96" CONTENT="den"/><SP WIDTH="13" VPOS="803" HPOS="415"/>
							<String ID="string_97" HPOS="428" VPOS="803" WIDTH="24" HEIGHT="20" WC="0.92" CONTENT="15"/><SP WIDTH="11" VPOS="803" HPOS="452"/>
							<String ID="string_98" HPOS="463" VPOS="803" WIDTH="47" HEIGHT="26" WC="0.96" CONTENT="juni"/><SP WIDTH="13" VPOS="803" HPOS="510"/>
							<String ID="string_99" HPOS="523" VPOS="803" WIDTH="52" HEIGHT="20" WC="0.96" CONTENT="1934"/><SP WIDTH="11" VPOS="803" HPOS="575"/>
							<String ID="string_100" HPOS="586" VPOS="803" WIDTH="35" HEIGHT="26" WC="0.96" CONTENT="(nr"/><SP WIDTH="10" VPOS="803" HPOS="621"/>
							<String ID="string_101" HPOS="631" VPOS="803" WIDTH="49" HEIGHT="26" WC="0.95" CONTENT="303)"/><SP WIDTH="12" VPOS="803" HPOS="680"/>
							<String ID="string_102" HPOS="692" VPOS="803" WIDTH="33" HEIGHT="20" WC="0.96" CONTENT="för"/><SP WIDTH="11" VPOS="803" HPOS="725"/>
							<String ID="string_103" HPOS="736" VPOS="803" WIDTH="133" HEIGHT="26" WC="0.96" CONTENT="tjänstemän"/><SP WIDTH="12" VPOS="803" HPOS="869"/>
							<String ID="string_104" HPOS="881" VPOS="803" WIDTH="37" HEIGHT="20" WC="0.93" CONTENT="vid"/><SP WIDTH="12" VPOS="803" HPOS="918"/>
							<String ID="string_105" HPOS="930" VPOS="804" WIDTH="89" HEIGHT="20" WC="0.92" CONTENT="domän-"/>
						</TextLine>
						<TextLine ID="line_21" HPOS="222" VPOS="833" WIDTH="797" HEIGHT="27">
							<String ID="string_106" HPOS="222" VPOS="833" WIDTH="82" HEIGHT="23" WC="0.96" CONTENT="verket;"/><SP WIDTH="16" VPOS="833" HPOS="304"/>
							<String ID="string_107" HPOS="320" VPOS="833" WIDTH="38" HEIGHT="20" WC="0.96" CONTENT="och"/><SP WIDTH="15" VPOS="833" HPOS="358"/>
							<String ID="string_108" HPOS="373" VPOS="833" WIDTH="95" HEIGHT="20" WC="0.93" CONTENT="besluter"/><SP WIDTH="13" VPOS="833" HPOS="468"/>
							<String ID="string_109" HPOS="481" VPOS="833" WIDTH="49" HEIGHT="23" WC="0.91" CONTENT="RD,"/><SP WIDTH="15" VPOS="833" HPOS="530"/>
							<String ID="string_110" HPOS="545" VPOS="835" WIDTH="35" HEIGHT="18" WC="0.96" CONTENT="att"/><SP WIDTH="12" VPOS="835" HPOS="580"/>
							<String ID="string_111" HPOS="592" VPOS="833" WIDTH="6" HEIGHT="20" WC="0.96" CONTENT="i"/><SP WIDTH="14" VPOS="833" HPOS="598"/>
							<String ID="string_112" HPOS="612" VPOS="833" WIDTH="41" HEIGHT="20" WC="0.96" CONTENT="den"/><SP WIDTH="14" VPOS="833" HPOS="653"/>
							<String ID="string_113" HPOS="667" VPOS="833" WIDTH="37" HEIGHT="20" WC="0.93" CONTENT="vid"/><SP WIDTH="14" VPOS="833" HPOS="704"/>
							<String ID="string_114" HPOS="718" VPOS="833" WIDTH="256" HEIGHT="27" WC="0.92" CONTENT="avlöningsreglementet"/><SP WIDTH="12" VPOS="833" HPOS="974"/>
							<String ID="string_115" HPOS="986" VPOS="833" WIDTH="33" HEIGHT="21" WC="0.97" CONTENT="för"/>
						</TextLine>
						<TextLine ID="line_22" HPOS="222" VPOS="863" WIDTH="796" HEIGHT="27">
							<String ID="string_116" HPOS="222" VPOS="863" WIDTH="158" HEIGHT="20" WC="0.91" CONTENT="domänverket"/><SP WIDTH="11" VPOS="863" HPOS="380"/>
							<String ID="string_117" HPOS="391" VPOS="863" WIDTH="77" HEIGHT="26" WC="0.93" CONTENT="fogade"/><SP WIDTH="11" VPOS="863" HPOS="468"/>
							<String ID="string_118" HPOS="479" VPOS="863" WIDTH="246" HEIGHT="26" WC="0.92" CONTENT="tjänsteförteckningen"/><SP WIDTH="13" VPOS="863" HPOS="725"/>
							<String ID="string_119" HPOS="738" VPOS="863" WIDTH="54" HEIGHT="20" WC="0.96" CONTENT="skall"/><SP WIDTH="12" VPOS="863" HPOS="792"/>
							<String ID="string_120" HPOS="804" VPOS="864" WIDTH="108" HEIGHT="26" WC="0.96" CONTENT="upptagas"/><SP WIDTH="11" VPOS="864" HPOS="912"/>
							<String ID="string_121" HPOS="923" VPOS="863" WIDTH="95" HEIGHT="26" WC="0.95" CONTENT="följande"/>
						</TextLine>
						<TextLine ID="line_23" HPOS="222" VPOS="893" WIDTH="797" HEIGHT="26">
							<String ID="string_122" HPOS="222" VPOS="893" WIDTH="123" HEIGHT="26" WC="0.93" CONTENT="befattning"/><SP WIDTH="18" VPOS="893" HPOS="345"/>
							<String ID="string_123" HPOS="363" VPOS="893" WIDTH="12" HEIGHT="19" WC="0.92" CONTENT="å"/><SP WIDTH="19" VPOS="893" HPOS="375"/>
							<String ID="string_124" HPOS="394" VPOS="893" WIDTH="172" HEIGHT="26" WC="0.90" CONTENT="övergångsstat,"/><SP WIDTH="19" VPOS="893" HPOS="566"/>
							<String ID="string_125" HPOS="585" VPOS="893" WIDTH="107" HEIGHT="26" WC="0.96" CONTENT="nämligen"/><SP WIDTH="19" VPOS="893" HPOS="692"/>
							<String ID="string_126" HPOS="711" VPOS="893" WIDTH="5" HEIGHT="20" WC="0.96" CONTENT="i"/><SP WIDTH="19" VPOS="893" HPOS="716"/>
							<String ID="string_127" HPOS="735" VPOS="893" WIDTH="47" HEIGHT="20" WC="0.93" CONTENT="24:e"/><SP WIDTH="18" VPOS="893" HPOS="782"/>
							<String ID="string_128" HPOS="800" VPOS="893" WIDTH="136" HEIGHT="26" WC="0.91" CONTENT="lönegraden:"/><SP WIDTH="19" VPOS="893" HPOS="936"/>
							<String ID="string_129" HPOS="955" VPOS="894" WIDTH="64" HEIGHT="25" WC="0.91" CONTENT="byrå-"/>
						</TextLine>
						<TextLine ID="line_24" HPOS="220" VPOS="922" WIDTH="799" HEIGHT="27">
							<String ID="string_130" HPOS="220" VPOS="922" WIDTH="140" HEIGHT="26" WC="0.96" CONTENT="jägmästare;"/><SP WIDTH="13" VPOS="922" HPOS="360"/>
							<String ID="string_131" HPOS="373" VPOS="923" WIDTH="39" HEIGHT="19" WC="0.97" CONTENT="och"/><SP WIDTH="14" VPOS="923" HPOS="412"/>
							<String ID="string_132" HPOS="426" VPOS="923" WIDTH="131" HEIGHT="20" WC="0.93" CONTENT="bestämmer"/><SP WIDTH="12" VPOS="923" HPOS="557"/>
							<String ID="string_133" HPOS="569" VPOS="923" WIDTH="42" HEIGHT="19" WC="0.92" CONTENT="RD"/><SP WIDTH="13" VPOS="923" HPOS="611"/>
							<String ID="string_134" HPOS="624" VPOS="923" WIDTH="83" HEIGHT="20" WC="0.96" CONTENT="antalet"/><SP WIDTH="13" VPOS="923" HPOS="707"/>
							<String ID="string_135" HPOS="720" VPOS="923" WIDTH="148" HEIGHT="26" WC="0.96" CONTENT="befattningar"/><SP WIDTH="11" VPOS="923" HPOS="868"/>
							<String ID="string_136" HPOS="879" VPOS="923" WIDTH="37" HEIGHT="20" WC="0.93" CONTENT="vid"/><SP WIDTH="13" VPOS="923" HPOS="916"/>
							<String ID="string_137" HPOS="929" VPOS="923" WIDTH="90" HEIGHT="20" WC="0.92" CONTENT="domän-"/>
						</TextLine>
						<TextLine ID="line_25" HPOS="221" VPOS="952" WIDTH="798" HEIGHT="27">
							<String ID="string_138" HPOS="221" VPOS="953" WIDTH="76" HEIGHT="19" WC="0.95" CONTENT="verket"/><SP WIDTH="18" VPOS="953" HPOS="297"/>
							<String ID="string_139" HPOS="315" VPOS="952" WIDTH="93" HEIGHT="20" WC="0.45" CONTENT="fr.o.m."/><SP WIDTH="19" VPOS="952" HPOS="408"/>
							<String ID="string_140" HPOS="427" VPOS="953" WIDTH="41" HEIGHT="19" WC="0.96" CONTENT="den"/><SP WIDTH="20" VPOS="953" HPOS="468"/>
							<String ID="string_141" HPOS="488" VPOS="953" WIDTH="8" HEIGHT="19" WC="0.96" CONTENT="1"/><SP WIDTH="20" VPOS="953" HPOS="496"/>
							<String ID="string_142" HPOS="516" VPOS="952" WIDTH="44" HEIGHT="26" WC="0.93" CONTENT="jan."/><SP WIDTH="21" VPOS="952" HPOS="560"/>
							<String ID="string_143" HPOS="581" VPOS="952" WIDTH="59" HEIGHT="24" WC="0.96" CONTENT="1938;"/><SP WIDTH="19" VPOS="952" HPOS="640"/>
							<String ID="string_144" HPOS="659" VPOS="953" WIDTH="39" HEIGHT="20" WC="0.93" CONTENT="och"/><SP WIDTH="18" VPOS="953" HPOS="698"/>
							<String ID="string_145" HPOS="716" VPOS="953" WIDTH="111" HEIGHT="26" WC="0.92" CONTENT="medgiver"/><SP WIDTH="18" VPOS="953" HPOS="827"/>
							<String ID="string_146" HPOS="845" VPOS="953" WIDTH="49" HEIGHT="23" WC="0.91" CONTENT="RD,"/><SP WIDTH="18" VPOS="953" HPOS="894"/>
							<String ID="string_147" HPOS="912" VPOS="954" WIDTH="35" HEIGHT="19" WC="0.93" CONTENT="att"/><SP WIDTH="17" VPOS="954" HPOS="947"/>
							<String ID="string_148" HPOS="964" VPOS="953" WIDTH="55" HEIGHT="20" WC="0.92" CONTENT="före-"/>
						</TextLine>
						<TextLine ID="line_26" HPOS="222" VPOS="982" WIDTH="796" HEIGHT="27">
							<String ID="string_149" HPOS="222" VPOS="982" WIDTH="95" HEIGHT="20" WC="0.93" CONTENT="nämnda"/><SP WIDTH="18" VPOS="982" HPOS="317"/>
							<String ID="string_150" HPOS="335" VPOS="982" WIDTH="243" HEIGHT="26" WC="0.88" CONTENT="avlöningsreglemente"/><SP WIDTH="18" VPOS="982" HPOS="578"/>
							<String ID="string_151" HPOS="596" VPOS="983" WIDTH="42" HEIGHT="23" WC="0.96" CONTENT="må,"/><SP WIDTH="19" VPOS="983" HPOS="638"/>
							<String ID="string_152" HPOS="657" VPOS="983" WIDTH="49" HEIGHT="20" WC="0.96" CONTENT="med"/><SP WIDTH="18" VPOS="983" HPOS="706"/>
							<String ID="string_153" HPOS="724" VPOS="983" WIDTH="26" HEIGHT="19" WC="0.96" CONTENT="de"/><SP WIDTH="17" VPOS="983" HPOS="750"/>
							<String ID="string_154" HPOS="767" VPOS="983" WIDTH="117" HEIGHT="26" WC="0.95" CONTENT="ändringar"/><SP WIDTH="17" VPOS="983" HPOS="884"/>
							<String ID="string_155" HPOS="901" VPOS="983" WIDTH="53" HEIGHT="22" WC="0.96" CONTENT="däri,"/><SP WIDTH="18" VPOS="983" HPOS="954"/>
							<String ID="string_156" HPOS="972" VPOS="989" WIDTH="46" HEIGHT="14" WC="0.96" CONTENT="som"/>
						</TextLine>
						<TextLine ID="line_27" HPOS="221" VPOS="1012" WIDTH="797" HEIGHT="26">
							<String ID="string_157" HPOS="221" VPOS="1012" WIDTH="42" HEIGHT="20" WC="0.92" CONTENT="RD"/><SP WIDTH="16" VPOS="1012" HPOS="263"/>
							<String ID="string_158" HPOS="279" VPOS="1012" WIDTH="120" HEIGHT="20" WC="0.96" CONTENT="sedermera"/><SP WIDTH="15" VPOS="1012" HPOS="399"/>
							<String ID="string_159" HPOS="414" VPOS="1013" WIDTH="104" HEIGHT="25" WC="0.96" CONTENT="godkänt,"/><SP WIDTH="16" VPOS="1013" HPOS="518"/>
							<String ID="string_160" HPOS="534" VPOS="1018" WIDTH="28" HEIGHT="14" WC="0.93" CONTENT="av"/><SP WIDTH="15" VPOS="1018" HPOS="562"/>
							<String ID="string_161" HPOS="577" VPOS="1012" WIDTH="63" HEIGHT="20" WC="0.92" CONTENT="KM:t"/><SP WIDTH="15" VPOS="1012" HPOS="640"/>
							<String ID="string_162" HPOS="655" VPOS="1012" WIDTH="118" HEIGHT="20" WC="0.96" CONTENT="fastställas"/><SP WIDTH="14" VPOS="1012" HPOS="773"/>
							<String ID="string_163" HPOS="787" VPOS="1014" WIDTH="35" HEIGHT="18" WC="0.96" CONTENT="att"/><SP WIDTH="14" VPOS="1014" HPOS="822"/>
							<String ID="string_164" HPOS="836" VPOS="1013" WIDTH="55" HEIGHT="25" WC="0.95" CONTENT="gälla"/><SP WIDTH="16" VPOS="1013" HPOS="891"/>
							<String ID="string_165" HPOS="907" VPOS="1014" WIDTH="53" HEIGHT="18" WC="0.96" CONTENT="utan"/><SP WIDTH="15" VPOS="1014" HPOS="960"/>
							<String ID="string_166" HPOS="975" VPOS="1013" WIDTH="43" HEIGHT="20" WC="0.95" CONTENT="viss"/>
						</TextLine>
						<TextLine ID="line_28" HPOS="223" VPOS="1042" WIDTH="193" HEIGHT="25">
							<String ID="string_167" HPOS="223" VPOS="1042" WIDTH="193" HEIGHT="25" WC="0.95" CONTENT="tidsbegränsning."/>
						</TextLine>
					</TextBlock>
				</ComposedBlock>
				<ComposedBlock ID="cblock_12" HPOS="208" VPOS="1131" WIDTH="811" HEIGHT="79">
					<TextBlock ID="block_12" HPOS="208" VPOS="1131" WIDTH="811" HEIGHT="79">
						<TextLine ID="line_29" HPOS="208" VPOS="1131" WIDTH="810" HEIGHT="25">
							<String ID="string_168" HPOS="208" VPOS="1131" WIDTH="41" HEIGHT="19" WC="0.90" CONTENT="RD"/><SP WIDTH="16" VPOS="1131" HPOS="249"/>
							<String ID="string_169" HPOS="265" VPOS="1131" WIDTH="117" HEIGHT="25" WC="0.91" CONTENT="medgiver,"/><SP WIDTH="16" VPOS="1131" HPOS="382"/>
							<String ID="string_170" HPOS="398" VPOS="1132" WIDTH="34" HEIGHT="18" WC="0.93" CONTENT="att"/><SP WIDTH="16" VPOS="1132" HPOS="432"/>
							<String ID="string_171" HPOS="448" VPOS="1131" WIDTH="150" HEIGHT="25" WC="0.91" CONTENT="kyrkofonden"/><SP WIDTH="15" VPOS="1131" HPOS="598"/>
							<String ID="string_172" HPOS="613" VPOS="1131" WIDTH="55" HEIGHT="20" WC="0.96" CONTENT="skall"/><SP WIDTH="15" VPOS="1131" HPOS="668"/>
							<String ID="string_173" HPOS="683" VPOS="1131" WIDTH="33" HEIGHT="20" WC="0.96" CONTENT="för"/><SP WIDTH="15" VPOS="1131" HPOS="716"/>
							<String ID="string_174" HPOS="731" VPOS="1132" WIDTH="23" HEIGHT="19" WC="0.96" CONTENT="år"/><SP WIDTH="18" VPOS="1132" HPOS="754"/>
							<String ID="string_175" HPOS="772" VPOS="1131" WIDTH="50" HEIGHT="20" WC="0.96" CONTENT="1937"/><SP WIDTH="16" VPOS="1131" HPOS="822"/>
							<String ID="string_176" HPOS="838" VPOS="1133" WIDTH="82" HEIGHT="18" WC="0.96" CONTENT="ersätta"/><SP WIDTH="15" VPOS="1133" HPOS="920"/>
							<String ID="string_177" HPOS="935" VPOS="1133" WIDTH="83" HEIGHT="18" WC="0.95" CONTENT="statens"/>
						</TextLine>
						<TextLine ID="line_30" HPOS="221" VPOS="1160" WIDTH="798" HEIGHT="27">
							<String ID="string_178" HPOS="221" VPOS="1160" WIDTH="114" HEIGHT="20" WC="0.92" CONTENT="domäners"/><SP WIDTH="11" VPOS="1160" HPOS="335"/>
							<String ID="string_179" HPOS="346" VPOS="1160" WIDTH="52" HEIGHT="20" WC="0.96" CONTENT="fond"/><SP WIDTH="13" VPOS="1160" HPOS="398"/>
							<String ID="string_180" HPOS="411" VPOS="1161" WIDTH="118" HEIGHT="19" WC="0.96" CONTENT="kostnader"/><SP WIDTH="11" VPOS="1161" HPOS="529"/>
							<String ID="string_181" HPOS="540" VPOS="1161" WIDTH="33" HEIGHT="19" WC="0.93" CONTENT="för"/><SP WIDTH="12" VPOS="1161" HPOS="573"/>
							<String ID="string_182" HPOS="585" VPOS="1161" WIDTH="105" HEIGHT="26" WC="0.91" CONTENT="övertalig"/><SP WIDTH="12" VPOS="1161" HPOS="690"/>
							<String ID="string_183" HPOS="702" VPOS="1161" WIDTH="98" HEIGHT="25" WC="0.96" CONTENT="personal"/><SP WIDTH="11" VPOS="1161" HPOS="800"/>
							<String ID="string_184" HPOS="811" VPOS="1161" WIDTH="37" HEIGHT="19" WC="0.93" CONTENT="vid"/><SP WIDTH="13" VPOS="1161" HPOS="848"/>
							<String ID="string_185" HPOS="861" VPOS="1161" WIDTH="158" HEIGHT="20" WC="0.92" CONTENT="domänverket"/>
						</TextLine>
						<TextLine ID="line_31" HPOS="221" VPOS="1190" WIDTH="282" HEIGHT="20">
							<String ID="string_186" HPOS="221" VPOS="1190" WIDTH="48" HEIGHT="20" WC="0.96" CONTENT="med"/><SP WIDTH="16" VPOS="1190" HPOS="269"/>
							<String ID="string_187" HPOS="285" VPOS="1190" WIDTH="85" HEIGHT="20" WC="0.95" CONTENT="426125"/><SP WIDTH="15" VPOS="1190" HPOS="370"/>
							<String ID="string_188" HPOS="385" VPOS="1191" WIDTH="32" HEIGHT="19" WC="0.96" CONTENT="kr."/><SP WIDTH="16" VPOS="1191" HPOS="417"/>
							<String ID="string_189" HPOS="433" VPOS="1190" WIDTH="13" HEIGHT="19" WC="0.96" CONTENT="9"/><SP WIDTH="15" VPOS="1190" HPOS="446"/>
							<String ID="string_190" HPOS="461" VPOS="1192" WIDTH="42" HEIGHT="18" WC="0.96" CONTENT="öre."/>
						</TextLine>
					</TextBlock>
				</ComposedBlock>
				<ComposedBlock ID="cblock_13" HPOS="207" VPOS="1255" WIDTH="812" HEIGHT="235">
					<TextBlock ID="block_13" HPOS="207" VPOS="1255" WIDTH="812" HEIGHT="235">
						<TextLine ID="line_32" HPOS="207" VPOS="1255" WIDTH="811" HEIGHT="27">
							<String ID="string_191" HPOS="207" VPOS="1255" WIDTH="42" HEIGHT="20" WC="0.91" CONTENT="RD"/><SP WIDTH="16" VPOS="1255" HPOS="249"/>
							<String ID="string_192" HPOS="265" VPOS="1256" WIDTH="95" HEIGHT="20" WC="0.96" CONTENT="besluter"/><SP WIDTH="14" VPOS="1256" HPOS="360"/>
							<String ID="string_193" HPOS="374" VPOS="1256" WIDTH="45" HEIGHT="19" WC="0.96" CONTENT="dels"/><SP WIDTH="14" VPOS="1256" HPOS="419"/>
							<String ID="string_194" HPOS="433" VPOS="1257" WIDTH="35" HEIGHT="18" WC="0.96" CONTENT="att"/><SP WIDTH="14" VPOS="1257" HPOS="468"/>
							<String ID="string_195" HPOS="482" VPOS="1256" WIDTH="6" HEIGHT="19" WC="0.96" CONTENT="i"/><SP WIDTH="14" VPOS="1256" HPOS="488"/>
							<String ID="string_196" HPOS="502" VPOS="1256" WIDTH="60" HEIGHT="26" WC="0.96" CONTENT="fråga"/><SP WIDTH="16" VPOS="1256" HPOS="562"/>
							<String ID="string_197" HPOS="578" VPOS="1262" WIDTH="34" HEIGHT="14" WC="0.96" CONTENT="om"/><SP WIDTH="15" VPOS="1262" HPOS="612"/>
							<String ID="string_198" HPOS="627" VPOS="1256" WIDTH="121" HEIGHT="26" WC="0.96" CONTENT="ersättning"/><SP WIDTH="16" VPOS="1256" HPOS="748"/>
							<String ID="string_199" HPOS="764" VPOS="1256" WIDTH="31" HEIGHT="20" WC="0.96" CONTENT="till"/><SP WIDTH="14" VPOS="1256" HPOS="795"/>
							<String ID="string_200" HPOS="809" VPOS="1256" WIDTH="57" HEIGHT="20" WC="0.96" CONTENT="vissa"/><SP WIDTH="16" VPOS="1256" HPOS="866"/>
							<String ID="string_201" HPOS="882" VPOS="1256" WIDTH="6" HEIGHT="20" WC="0.93" CONTENT="i"/><SP WIDTH="14" VPOS="1256" HPOS="888"/>
							<String ID="string_202" HPOS="902" VPOS="1256" WIDTH="116" HEIGHT="20" WC="0.91" CONTENT="statsråds-"/>
						</TextLine>
						<TextLine ID="line_33" HPOS="221" VPOS="1285" WIDTH="797" HEIGHT="26">
							<String ID="string_203" HPOS="221" VPOS="1285" WIDTH="133" HEIGHT="26" WC="0.95" CONTENT="protokollet"/><SP WIDTH="24" VPOS="1285" HPOS="354"/>
							<String ID="string_204" HPOS="378" VPOS="1285" WIDTH="94" HEIGHT="26" WC="0.91" CONTENT="angivna"/><SP WIDTH="26" VPOS="1285" HPOS="472"/>
							<String ID="string_205" HPOS="498" VPOS="1285" WIDTH="102" HEIGHT="20" WC="0.91" CONTENT="icke-ord."/><SP WIDTH="26" VPOS="1285" HPOS="600"/>
							<String ID="string_206" HPOS="626" VPOS="1286" WIDTH="216" HEIGHT="25" WC="0.87" CONTENT="befattningshavare"/><SP WIDTH="24" VPOS="1286" HPOS="842"/>
							<String ID="string_207" HPOS="866" VPOS="1286" WIDTH="37" HEIGHT="20" WC="0.92" CONTENT="vid"/><SP WIDTH="25" VPOS="1286" HPOS="903"/>
							<String ID="string_208" HPOS="928" VPOS="1286" WIDTH="90" HEIGHT="20" WC="0.92" CONTENT="domän-"/>
						</TextLine>
						<TextLine ID="line_34" HPOS="221" VPOS="1315" WIDTH="796" HEIGHT="27">
							<String ID="string_209" HPOS="221" VPOS="1315" WIDTH="83" HEIGHT="24" WC="0.95" CONTENT="verket,"/><SP WIDTH="19" VPOS="1315" HPOS="304"/>
							<String ID="string_210" HPOS="323" VPOS="1321" WIDTH="45" HEIGHT="14" WC="0.93" CONTENT="som"/><SP WIDTH="20" VPOS="1321" HPOS="368"/>
							<String ID="string_211" HPOS="388" VPOS="1315" WIDTH="119" HEIGHT="26" WC="0.90" CONTENT="entledigas"/><SP WIDTH="18" VPOS="1315" HPOS="507"/>
							<String ID="string_212" HPOS="525" VPOS="1315" WIDTH="32" HEIGHT="20" WC="0.95" CONTENT="till"/><SP WIDTH="18" VPOS="1315" HPOS="557"/>
							<String ID="string_213" HPOS="575" VPOS="1315" WIDTH="54" HEIGHT="26" WC="0.96" CONTENT="följd"/><SP WIDTH="19" VPOS="1315" HPOS="629"/>
							<String ID="string_214" HPOS="648" VPOS="1321" WIDTH="28" HEIGHT="14" WC="0.96" CONTENT="av"/><SP WIDTH="18" VPOS="1321" HPOS="676"/>
							<String ID="string_215" HPOS="694" VPOS="1321" WIDTH="30" HEIGHT="20" WC="0.95" CONTENT="ny"/><SP WIDTH="18" VPOS="1321" HPOS="724"/>
							<String ID="string_216" HPOS="742" VPOS="1315" WIDTH="142" HEIGHT="27" WC="0.95" CONTENT="lagstiftning,"/><SP WIDTH="19" VPOS="1315" HPOS="884"/>
							<String ID="string_217" HPOS="903" VPOS="1316" WIDTH="114" HEIGHT="20" WC="0.96" CONTENT="enahanda"/>
						</TextLine>
						<TextLine ID="line_35" HPOS="220" VPOS="1345" WIDTH="798" HEIGHT="26">
							<String ID="string_218" HPOS="220" VPOS="1345" WIDTH="101" HEIGHT="26" WC="0.96" CONTENT="grunder,"/><SP WIDTH="11" VPOS="1345" HPOS="321"/>
							<String ID="string_219" HPOS="332" VPOS="1351" WIDTH="45" HEIGHT="14" WC="0.96" CONTENT="som"/><SP WIDTH="12" VPOS="1351" HPOS="377"/>
							<String ID="string_220" HPOS="389" VPOS="1345" WIDTH="6" HEIGHT="19" WC="0.96" CONTENT="i"/><SP WIDTH="11" VPOS="1345" HPOS="395"/>
							<String ID="string_221" HPOS="406" VPOS="1345" WIDTH="79" HEIGHT="20" WC="0.96" CONTENT="sådant"/><SP WIDTH="10" VPOS="1345" HPOS="485"/>
							<String ID="string_222" HPOS="495" VPOS="1345" WIDTH="106" HEIGHT="20" WC="0.93" CONTENT="avseende"/><SP WIDTH="11" VPOS="1345" HPOS="601"/>
							<String ID="string_223" HPOS="612" VPOS="1345" WIDTH="99" HEIGHT="26" WC="0.91" CONTENT="stadgats"/><SP WIDTH="11" VPOS="1345" HPOS="711"/>
							<String ID="string_224" HPOS="722" VPOS="1345" WIDTH="5" HEIGHT="20" WC="0.93" CONTENT="i"/><SP WIDTH="12" VPOS="1345" HPOS="727"/>
							<String ID="string_225" HPOS="739" VPOS="1345" WIDTH="73" HEIGHT="20" WC="0.92" CONTENT="KM:ts"/><SP WIDTH="11" VPOS="1345" HPOS="812"/>
							<String ID="string_226" HPOS="823" VPOS="1346" WIDTH="52" HEIGHT="19" WC="0.96" CONTENT="brev"/><SP WIDTH="10" VPOS="1346" HPOS="875"/>
							<String ID="string_227" HPOS="885" VPOS="1345" WIDTH="33" HEIGHT="20" WC="0.93" CONTENT="till"/><SP WIDTH="11" VPOS="1345" HPOS="918"/>
							<String ID="string_228" HPOS="929" VPOS="1346" WIDTH="89" HEIGHT="20" WC="0.93" CONTENT="domän-"/>
						</TextLine>
						<TextLine ID="line_36" HPOS="220" VPOS="1375" WIDTH="798" HEIGHT="26">
							<String ID="string_229" HPOS="220" VPOS="1375" WIDTH="104" HEIGHT="26" WC="0.96" CONTENT="styrelsen"/><SP WIDTH="16" VPOS="1375" HPOS="324"/>
							<String ID="string_230" HPOS="340" VPOS="1375" WIDTH="41" HEIGHT="19" WC="0.96" CONTENT="den"/><SP WIDTH="17" VPOS="1375" HPOS="381"/>
							<String ID="string_231" HPOS="398" VPOS="1375" WIDTH="25" HEIGHT="19" WC="0.96" CONTENT="14"/><SP WIDTH="13" VPOS="1375" HPOS="423"/>
							<String ID="string_232" HPOS="436" VPOS="1375" WIDTH="47" HEIGHT="25" WC="0.96" CONTENT="juni"/><SP WIDTH="16" VPOS="1375" HPOS="483"/>
							<String ID="string_233" HPOS="499" VPOS="1375" WIDTH="59" HEIGHT="23" WC="0.96" CONTENT="1933,"/><SP WIDTH="15" VPOS="1375" HPOS="558"/>
							<String ID="string_234" HPOS="573" VPOS="1375" WIDTH="60" HEIGHT="20" WC="0.96" CONTENT="skola"/><SP WIDTH="14" VPOS="1375" HPOS="633"/>
							<String ID="string_235" HPOS="647" VPOS="1375" WIDTH="63" HEIGHT="26" WC="0.96" CONTENT="gälla,"/><SP WIDTH="15" VPOS="1375" HPOS="710"/>
							<String ID="string_236" HPOS="725" VPOS="1375" WIDTH="45" HEIGHT="20" WC="0.96" CONTENT="dels"/><SP WIDTH="14" VPOS="1375" HPOS="770"/>
							<String ID="string_237" HPOS="784" VPOS="1375" WIDTH="40" HEIGHT="20" WC="0.97" CONTENT="ock"/><SP WIDTH="14" VPOS="1375" HPOS="824"/>
							<String ID="string_238" HPOS="838" VPOS="1376" WIDTH="34" HEIGHT="19" WC="0.93" CONTENT="att"/><SP WIDTH="15" VPOS="1376" HPOS="872"/>
							<String ID="string_239" HPOS="887" VPOS="1375" WIDTH="63" HEIGHT="20" WC="0.92" CONTENT="KM:t"/><SP WIDTH="13" VPOS="1375" HPOS="950"/>
							<String ID="string_240" HPOS="963" VPOS="1376" WIDTH="55" HEIGHT="20" WC="0.96" CONTENT="skall"/>
						</TextLine>
						<TextLine ID="line_37" HPOS="220" VPOS="1405" WIDTH="798" HEIGHT="27">
							<String ID="string_241" HPOS="220" VPOS="1406" WIDTH="40" HEIGHT="24" WC="0.95" CONTENT="äga"/><SP WIDTH="25" VPOS="1406" HPOS="260"/>
							<String ID="string_242" HPOS="285" VPOS="1405" WIDTH="87" HEIGHT="19" WC="0.95" CONTENT="utfärda"/><SP WIDTH="24" VPOS="1405" HPOS="372"/>
							<String ID="string_243" HPOS="396" VPOS="1405" WIDTH="25" HEIGHT="19" WC="0.92" CONTENT="de"/><SP WIDTH="24" VPOS="1405" HPOS="421"/>
							<String ID="string_244" HPOS="445" VPOS="1405" WIDTH="284" HEIGHT="26" WC="0.90" CONTENT="övergångsbestämmelser"/><SP WIDTH="23" VPOS="1405" HPOS="729"/>
							<String ID="string_245" HPOS="752" VPOS="1405" WIDTH="39" HEIGHT="20" WC="0.92" CONTENT="och"/><SP WIDTH="23" VPOS="1405" HPOS="791"/>
							<String ID="string_246" HPOS="814" VPOS="1405" WIDTH="204" HEIGHT="27" WC="0.92" CONTENT="tillämpningsföre-"/>
						</TextLine>
						<TextLine ID="line_38" HPOS="220" VPOS="1434" WIDTH="799" HEIGHT="28">
							<String ID="string_247" HPOS="220" VPOS="1434" WIDTH="95" HEIGHT="24" WC="0.96" CONTENT="skrifter,"/><SP WIDTH="13" VPOS="1434" HPOS="315"/>
							<String ID="string_248" HPOS="328" VPOS="1440" WIDTH="47" HEIGHT="14" WC="0.96" CONTENT="som"/><SP WIDTH="13" VPOS="1440" HPOS="375"/>
							<String ID="string_249" HPOS="388" VPOS="1434" WIDTH="33" HEIGHT="20" WC="0.96" CONTENT="för"/><SP WIDTH="12" VPOS="1434" HPOS="421"/>
							<String ID="string_250" HPOS="433" VPOS="1434" WIDTH="168" HEIGHT="26" WC="0.96" CONTENT="genomförande"/><SP WIDTH="13" VPOS="1434" HPOS="601"/>
							<String ID="string_251" HPOS="614" VPOS="1441" WIDTH="29" HEIGHT="13" WC="0.96" CONTENT="av"/><SP WIDTH="12" VPOS="1441" HPOS="643"/>
							<String ID="string_252" HPOS="655" VPOS="1435" WIDTH="165" HEIGHT="26" WC="0.93" CONTENT="ifrågavarande"/><SP WIDTH="13" VPOS="1435" HPOS="820"/>
							<String ID="string_253" HPOS="833" VPOS="1435" WIDTH="186" HEIGHT="27" WC="0.91" CONTENT="personalindrag-"/>
						</TextLine>
						<TextLine ID="line_39" HPOS="221" VPOS="1464" WIDTH="471" HEIGHT="26">
							<String ID="string_254" HPOS="221" VPOS="1464" WIDTH="76" HEIGHT="26" WC="0.96" CONTENT="ningar"/><SP WIDTH="12" VPOS="1464" HPOS="297"/>
							<String ID="string_255" HPOS="309" VPOS="1464" WIDTH="37" HEIGHT="20" WC="0.93" CONTENT="vid"/><SP WIDTH="13" VPOS="1464" HPOS="346"/>
							<String ID="string_256" HPOS="359" VPOS="1464" WIDTH="158" HEIGHT="20" WC="0.92" CONTENT="domänverket"/><SP WIDTH="13" VPOS="1464" HPOS="517"/>
							<String ID="string_257" HPOS="530" VPOS="1464" WIDTH="34" HEIGHT="20" WC="0.96" CONTENT="må"/><SP WIDTH="14" VPOS="1464" HPOS="564"/>
							<String ID="string_258" HPOS="578" VPOS="1464" WIDTH="114" HEIGHT="20" WC="0.95" CONTENT="erfordras."/>
						</TextLine>
					</TextBlock>
				</ComposedBlock>
				<ComposedBlock ID="cblock_14" HPOS="206" VPOS="1553" WIDTH="813" HEIGHT="56">
					<TextBlock ID="block_14" HPOS="206" VPOS="1553" WIDTH="813" HEIGHT="56">
						<TextLine ID="line_40" HPOS="206" VPOS="1553" WIDTH="813" HEIGHT="27">
							<String ID="string_259" HPOS="206" VPOS="1553" WIDTH="41" HEIGHT="20" WC="0.93" CONTENT="Till"/><SP WIDTH="11" VPOS="1553" HPOS="247"/>
							<String ID="string_260" HPOS="258" VPOS="1553" WIDTH="163" HEIGHT="26" WC="0.91" CONTENT="rörelsekapital"/><SP WIDTH="11" VPOS="1553" HPOS="421"/>
							<String ID="string_261" HPOS="432" VPOS="1554" WIDTH="33" HEIGHT="19" WC="0.93" CONTENT="för"/><SP WIDTH="11" VPOS="1554" HPOS="465"/>
							<String ID="string_262" HPOS="476" VPOS="1554" WIDTH="157" HEIGHT="20" WC="0.91" CONTENT="domänverket"/><SP WIDTH="11" VPOS="1554" HPOS="633"/>
							<String ID="string_263" HPOS="644" VPOS="1554" WIDTH="86" HEIGHT="20" WC="0.96" CONTENT="anvisas"/><SP WIDTH="11" VPOS="1554" HPOS="730"/>
							<String ID="string_264" HPOS="741" VPOS="1555" WIDTH="33" HEIGHT="19" WC="0.96" CONTENT="ett"/><SP WIDTH="10" VPOS="1555" HPOS="774"/>
							<String ID="string_265" HPOS="784" VPOS="1554" WIDTH="74" HEIGHT="26" WC="0.96" CONTENT="anslag"/><SP WIDTH="11" VPOS="1554" HPOS="858"/>
							<String ID="string_266" HPOS="869" VPOS="1560" WIDTH="28" HEIGHT="14" WC="0.96" CONTENT="av"/><SP WIDTH="12" VPOS="1560" HPOS="897"/>
							<String ID="string_267" HPOS="909" VPOS="1554" WIDTH="11" HEIGHT="20" WC="0.95" CONTENT="7"/><SP WIDTH="9" VPOS="1554" HPOS="920"/>
							<String ID="string_268" HPOS="929" VPOS="1553" WIDTH="40" HEIGHT="21" WC="0.95" CONTENT="500"/><SP WIDTH="9" VPOS="1553" HPOS="969"/>
							<String ID="string_269" HPOS="978" VPOS="1554" WIDTH="41" HEIGHT="21" WC="0.96" CONTENT="000"/>
						</TextLine>
						<TextLine ID="line_41" HPOS="221" VPOS="1583" WIDTH="81" HEIGHT="26">
							<String ID="string_270" HPOS="221" VPOS="1584" WIDTH="31" HEIGHT="18" WC="0.0" CONTENT="KE:"/><SP WIDTH="16" VPOS="1584" HPOS="252"/>
							<String ID="string_271" HPOS="268" VPOS="1583" WIDTH="34" HEIGHT="26" WC="0.0" CONTENT="(0);"/>
						</TextLine>
					</TextBlock>
				</ComposedBlock>
				<ComposedBlock ID="cblock_15" HPOS="206" VPOS="1654" WIDTH="812" HEIGHT="56">
					<TextBlock ID="block_15" HPOS="206" VPOS="1654" WIDTH="812" HEIGHT="56">
						<TextLine ID="line_42" HPOS="206" VPOS="1654" WIDTH="812" HEIGHT="27">
							<String ID="string_272" HPOS="206" VPOS="1654" WIDTH="40" HEIGHT="20" WC="0.96" CONTENT="Till"/><SP WIDTH="15" VPOS="1654" HPOS="246"/>
							<String ID="string_273" HPOS="261" VPOS="1654" WIDTH="66" HEIGHT="26" WC="0.95" CONTENT="inköp"/><SP WIDTH="15" VPOS="1654" HPOS="327"/>
							<String ID="string_274" HPOS="342" VPOS="1661" WIDTH="29" HEIGHT="13" WC="0.96" CONTENT="av"/><SP WIDTH="14" VPOS="1661" HPOS="371"/>
							<String ID="string_275" HPOS="385" VPOS="1654" WIDTH="44" HEIGHT="21" WC="0.96" CONTENT="viss"/><SP WIDTH="15" VPOS="1654" HPOS="429"/>
							<String ID="string_276" HPOS="444" VPOS="1655" WIDTH="33" HEIGHT="20" WC="0.96" CONTENT="del"/><SP WIDTH="15" VPOS="1655" HPOS="477"/>
							<String ID="string_277" HPOS="492" VPOS="1661" WIDTH="28" HEIGHT="13" WC="0.96" CONTENT="av"/><SP WIDTH="14" VPOS="1661" HPOS="520"/>
							<String ID="string_278" HPOS="534" VPOS="1655" WIDTH="132" HEIGHT="26" WC="0.93" CONTENT="egendomen"/><SP WIDTH="15" VPOS="1655" HPOS="666"/>
							<String ID="string_279" HPOS="681" VPOS="1655" WIDTH="115" HEIGHT="26" WC="0.92" CONTENT="Nyckelby"/><SP WIDTH="14" VPOS="1655" HPOS="796"/>
							<String ID="string_280" HPOS="810" VPOS="1655" WIDTH="6" HEIGHT="19" WC="0.96" CONTENT="i"/><SP WIDTH="16" VPOS="1655" HPOS="816"/>
							<String ID="string_281" HPOS="832" VPOS="1655" WIDTH="136" HEIGHT="20" WC="0.95" CONTENT="Stockholms"/><SP WIDTH="16" VPOS="1655" HPOS="968"/>
							<String ID="string_282" HPOS="984" VPOS="1656" WIDTH="34" HEIGHT="20" WC="0.95" CONTENT="län"/>
						</TextLine>
						<TextLine ID="line_43" HPOS="220" VPOS="1684" WIDTH="441" HEIGHT="26">
							<String ID="string_283" HPOS="220" VPOS="1684" WIDTH="87" HEIGHT="20" WC="0.95" CONTENT="anvisas"/><SP WIDTH="13" VPOS="1684" HPOS="307"/>
							<String ID="string_284" HPOS="320" VPOS="1686" WIDTH="33" HEIGHT="18" WC="0.95" CONTENT="ett"/><SP WIDTH="12" VPOS="1686" HPOS="353"/>
							<String ID="string_285" HPOS="365" VPOS="1684" WIDTH="75" HEIGHT="26" WC="0.95" CONTENT="anslag"/><SP WIDTH="12" VPOS="1684" HPOS="440"/>
							<String ID="string_286" HPOS="452" VPOS="1690" WIDTH="28" HEIGHT="14" WC="0.96" CONTENT="av"/><SP WIDTH="13" VPOS="1690" HPOS="480"/>
							<String ID="string_287" HPOS="493" VPOS="1684" WIDTH="26" HEIGHT="20" WC="0.95" CONTENT="62"/><SP WIDTH="9" VPOS="1684" HPOS="519"/>
							<String ID="string_288" HPOS="528" VPOS="1684" WIDTH="41" HEIGHT="20" WC="0.95" CONTENT="000"/><SP WIDTH="12" VPOS="1684" HPOS="569"/>
							<String ID="string_289" HPOS="581" VPOS="1685" WIDTH="32" HEIGHT="19" WC="0.93" CONTENT="kr."/><SP WIDTH="14" VPOS="1685" HPOS="613"/>
							<String ID="string_290" HPOS="627" VPOS="1684" WIDTH="34" HEIGHT="26" WC="0.93" CONTENT="(r)."/>
						</TextLine>
					</TextBlock>
				</ComposedBlock>
				<ComposedBlock ID="cblock_16" HPOS="208" VPOS="1755" WIDTH="811" HEIGHT="80">
					<TextBlock ID="block_16" HPOS="208" VPOS="1755" WIDTH="811" HEIGHT="80">
						<TextLine ID="line_44" HPOS="208" VPOS="1755" WIDTH="811" HEIGHT="26">
							<String ID="string_291" HPOS="208" VPOS="1755" WIDTH="41" HEIGHT="20" WC="0.91" CONTENT="RD"/><SP WIDTH="19" VPOS="1755" HPOS="249"/>
							<String ID="string_292" HPOS="268" VPOS="1755" WIDTH="101" HEIGHT="23" WC="0.96" CONTENT="besluter,"/><SP WIDTH="17" VPOS="1755" HPOS="369"/>
							<String ID="string_293" HPOS="386" VPOS="1757" WIDTH="35" HEIGHT="18" WC="0.93" CONTENT="att"/><SP WIDTH="16" VPOS="1757" HPOS="421"/>
							<String ID="string_294" HPOS="437" VPOS="1756" WIDTH="152" HEIGHT="25" WC="0.92" CONTENT="kyrkofonden"/><SP WIDTH="17" VPOS="1756" HPOS="589"/>
							<String ID="string_295" HPOS="606" VPOS="1755" WIDTH="54" HEIGHT="21" WC="0.95" CONTENT="skall"/><SP WIDTH="17" VPOS="1755" HPOS="660"/>
							<String ID="string_296" HPOS="677" VPOS="1756" WIDTH="33" HEIGHT="20" WC="0.96" CONTENT="för"/><SP WIDTH="17" VPOS="1756" HPOS="710"/>
							<String ID="string_297" HPOS="727" VPOS="1756" WIDTH="23" HEIGHT="20" WC="0.96" CONTENT="år"/><SP WIDTH="19" VPOS="1756" HPOS="750"/>
							<String ID="string_298" HPOS="769" VPOS="1756" WIDTH="51" HEIGHT="20" WC="0.96" CONTENT="1938"/><SP WIDTH="17" VPOS="1756" HPOS="820"/>
							<String ID="string_299" HPOS="837" VPOS="1758" WIDTH="81" HEIGHT="19" WC="0.96" CONTENT="ersätta"/><SP WIDTH="18" VPOS="1758" HPOS="918"/>
							<String ID="string_300" HPOS="936" VPOS="1758" WIDTH="83" HEIGHT="19" WC="0.95" CONTENT="statens"/>
						</TextLine>
						<TextLine ID="line_45" HPOS="221" VPOS="1785" WIDTH="798" HEIGHT="27">
							<String ID="string_301" HPOS="221" VPOS="1785" WIDTH="115" HEIGHT="20" WC="0.91" CONTENT="domäners"/><SP WIDTH="11" VPOS="1785" HPOS="336"/>
							<String ID="string_302" HPOS="347" VPOS="1785" WIDTH="53" HEIGHT="20" WC="0.96" CONTENT="fond"/><SP WIDTH="11" VPOS="1785" HPOS="400"/>
							<String ID="string_303" HPOS="411" VPOS="1785" WIDTH="119" HEIGHT="21" WC="0.96" CONTENT="kostnader"/><SP WIDTH="11" VPOS="1785" HPOS="530"/>
							<String ID="string_304" HPOS="541" VPOS="1786" WIDTH="34" HEIGHT="20" WC="0.93" CONTENT="för"/><SP WIDTH="11" VPOS="1786" HPOS="575"/>
							<String ID="string_305" HPOS="586" VPOS="1786" WIDTH="105" HEIGHT="26" WC="0.92" CONTENT="övertalig"/><SP WIDTH="11" VPOS="1786" HPOS="691"/>
							<String ID="string_306" HPOS="702" VPOS="1786" WIDTH="100" HEIGHT="26" WC="0.96" CONTENT="personal"/><SP WIDTH="10" VPOS="1786" HPOS="802"/>
							<String ID="string_307" HPOS="812" VPOS="1786" WIDTH="37" HEIGHT="20" WC="0.93" CONTENT="vid"/><SP WIDTH="13" VPOS="1786" HPOS="849"/>
							<String ID="string_308" HPOS="862" VPOS="1786" WIDTH="157" HEIGHT="21" WC="0.92" CONTENT="domänverket"/>
						</TextLine>
						<TextLine ID="line_46" HPOS="221" VPOS="1815" WIDTH="297" HEIGHT="20">
							<String ID="string_309" HPOS="221" VPOS="1815" WIDTH="48" HEIGHT="20" WC="0.96" CONTENT="med"/><SP WIDTH="15" VPOS="1815" HPOS="269"/>
							<String ID="string_310" HPOS="284" VPOS="1815" WIDTH="40" HEIGHT="20" WC="0.94" CONTENT="415"/><SP WIDTH="9" VPOS="1815" HPOS="324"/>
							<String ID="string_311" HPOS="333" VPOS="1815" WIDTH="41" HEIGHT="20" WC="0.94" CONTENT="042"/><SP WIDTH="14" VPOS="1815" HPOS="374"/>
							<String ID="string_312" HPOS="388" VPOS="1815" WIDTH="32" HEIGHT="20" WC="0.96" CONTENT="kr."/><SP WIDTH="15" VPOS="1815" HPOS="420"/>
							<String ID="string_313" HPOS="435" VPOS="1815" WIDTH="27" HEIGHT="20" WC="0.96" CONTENT="98"/><SP WIDTH="14" VPOS="1815" HPOS="462"/>
							<String ID="string_314" HPOS="476" VPOS="1817" WIDTH="42" HEIGHT="18" WC="0.95" CONTENT="öre."/>
						</TextLine>
					</TextBlock>
				</ComposedBlock>
				<ComposedBlock ID="cblock_17" HPOS="207" VPOS="1875" WIDTH="812" HEIGHT="206">
					<TextBlock ID="block_17" HPOS="207" VPOS="1875" WIDTH="812" HEIGHT="206">
						<TextLine ID="line_47" HPOS="207" VPOS="1875" WIDTH="811" HEIGHT="27">
							<String ID="string_315" HPOS="207" VPOS="1875" WIDTH="42" HEIGHT="19" WC="0.91" CONTENT="RD"/><SP WIDTH="12" VPOS="1875" HPOS="249"/>
							<String ID="string_316" HPOS="261" VPOS="1875" WIDTH="101" HEIGHT="22" WC="0.94" CONTENT="besluter,"/><SP WIDTH="13" VPOS="1875" HPOS="362"/>
							<String ID="string_317" HPOS="375" VPOS="1876" WIDTH="35" HEIGHT="19" WC="0.95" CONTENT="att"/><SP WIDTH="9" VPOS="1876" HPOS="410"/>
							<String ID="string_318" HPOS="419" VPOS="1875" WIDTH="26" HEIGHT="20" WC="0.93" CONTENT="fr."/><SP WIDTH="11" VPOS="1875" HPOS="445"/>
							<String ID="string_319" HPOS="456" VPOS="1881" WIDTH="18" HEIGHT="14" WC="0.88" CONTENT="o."/><SP WIDTH="11" VPOS="1881" HPOS="474"/>
							<String ID="string_320" HPOS="485" VPOS="1881" WIDTH="28" HEIGHT="13" WC="0.80" CONTENT="m."/><SP WIDTH="12" VPOS="1881" HPOS="513"/>
							<String ID="string_321" HPOS="525" VPOS="1875" WIDTH="186" HEIGHT="20" WC="0.96" CONTENT="ikraftträdandet"/><SP WIDTH="11" VPOS="1875" HPOS="711"/>
							<String ID="string_322" HPOS="722" VPOS="1875" WIDTH="41" HEIGHT="21" WC="0.96" CONTENT="den"/><SP WIDTH="14" VPOS="1875" HPOS="763"/>
							<String ID="string_323" HPOS="777" VPOS="1876" WIDTH="7" HEIGHT="19" WC="0.96" CONTENT="1"/><SP WIDTH="13" VPOS="1876" HPOS="784"/>
							<String ID="string_324" HPOS="797" VPOS="1875" WIDTH="44" HEIGHT="27" WC="0.95" CONTENT="jan."/><SP WIDTH="15" VPOS="1875" HPOS="841"/>
							<String ID="string_325" HPOS="856" VPOS="1875" WIDTH="52" HEIGHT="20" WC="0.96" CONTENT="1940"/><SP WIDTH="10" VPOS="1875" HPOS="908"/>
							<String ID="string_326" HPOS="918" VPOS="1881" WIDTH="28" HEIGHT="15" WC="0.96" CONTENT="av"/><SP WIDTH="11" VPOS="1881" HPOS="946"/>
							<String ID="string_327" HPOS="957" VPOS="1876" WIDTH="61" HEIGHT="26" WC="0.96" CONTENT="lagen"/>
						</TextLine>
						<TextLine ID="line_48" HPOS="221" VPOS="1904" WIDTH="797" HEIGHT="28">
							<String ID="string_328" HPOS="221" VPOS="1904" WIDTH="41" HEIGHT="20" WC="0.96" CONTENT="den"/><SP WIDTH="15" VPOS="1904" HPOS="262"/>
							<String ID="string_329" HPOS="277" VPOS="1904" WIDTH="25" HEIGHT="20" WC="0.96" CONTENT="17"/><SP WIDTH="12" VPOS="1904" HPOS="302"/>
							<String ID="string_330" HPOS="314" VPOS="1904" WIDTH="48" HEIGHT="26" WC="0.96" CONTENT="juni"/><SP WIDTH="15" VPOS="1904" HPOS="362"/>
							<String ID="string_331" HPOS="377" VPOS="1904" WIDTH="52" HEIGHT="20" WC="0.96" CONTENT="1938"/><SP WIDTH="14" VPOS="1904" HPOS="429"/>
							<String ID="string_332" HPOS="443" VPOS="1904" WIDTH="35" HEIGHT="26" WC="0.96" CONTENT="(nr"/><SP WIDTH="12" VPOS="1904" HPOS="478"/>
							<String ID="string_333" HPOS="490" VPOS="1904" WIDTH="49" HEIGHT="26" WC="0.96" CONTENT="297)"/><SP WIDTH="14" VPOS="1904" HPOS="539"/>
							<String ID="string_334" HPOS="553" VPOS="1911" WIDTH="36" HEIGHT="14" WC="0.92" CONTENT="om"/><SP WIDTH="12" VPOS="1911" HPOS="589"/>
							<String ID="string_335" HPOS="601" VPOS="1905" WIDTH="224" HEIGHT="27" WC="0.92" CONTENT="allmänningsskogar"/><SP WIDTH="12" VPOS="1905" HPOS="825"/>
							<String ID="string_336" HPOS="837" VPOS="1905" WIDTH="7" HEIGHT="20" WC="0.96" CONTENT="i"/><SP WIDTH="13" VPOS="1905" HPOS="844"/>
							<String ID="string_337" HPOS="857" VPOS="1905" WIDTH="108" HEIGHT="21" WC="0.96" CONTENT="Norrland"/><SP WIDTH="14" VPOS="1905" HPOS="965"/>
							<String ID="string_338" HPOS="979" VPOS="1906" WIDTH="39" HEIGHT="20" WC="0.96" CONTENT="och"/>
						</TextLine>
						<TextLine ID="line_49" HPOS="222" VPOS="1934" WIDTH="796" HEIGHT="28">
							<String ID="string_339" HPOS="222" VPOS="1934" WIDTH="95" HEIGHT="20" WC="0.96" CONTENT="Dalarna"/><SP WIDTH="23" VPOS="1934" HPOS="317"/>
							<String ID="string_340" HPOS="340" VPOS="1934" WIDTH="33" HEIGHT="20" WC="0.93" CONTENT="till"/><SP WIDTH="23" VPOS="1934" HPOS="373"/>
							<String ID="string_341" HPOS="396" VPOS="1935" WIDTH="166" HEIGHT="26" WC="0.90" CONTENT="övergångsstat"/><SP WIDTH="21" VPOS="1935" HPOS="562"/>
							<String ID="string_342" HPOS="583" VPOS="1935" WIDTH="50" HEIGHT="20" WC="0.93" CONTENT="med"/><SP WIDTH="21" VPOS="1935" HPOS="633"/>
							<String ID="string_343" HPOS="654" VPOS="1935" WIDTH="283" HEIGHT="27" WC="0.85" CONTENT="tjänstgöringsskyldighet"/><SP WIDTH="21" VPOS="1935" HPOS="937"/>
							<String ID="string_344" HPOS="958" VPOS="1936" WIDTH="60" HEIGHT="20" WC="0.96" CONTENT="skola"/>
						</TextLine>
						<TextLine ID="line_50" HPOS="221" VPOS="1964" WIDTH="798" HEIGHT="27">
							<String ID="string_345" HPOS="221" VPOS="1964" WIDTH="129" HEIGHT="26" WC="0.96" CONTENT="överflyttas"/><SP WIDTH="15" VPOS="1964" HPOS="350"/>
							<String ID="string_346" HPOS="365" VPOS="1970" WIDTH="26" HEIGHT="14" WC="0.96" CONTENT="en"/><SP WIDTH="16" VPOS="1970" HPOS="391"/>
							<String ID="string_347" HPOS="407" VPOS="1964" WIDTH="45" HEIGHT="20" WC="0.96" CONTENT="ord."/><SP WIDTH="15" VPOS="1964" HPOS="452"/>
							<String ID="string_348" HPOS="467" VPOS="1964" WIDTH="103" HEIGHT="20" WC="0.96" CONTENT="assistent"/><SP WIDTH="15" VPOS="1964" HPOS="570"/>
							<String ID="string_349" HPOS="585" VPOS="1964" WIDTH="39" HEIGHT="20" WC="0.96" CONTENT="och"/><SP WIDTH="14" VPOS="1964" HPOS="624"/>
							<String ID="string_350" HPOS="638" VPOS="1965" WIDTH="39" HEIGHT="20" WC="0.96" CONTENT="två"/><SP WIDTH="15" VPOS="1965" HPOS="677"/>
							<String ID="string_351" HPOS="692" VPOS="1965" WIDTH="45" HEIGHT="20" WC="0.93" CONTENT="ord."/><SP WIDTH="16" VPOS="1965" HPOS="737"/>
							<String ID="string_352" HPOS="753" VPOS="1965" WIDTH="142" HEIGHT="26" WC="0.92" CONTENT="kronojägare"/><SP WIDTH="14" VPOS="1965" HPOS="895"/>
							<String ID="string_353" HPOS="909" VPOS="1965" WIDTH="50" HEIGHT="20" WC="0.96" CONTENT="med"/><SP WIDTH="14" VPOS="1965" HPOS="959"/>
							<String ID="string_354" HPOS="973" VPOS="1967" WIDTH="46" HEIGHT="19" WC="0.96" CONTENT="rätt"/>
						</TextLine>
						<TextLine ID="line_51" HPOS="220" VPOS="1993" WIDTH="798" HEIGHT="28">
							<String ID="string_355" HPOS="220" VPOS="1993" WIDTH="34" HEIGHT="21" WC="0.93" CONTENT="för"/><SP WIDTH="10" VPOS="1993" HPOS="254"/>
							<String ID="string_356" HPOS="264" VPOS="1993" WIDTH="64" HEIGHT="21" WC="0.92" CONTENT="KM:t"/><SP WIDTH="9" VPOS="1993" HPOS="328"/>
							<String ID="string_357" HPOS="337" VPOS="1995" WIDTH="35" HEIGHT="18" WC="0.96" CONTENT="att"/><SP WIDTH="9" VPOS="1995" HPOS="372"/>
							<String ID="string_358" HPOS="381" VPOS="1994" WIDTH="99" HEIGHT="20" WC="0.96" CONTENT="meddela"/><SP WIDTH="10" VPOS="1994" HPOS="480"/>
							<String ID="string_359" HPOS="490" VPOS="1994" WIDTH="71" HEIGHT="20" WC="0.96" CONTENT="beslut"/><SP WIDTH="10" VPOS="1994" HPOS="561"/>
							<String ID="string_360" HPOS="571" VPOS="1994" WIDTH="6" HEIGHT="20" WC="0.96" CONTENT="i"/><SP WIDTH="10" VPOS="1994" HPOS="577"/>
							<String ID="string_361" HPOS="587" VPOS="1994" WIDTH="106" HEIGHT="20" WC="0.93" CONTENT="avseende"/><SP WIDTH="10" VPOS="1994" HPOS="693"/>
							<String ID="string_362" HPOS="703" VPOS="1995" WIDTH="12" HEIGHT="20" WC="0.93" CONTENT="å"/><SP WIDTH="10" VPOS="1995" HPOS="715"/>
							<String ID="string_363" HPOS="725" VPOS="1995" WIDTH="59" HEIGHT="20" WC="0.93" CONTENT="vilka"/><SP WIDTH="12" VPOS="1995" HPOS="784"/>
							<String ID="string_364" HPOS="796" VPOS="1995" WIDTH="222" HEIGHT="26" WC="0.92" CONTENT="befattningshavare,"/>
						</TextLine>
						<TextLine ID="line_52" HPOS="221" VPOS="2023" WIDTH="797" HEIGHT="28">
							<String ID="string_365" HPOS="221" VPOS="2029" WIDTH="46" HEIGHT="14" WC="0.95" CONTENT="som"/><SP WIDTH="15" VPOS="2029" HPOS="267"/>
							<String ID="string_366" HPOS="282" VPOS="2023" WIDTH="90" HEIGHT="20" WC="0.96" CONTENT="sålunda"/><SP WIDTH="16" VPOS="2023" HPOS="372"/>
							<String ID="string_367" HPOS="388" VPOS="2024" WIDTH="60" HEIGHT="19" WC="0.96" CONTENT="skola"/><SP WIDTH="16" VPOS="2024" HPOS="448"/>
							<String ID="string_368" HPOS="464" VPOS="2024" WIDTH="137" HEIGHT="26" WC="0.96" CONTENT="överflyttas,"/><SP WIDTH="15" VPOS="2024" HPOS="601"/>
							<String ID="string_369" HPOS="616" VPOS="2026" WIDTH="35" HEIGHT="18" WC="0.96" CONTENT="att"/><SP WIDTH="14" VPOS="2026" HPOS="651"/>
							<String ID="string_370" HPOS="665" VPOS="2024" WIDTH="6" HEIGHT="20" WC="0.96" CONTENT="i"/><SP WIDTH="14" VPOS="2024" HPOS="671"/>
							<String ID="string_371" HPOS="685" VPOS="2024" WIDTH="60" HEIGHT="27" WC="0.96" CONTENT="fråga"/><SP WIDTH="16" VPOS="2024" HPOS="745"/>
							<String ID="string_372" HPOS="761" VPOS="2031" WIDTH="35" HEIGHT="14" WC="0.96" CONTENT="om"/><SP WIDTH="14" VPOS="2031" HPOS="796"/>
							<String ID="string_373" HPOS="810" VPOS="2025" WIDTH="121" HEIGHT="26" WC="0.96" CONTENT="ersättning"/><SP WIDTH="14" VPOS="2025" HPOS="931"/>
							<String ID="string_374" HPOS="945" VPOS="2025" WIDTH="32" HEIGHT="20" WC="0.96" CONTENT="till"/><SP WIDTH="15" VPOS="2025" HPOS="977"/>
							<String ID="string_375" HPOS="992" VPOS="2025" WIDTH="26" HEIGHT="20" WC="0.96" CONTENT="de"/>
						</TextLine>
						<TextLine ID="line_53" HPOS="222" VPOS="2053" WIDTH="795" HEIGHT="28">
							<String ID="string_376" HPOS="222" VPOS="2053" WIDTH="102" HEIGHT="20" WC="0.90" CONTENT="icke-ord."/><SP WIDTH="16" VPOS="2053" HPOS="324"/>
							<String ID="string_377" HPOS="340" VPOS="2053" WIDTH="224" HEIGHT="26" WC="0.92" CONTENT="befattningshavare,"/><SP WIDTH="14" VPOS="2053" HPOS="564"/>
							<String ID="string_378" HPOS="578" VPOS="2060" WIDTH="46" HEIGHT="14" WC="0.93" CONTENT="som"/><SP WIDTH="15" VPOS="2060" HPOS="624"/>
							<String ID="string_379" HPOS="639" VPOS="2054" WIDTH="118" HEIGHT="27" WC="0.92" CONTENT="entledigas"/><SP WIDTH="14" VPOS="2054" HPOS="757"/>
							<String ID="string_380" HPOS="771" VPOS="2054" WIDTH="33" HEIGHT="21" WC="0.96" CONTENT="till"/><SP WIDTH="14" VPOS="2054" HPOS="804"/>
							<String ID="string_381" HPOS="818" VPOS="2054" WIDTH="53" HEIGHT="27" WC="0.96" CONTENT="följd"/><SP WIDTH="15" VPOS="2054" HPOS="871"/>
							<String ID="string_382" HPOS="886" VPOS="2060" WIDTH="27" HEIGHT="14" WC="0.96" CONTENT="av"/><SP WIDTH="15" VPOS="2060" HPOS="913"/>
							<String ID="string_383" HPOS="928" VPOS="2055" WIDTH="89" HEIGHT="20" WC="0.96" CONTENT="berörda"/>
						</TextLine>
					</TextBlock>
				</ComposedBlock>
				<ComposedBlock ID="cblock_18" HPOS="1554" VPOS="1" WIDTH="300" HEIGHT="243">
					<TextBlock ID="block_18" HPOS="1554" VPOS="1" WIDTH="300" HEIGHT="243">
						<TextLine ID="line_54" HPOS="1554" VPOS="1" WIDTH="300" HEIGHT="243">
							<String ID="string_384" HPOS="1554" VPOS="1" WIDTH="300" HEIGHT="243" WC="0.95" CONTENT=" "/>
						</TextLine>
					</TextBlock>
				</ComposedBlock>
				<ComposedBlock ID="cblock_19" HPOS="1159" VPOS="354" WIDTH="600" HEIGHT="2">
					<TextBlock ID="block_19" HPOS="1159" VPOS="354" WIDTH="600" HEIGHT="2">
						<TextLine ID="line_55" HPOS="1159" VPOS="354" WIDTH="600" HEIGHT="2">
							<String ID="string_385" HPOS="1159" VPOS="354" WIDTH="600" HEIGHT="2" WC="0.95" CONTENT=" "/>
						</TextLine>
					</TextBlock>
				</ComposedBlock>
				<ComposedBlock ID="cblock_20" HPOS="1308" VPOS="360" WIDTH="2" HEIGHT="71">
					<TextBlock ID="block_20" HPOS="1308" VPOS="360" WIDTH="2" HEIGHT="71">
						<TextLine ID="line_56" HPOS="1308" VPOS="360" WIDTH="2" HEIGHT="71">
							<String ID="string_386" HPOS="1308" VPOS="360" WIDTH="2" HEIGHT="71" WC="0.95" CONTENT=" "/>
						</TextLine>
					</TextBlock>
				</ComposedBlock>
				<ComposedBlock ID="cblock_21" HPOS="1349" VPOS="360" WIDTH="3" HEIGHT="72">
					<TextBlock ID="block_21" HPOS="1349" VPOS="360" WIDTH="3" HEIGHT="72">
						<TextLine ID="line_57" HPOS="1349" VPOS="360" WIDTH="3" HEIGHT="72">
							<String ID="string_387" HPOS="1349" VPOS="360" WIDTH="3" HEIGHT="72" WC="0.95" CONTENT=" "/>
						</TextLine>
					</TextBlock>
				</ComposedBlock>
				<ComposedBlock ID="cblock_22" HPOS="1664" VPOS="360" WIDTH="3" HEIGHT="72">
					<TextBlock ID="block_22" HPOS="1664" VPOS="360" WIDTH="3" HEIGHT="72">
						<TextLine ID="line_58" HPOS="1664" VPOS="360" WIDTH="3" HEIGHT="72">
							<String ID="string_388" HPOS="1664" VPOS="360" WIDTH="3" HEIGHT="72" WC="0.95" CONTENT=" "/>
						</TextLine>
					</TextBlock>
				</ComposedBlock>
				<ComposedBlock ID="cblock_23" HPOS="1034" VPOS="432" WIDTH="735" HEIGHT="4">
					<TextBlock ID="block_23" HPOS="1034" VPOS="432" WIDTH="735" HEIGHT="4">
						<TextLine ID="line_59" HPOS="1034" VPOS="432" WIDTH="735" HEIGHT="4">
							<String ID="string_389" HPOS="1034" VPOS="432" WIDTH="735" HEIGHT="4" WC="0.95" CONTENT=" "/>
						</TextLine>
					</TextBlock>
				</ComposedBlock>
				<ComposedBlock ID="cblock_24" HPOS="1027" VPOS="213" WIDTH="5" HEIGHT="1866">
					<TextBlock ID="block_24" HPOS="1027" VPOS="213" WIDTH="5" HEIGHT="1866">
						<TextLine ID="line_60" HPOS="1027" VPOS="213" WIDTH="5" HEIGHT="1866">
							<String ID="string_390" HPOS="1027" VPOS="213" WIDTH="5" HEIGHT="1866" WC="0.95" CONTENT=" "/>
						</TextLine>
					</TextBlock>
				</ComposedBlock>
				<ComposedBlock ID="cblock_25" HPOS="1212" VPOS="360" WIDTH="4" HEIGHT="1640">
					<TextBlock ID="block_25" HPOS="1212" VPOS="360" WIDTH="4" HEIGHT="1640">
						<TextLine ID="line_61" HPOS="1212" VPOS="360" WIDTH="4" HEIGHT="1640">
							<String ID="string_391" HPOS="1212" VPOS="360" WIDTH="4" HEIGHT="1640" WC="0.95" CONTENT=" "/>
						</TextLine>
					</TextBlock>
				</ComposedBlock>
				<ComposedBlock ID="cblock_26" HPOS="1665" VPOS="928" WIDTH="3" HEIGHT="1101">
					<TextBlock ID="block_26" HPOS="1665" VPOS="928" WIDTH="3" HEIGHT="1101">
						<TextLine ID="line_62" HPOS="1665" VPOS="928" WIDTH="3" HEIGHT="1101">
							<String ID="string_392" HPOS="1665" VPOS="928" WIDTH="3" HEIGHT="1101" WC="0.95" CONTENT=" "/>
						</TextLine>
					</TextBlock>
				</ComposedBlock>
				<ComposedBlock ID="cblock_27" HPOS="1036" VPOS="226" WIDTH="727" HEIGHT="1822">
					<TextBlock ID="block_27" HPOS="1036" VPOS="226" WIDTH="727" HEIGHT="1822">
						<TextLine ID="line_63" HPOS="1315" VPOS="226" WIDTH="224" HEIGHT="30">
							<String ID="string_393" HPOS="1315" VPOS="226" WIDTH="97" HEIGHT="30" WC="0.40" CONTENT="Ulskotts-"/><SP WIDTH="73" VPOS="226" HPOS="1412"/>
							<String ID="string_394" HPOS="1485" VPOS="230" WIDTH="54" HEIGHT="16" WC="0.90" CONTENT="Riks-"/>
						</TextLine>
						<TextLine ID="line_64" HPOS="1101" VPOS="244" WIDTH="622" HEIGHT="43">
							<String ID="string_395" HPOS="1101" VPOS="256" WIDTH="55" HEIGHT="18" WC="0.12" CONTENT="Kunghl"/><SP WIDTH="54" VPOS="256" HPOS="1156"/>
							<String ID="string_396" HPOS="1210" VPOS="279" WIDTH="4" HEIGHT="3" WC="0.20" CONTENT="oc"/><SP WIDTH="91" VPOS="279" HPOS="1214"/>
							<String ID="string_397" HPOS="1305" VPOS="252" WIDTH="117" HEIGHT="35" WC="0.95" CONTENT="utlåtanden,"/><SP WIDTH="55" VPOS="252" HPOS="1422"/>
							<String ID="string_398" HPOS="1477" VPOS="260" WIDTH="69" HEIGHT="20" WC="0.95" CONTENT="dagens"/><SP WIDTH="60" VPOS="260" HPOS="1546"/>
							<String ID="string_399" HPOS="1606" VPOS="244" WIDTH="33" HEIGHT="42" WC="0.0" CONTENT="FER"/><SP WIDTH="-1" VPOS="244" HPOS="1639"/>
							<String ID="string_400" HPOS="1638" VPOS="244" WIDTH="85" HEIGHT="42" WC="0.0" CONTENT="MÄTARE"/>
						</TextLine>
						<TextLine ID="line_65" HPOS="1104" VPOS="277" WIDTH="632" HEIGHT="30">
							<String ID="string_401" HPOS="1104" VPOS="286" WIDTH="53" HEIGHT="18" WC="0.3" CONTENT="Maj:ts]"/><SP WIDTH="12" VPOS="286" HPOS="1157"/>
							<String ID="string_402" HPOS="1169" VPOS="278" WIDTH="91" HEIGHT="16" WC="0.95" CONTENT="Motioner"/><SP WIDTH="27" VPOS="278" HPOS="1260"/>
							<String ID="string_403" HPOS="1287" VPOS="290" WIDTH="152" HEIGHT="17" WC="0.20" CONTENT="iöenlorlalseller"/><SP WIDTH="49" VPOS="290" HPOS="1439"/>
							<String ID="string_404" HPOS="1488" VPOS="290" WIDTH="46" HEIGHT="16" WC="0.12" CONTENT="ARS"/><SP WIDTH="62" VPOS="290" HPOS="1534"/>
							<String ID="string_405" HPOS="1596" VPOS="277" WIDTH="140" HEIGHT="21" WC="0.95" CONTENT="förhandlingar"/>
						</TextLine>
						<TextLine ID="line_66" HPOS="1048" VPOS="307" WIDTH="661" HEIGHT="39">
							<String ID="string_406" HPOS="1048" VPOS="310" WIDTH="27" HEIGHT="20" WC="0.74" CONTENT="År"/><SP WIDTH="28" VPOS="310" HPOS="1075"/>
							<String ID="string_407" HPOS="1103" VPOS="319" WIDTH="50" HEIGHT="15" WC="0.53" CONTENT="Iprop:r"/><SP WIDTH="145" VPOS="319" HPOS="1153"/>
							<String ID="string_408" HPOS="1298" VPOS="320" WIDTH="131" HEIGHT="16" WC="0.96" CONTENT="betänkanden"/><SP WIDTH="40" VPOS="320" HPOS="1429"/>
							<String ID="string_409" HPOS="1469" VPOS="315" WIDTH="71" HEIGHT="31" WC="0.91" CONTENT="velser"/><SP WIDTH="82" VPOS="315" HPOS="1540"/>
							<String ID="string_410" HPOS="1622" VPOS="307" WIDTH="87" HEIGHT="21" WC="0.7" CONTENT="progg)"/>
						</TextLine>
						<TextLine ID="line_67" HPOS="1110" VPOS="338" WIDTH="185" HEIGHT="33">
							<String ID="string_411" HPOS="1110" VPOS="338" WIDTH="36" HEIGHT="32" WC="0.96" CONTENT="eller"/><SP WIDTH="89" VPOS="338" HPOS="1146"/>
							<String ID="string_412" HPOS="1235" VPOS="356" WIDTH="30" HEIGHT="2" WC="0.0" CONTENT="—"/>
						</TextLine>
						<TextLine ID="line_68" HPOS="1102" VPOS="370" WIDTH="649" HEIGHT="54">
							<String ID="string_413" HPOS="1102" VPOS="376" WIDTH="55" HEIGHT="14" WC="0.0" CONTENT="skrivit]"/><SP WIDTH="14" VPOS="376" HPOS="1157"/>
							<String ID="string_414" HPOS="1171" VPOS="386" WIDTH="33" HEIGHT="16" WC="0.53" CONTENT="pk"/><SP WIDTH="18" VPOS="386" HPOS="1204"/>
							<String ID="string_415" HPOS="1222" VPOS="386" WIDTH="36" HEIGHT="16" WC="0.51" CONTENT="JAK"/><SP WIDTH="21" VPOS="386" HPOS="1258"/>
							<String ID="string_416" HPOS="1279" VPOS="373" WIDTH="16" HEIGHT="51" WC="0.28" CONTENT="i"/><SP WIDTH="26" VPOS="373" HPOS="1295"/>
							<String ID="string_417" HPOS="1321" VPOS="373" WIDTH="15" HEIGHT="50" WC="0.0" CONTENT="Z"/><SP WIDTH="25" VPOS="373" HPOS="1336"/>
							<String ID="string_418" HPOS="1361" VPOS="386" WIDTH="90" HEIGHT="16" WC="0.89" CONTENT="Nummer|"/><SP WIDTH="16" VPOS="386" HPOS="1451"/>
							<String ID="string_419" HPOS="1467" VPOS="385" WIDTH="90" HEIGHT="17" WC="0.96" CONTENT="Nummer"/><SP WIDTH="22" VPOS="385" HPOS="1557"/>
							<String ID="string_420" HPOS="1579" VPOS="370" WIDTH="65" HEIGHT="48" WC="0.3" CONTENT="spisen"/><SP WIDTH="36" VPOS="370" HPOS="1644"/>
							<String ID="string_421" HPOS="1680" VPOS="373" WIDTH="71" HEIGHT="40" WC="0.36" CONTENT="rd"/>
						</TextLine>
						<TextLine ID="line_69" HPOS="1309" VPOS="439" WIDTH="43" HEIGHT="41">
							<String ID="string_422" HPOS="1309" VPOS="440" WIDTH="2" HEIGHT="40" WC="0.5" CONTENT="ET"/>
						</TextLine>
						<TextLine ID="line_70" HPOS="1036" VPOS="475" WIDTH="316" HEIGHT="24">
							<String ID="string_423" HPOS="1036" VPOS="475" WIDTH="55" HEIGHT="20" WC="0.96" CONTENT="1937"/><SP WIDTH="259" VPOS="475" HPOS="1091"/>
							<String ID="string_424" HPOS="1350" VPOS="491" WIDTH="2" HEIGHT="8" WC="0.6" CONTENT="val"/>
						</TextLine>
						<TextLine ID="line_71" HPOS="1309" VPOS="504" WIDTH="357" HEIGHT="34">
							<String ID="string_425" HPOS="1309" VPOS="504" WIDTH="2" HEIGHT="29" WC="0.85" CONTENT="|"/><SP WIDTH="354" VPOS="504" HPOS="1311"/>
							<String ID="string_426" HPOS="1665" VPOS="535" WIDTH="1" HEIGHT="3" WC="0.84" CONTENT="|"/>
						</TextLine>
						<TextLine ID="line_72" HPOS="1309" VPOS="545" WIDTH="358" HEIGHT="28">
							<String ID="string_427" HPOS="1309" VPOS="549" WIDTH="2" HEIGHT="9" WC="0.84" CONTENT="|"/><SP WIDTH="354" VPOS="549" HPOS="1311"/>
							<String ID="string_428" HPOS="1665" VPOS="545" WIDTH="2" HEIGHT="28" WC="0.81" CONTENT="|"/>
						</TextLine>
						<TextLine ID="line_73" HPOS="1665" VPOS="580" WIDTH="1" HEIGHT="12">
							<String ID="string_429" HPOS="1665" VPOS="580" WIDTH="1" HEIGHT="12" WC="0.75" CONTENT="I"/>
						</TextLine>
						<TextLine ID="line_74" HPOS="1665" VPOS="603" WIDTH="1" HEIGHT="28">
							<String ID="string_430" HPOS="1665" VPOS="603" WIDTH="1" HEIGHT="28" WC="0.79" CONTENT="|"/>
						</TextLine>
						<TextLine ID="line_75" HPOS="1665" VPOS="633" WIDTH="1" HEIGHT="23">
							<String ID="string_431" HPOS="1665" VPOS="633" WIDTH="1" HEIGHT="23" WC="0.91" CONTENT="|"/>
						</TextLine>
						<TextLine ID="line_76" HPOS="1351" VPOS="665" WIDTH="316" HEIGHT="24">
							<String ID="string_432" HPOS="1351" VPOS="667" WIDTH="1" HEIGHT="22" WC="0.89" CONTENT="|"/><SP WIDTH="313" VPOS="667" HPOS="1352"/>
							<String ID="string_433" HPOS="1665" VPOS="665" WIDTH="2" HEIGHT="14" WC="0.68" CONTENT="I"/>
						</TextLine>
						<TextLine ID="line_77" HPOS="1351" VPOS="736" WIDTH="316" HEIGHT="31">
							<String ID="string_434" HPOS="1351" VPOS="764" WIDTH="1" HEIGHT="3" WC="0.84" CONTENT="|"/><SP WIDTH="313" VPOS="764" HPOS="1352"/>
							<String ID="string_435" HPOS="1665" VPOS="736" WIDTH="2" HEIGHT="29" WC="0.90" CONTENT="|"/>
						</TextLine>
						<TextLine ID="line_78" HPOS="1038" VPOS="773" WIDTH="712" HEIGHT="21">
							<String ID="string_436" HPOS="1038" VPOS="774" WIDTH="52" HEIGHT="20" WC="0.75" CONTENT="1937]"/><SP WIDTH="17" VPOS="774" HPOS="1090"/>
							<String ID="string_437" HPOS="1107" VPOS="774" WIDTH="40" HEIGHT="19" WC="0.90" CONTENT="2141"/><SP WIDTH="29" VPOS="774" HPOS="1147"/>
							<String ID="string_438" HPOS="1176" VPOS="786" WIDTH="28" HEIGHT="2" WC="0.89" CONTENT="—"/><SP WIDTH="-1" VPOS="786" HPOS="1204"/>
							<String ID="string_439" HPOS="1203" VPOS="770" WIDTH="17" HEIGHT="33" WC="0.78" CONTENT="|"/><SP WIDTH="10" VPOS="770" HPOS="1220"/>
							<String ID="string_440" HPOS="1230" VPOS="785" WIDTH="27" HEIGHT="2" WC="0.11" CONTENT="—1"/><SP WIDTH="24" VPOS="785" HPOS="1257"/>
							<String ID="string_441" HPOS="1281" VPOS="774" WIDTH="25" HEIGHT="19" WC="0.11" CONTENT="101"/><SP WIDTH="14" VPOS="774" HPOS="1306"/>
							<String ID="string_442" HPOS="1320" VPOS="783" WIDTH="32" HEIGHT="4" WC="0.2" CONTENT="—|"/><SP WIDTH="31" VPOS="783" HPOS="1352"/>
							<String ID="string_443" HPOS="1383" VPOS="774" WIDTH="26" HEIGHT="19" WC="0.95" CONTENT="68"/><SP WIDTH="84" VPOS="774" HPOS="1409"/>
							<String ID="string_444" HPOS="1493" VPOS="773" WIDTH="39" HEIGHT="20" WC="0.95" CONTENT="258"/><SP WIDTH="51" VPOS="773" HPOS="1532"/>
							<String ID="string_445" HPOS="1583" VPOS="774" WIDTH="33" HEIGHT="20" WC="0.95" CONTENT="28:"/><SP WIDTH="12" VPOS="774" HPOS="1616"/>
							<String ID="string_446" HPOS="1628" VPOS="776" WIDTH="24" HEIGHT="17" WC="0.96" CONTENT="70"/><SP WIDTH="3" VPOS="776" HPOS="1652"/>
							<String ID="string_447" HPOS="1655" VPOS="769" WIDTH="21" HEIGHT="33" WC="0.96" CONTENT="|"/><SP WIDTH="5" VPOS="769" HPOS="1676"/>
							<String ID="string_448" HPOS="1681" VPOS="773" WIDTH="33" HEIGHT="20" WC="0.95" CONTENT="27:"/><SP WIDTH="12" VPOS="773" HPOS="1714"/>
							<String ID="string_449" HPOS="1726" VPOS="775" WIDTH="24" HEIGHT="17" WC="0.96" CONTENT="98"/>
						</TextLine>
						<TextLine ID="line_79" HPOS="1351" VPOS="811" WIDTH="316" HEIGHT="33">
							<String ID="string_450" HPOS="1351" VPOS="811" WIDTH="1" HEIGHT="8" WC="0.86" CONTENT="|"/><SP WIDTH="314" VPOS="811" HPOS="1352"/>
							<String ID="string_451" HPOS="1666" VPOS="811" WIDTH="1" HEIGHT="33" WC="0.91" CONTENT="|"/>
						</TextLine>
						<TextLine ID="line_80" HPOS="1351" VPOS="861" WIDTH="316" HEIGHT="31">
							<String ID="string_452" HPOS="1351" VPOS="861" WIDTH="1" HEIGHT="31" WC="0.91" CONTENT="|"/><SP WIDTH="313" VPOS="861" HPOS="1352"/>
							<String ID="string_453" HPOS="1665" VPOS="863" WIDTH="2" HEIGHT="26" WC="0.87" CONTENT="|"/>
						</TextLine>
						<TextLine ID="line_81" HPOS="1351" VPOS="891" WIDTH="315" HEIGHT="17">
							<String ID="string_454" HPOS="1351" VPOS="893" WIDTH="1" HEIGHT="15" WC="0.74" CONTENT="I"/><SP WIDTH="313" VPOS="893" HPOS="1352"/>
							<String ID="string_455" HPOS="1665" VPOS="891" WIDTH="1" HEIGHT="14" WC="0.73" CONTENT="I"/>
						</TextLine>
						<TextLine ID="line_82" HPOS="1308" VPOS="956" WIDTH="43" HEIGHT="22">
							<String ID="string_456" HPOS="1308" VPOS="956" WIDTH="2" HEIGHT="22" WC="0.36" CONTENT="Pr"/>
						</TextLine>
						<TextLine ID="line_83" HPOS="1308" VPOS="975" WIDTH="44" HEIGHT="52">
							<String ID="string_457" HPOS="1350" VPOS="975" WIDTH="2" HEIGHT="52" WC="0.17" CONTENT="|"/>
						</TextLine>
						<TextLine ID="line_84" HPOS="1308" VPOS="1006" WIDTH="2" HEIGHT="10">
							<String ID="string_458" HPOS="1308" VPOS="1006" WIDTH="2" HEIGHT="10" WC="0.76" CONTENT="I"/>
						</TextLine>
						<TextLine ID="line_85" HPOS="1036" VPOS="1130" WIDTH="727" HEIGHT="21">
							<String ID="string_459" HPOS="1036" VPOS="1131" WIDTH="54" HEIGHT="20" WC="0.31" CONTENT="1938)"/><SP WIDTH="18" VPOS="1131" HPOS="1090"/>
							<String ID="string_460" HPOS="1108" VPOS="1131" WIDTH="39" HEIGHT="19" WC="0.68" CONTENT="1201"/><SP WIDTH="29" VPOS="1131" HPOS="1147"/>
							<String ID="string_461" HPOS="1176" VPOS="1144" WIDTH="27" HEIGHT="1" WC="0.90" CONTENT="—"/><SP WIDTH="1" VPOS="1144" HPOS="1203"/>
							<String ID="string_462" HPOS="1204" VPOS="1127" WIDTH="16" HEIGHT="32" WC="0.85" CONTENT="|"/><SP WIDTH="10" VPOS="1127" HPOS="1220"/>
							<String ID="string_463" HPOS="1230" VPOS="1142" WIDTH="27" HEIGHT="2" WC="0.5" CONTENT="—]"/><SP WIDTH="27" VPOS="1142" HPOS="1257"/>
							<String ID="string_464" HPOS="1284" VPOS="1131" WIDTH="13" HEIGHT="20" WC="0.77" CONTENT="91"/><SP WIDTH="31" VPOS="1131" HPOS="1297"/>
							<String ID="string_465" HPOS="1328" VPOS="1131" WIDTH="8" HEIGHT="19" WC="0.70" CONTENT="1]"/><SP WIDTH="46" VPOS="1131" HPOS="1336"/>
							<String ID="string_466" HPOS="1382" VPOS="1131" WIDTH="27" HEIGHT="20" WC="0.80" CONTENT="20"/><SP WIDTH="87" VPOS="1131" HPOS="1409"/>
							<String ID="string_467" HPOS="1496" VPOS="1131" WIDTH="37" HEIGHT="20" WC="0.96" CONTENT="124"/><SP WIDTH="49" VPOS="1131" HPOS="1533"/>
							<String ID="string_468" HPOS="1582" VPOS="1132" WIDTH="34" HEIGHT="19" WC="0.95" CONTENT="20:"/><SP WIDTH="12" VPOS="1132" HPOS="1616"/>
							<String ID="string_469" HPOS="1628" VPOS="1134" WIDTH="23" HEIGHT="16" WC="0.95" CONTENT="70"/><SP WIDTH="1" VPOS="1134" HPOS="1651"/>
							<String ID="string_470" HPOS="1652" VPOS="1126" WIDTH="23" HEIGHT="35" WC="0.95" CONTENT="|"/><SP WIDTH="5" VPOS="1126" HPOS="1675"/>
							<String ID="string_471" HPOS="1680" VPOS="1130" WIDTH="34" HEIGHT="20" WC="0.96" CONTENT="20:"/><SP WIDTH="13" VPOS="1130" HPOS="1714"/>
							<String ID="string_472" HPOS="1727" VPOS="1132" WIDTH="36" HEIGHT="18" WC="0.96" CONTENT="106"/>
						</TextLine>
						<TextLine ID="line_86" HPOS="1665" VPOS="1157" WIDTH="2" HEIGHT="19">
							<String ID="string_473" HPOS="1665" VPOS="1157" WIDTH="2" HEIGHT="19" WC="0.75" CONTENT="I"/>
						</TextLine>
						<TextLine ID="line_87" HPOS="1349" VPOS="1192" WIDTH="2" HEIGHT="53">
							<String ID="string_474" HPOS="1349" VPOS="1192" WIDTH="2" HEIGHT="53" WC="0.92" CONTENT="|"/>
						</TextLine>
						<TextLine ID="line_88" HPOS="1037" VPOS="1246" WIDTH="712" HEIGHT="43">
							<String ID="string_475" HPOS="1037" VPOS="1256" WIDTH="52" HEIGHT="20" WC="0.91" CONTENT="1938]"/><SP WIDTH="17" VPOS="1256" HPOS="1089"/>
							<String ID="string_476" HPOS="1106" VPOS="1256" WIDTH="41" HEIGHT="20" WC="0.55" CONTENT="270"/><SP WIDTH="7" VPOS="1256" HPOS="1147"/>
							<String ID="string_477" HPOS="1154" VPOS="1242" WIDTH="13" HEIGHT="51" WC="0.55" CONTENT="|"/><SP WIDTH="9" VPOS="1242" HPOS="1167"/>
							<String ID="string_478" HPOS="1176" VPOS="1269" WIDTH="27" HEIGHT="2" WC="0.56" CONTENT="—|"/><SP WIDTH="27" VPOS="1269" HPOS="1203"/>
							<String ID="string_479" HPOS="1230" VPOS="1268" WIDTH="27" HEIGHT="1" WC="0.0" CONTENT="—]"/><SP WIDTH="22" VPOS="1268" HPOS="1257"/>
							<String ID="string_480" HPOS="1279" VPOS="1256" WIDTH="26" HEIGHT="20" WC="0.28" CONTENT="10]"/><SP WIDTH="14" VPOS="1256" HPOS="1305"/>
							<String ID="string_481" HPOS="1319" VPOS="1246" WIDTH="32" HEIGHT="43" WC="0.28" CONTENT="—|"/><SP WIDTH="31" VPOS="1246" HPOS="1351"/>
							<String ID="string_482" HPOS="1382" VPOS="1256" WIDTH="27" HEIGHT="19" WC="0.77" CONTENT="94"/><SP WIDTH="83" VPOS="1256" HPOS="1409"/>
							<String ID="string_483" HPOS="1492" VPOS="1256" WIDTH="40" HEIGHT="20" WC="0.95" CONTENT="375"/><SP WIDTH="17" VPOS="1256" HPOS="1532"/>
							<String ID="string_484" HPOS="1549" VPOS="1244" WIDTH="25" HEIGHT="47" WC="0.74" CONTENT="|"/><SP WIDTH="9" VPOS="1244" HPOS="1574"/>
							<String ID="string_485" HPOS="1583" VPOS="1257" WIDTH="67" HEIGHT="20" WC="0.31" CONTENT="88:91"/><SP WIDTH="5" VPOS="1257" HPOS="1650"/>
							<String ID="string_486" HPOS="1655" VPOS="1244" WIDTH="19" HEIGHT="47" WC="0.72" CONTENT="|"/><SP WIDTH="7" VPOS="1244" HPOS="1674"/>
							<String ID="string_487" HPOS="1681" VPOS="1255" WIDTH="33" HEIGHT="21" WC="0.95" CONTENT="39:"/><SP WIDTH="12" VPOS="1255" HPOS="1714"/>
							<String ID="string_488" HPOS="1726" VPOS="1257" WIDTH="23" HEIGHT="17" WC="0.95" CONTENT="77"/>
						</TextLine>
						<TextLine ID="line_89" HPOS="1349" VPOS="1292" WIDTH="318" HEIGHT="39">
							<String ID="string_489" HPOS="1349" VPOS="1292" WIDTH="2" HEIGHT="39" WC="0.86" CONTENT="|"/><SP WIDTH="315" VPOS="1292" HPOS="1351"/>
							<String ID="string_490" HPOS="1666" VPOS="1307" WIDTH="1" HEIGHT="12" WC="0.87" CONTENT="|"/>
						</TextLine>
						<TextLine ID="line_90" HPOS="1349" VPOS="1352" WIDTH="318" HEIGHT="31">
							<String ID="string_491" HPOS="1349" VPOS="1360" WIDTH="2" HEIGHT="23" WC="0.84" CONTENT="|"/><SP WIDTH="315" VPOS="1360" HPOS="1351"/>
							<String ID="string_492" HPOS="1666" VPOS="1352" WIDTH="1" HEIGHT="4" WC="0.69" CONTENT="I"/>
						</TextLine>
						<TextLine ID="line_91" HPOS="1037" VPOS="1553" WIDTH="713" HEIGHT="22">
							<String ID="string_493" HPOS="1037" VPOS="1555" WIDTH="53" HEIGHT="20" WC="0.64" CONTENT="1939]"/><SP WIDTH="33" VPOS="1555" HPOS="1090"/>
							<String ID="string_494" HPOS="1123" VPOS="1555" WIDTH="7" HEIGHT="19" WC="0.83" CONTENT="1"/><SP WIDTH="51" VPOS="1555" HPOS="1130"/>
							<String ID="string_495" HPOS="1181" VPOS="1567" WIDTH="22" HEIGHT="1" WC="0.19" CONTENT="—|"/><SP WIDTH="27" VPOS="1567" HPOS="1203"/>
							<String ID="string_496" HPOS="1230" VPOS="1554" WIDTH="117" HEIGHT="20" WC="0.0" CONTENT="—]10l-—1|"/><SP WIDTH="35" VPOS="1554" HPOS="1347"/>
							<String ID="string_497" HPOS="1382" VPOS="1554" WIDTH="27" HEIGHT="20" WC="0.80" CONTENT="32"/><SP WIDTH="14" VPOS="1554" HPOS="1409"/>
							<String ID="string_498" HPOS="1423" VPOS="1557" WIDTH="30" HEIGHT="17" WC="0.80" CONTENT="s.1"/><SP WIDTH="42" VPOS="1557" HPOS="1453"/>
							<String ID="string_499" HPOS="1495" VPOS="1555" WIDTH="35" HEIGHT="20" WC="0.94" CONTENT="181"/><SP WIDTH="53" VPOS="1555" HPOS="1530"/>
							<String ID="string_500" HPOS="1583" VPOS="1553" WIDTH="33" HEIGHT="20" WC="0.95" CONTENT="23:"/><SP WIDTH="13" VPOS="1553" HPOS="1616"/>
							<String ID="string_501" HPOS="1629" VPOS="1555" WIDTH="23" HEIGHT="17" WC="0.64" CONTENT="15"/><SP WIDTH="3" VPOS="1555" HPOS="1652"/>
							<String ID="string_502" HPOS="1655" VPOS="1549" WIDTH="18" HEIGHT="34" WC="0.64" CONTENT="|"/><SP WIDTH="8" VPOS="1549" HPOS="1673"/>
							<String ID="string_503" HPOS="1681" VPOS="1553" WIDTH="34" HEIGHT="21" WC="0.96" CONTENT="23:"/><SP WIDTH="13" VPOS="1553" HPOS="1715"/>
							<String ID="string_504" HPOS="1728" VPOS="1555" WIDTH="22" HEIGHT="18" WC="0.96" CONTENT="16"/>
						</TextLine>
						<TextLine ID="line_92" HPOS="1104" VPOS="1585" WIDTH="45" HEIGHT="16">
							<String ID="string_505" HPOS="1104" VPOS="1585" WIDTH="24" HEIGHT="16" WC="0.76" CONTENT="K:"/><SP WIDTH="12" VPOS="1585" HPOS="1128"/>
							<String ID="string_506" HPOS="1140" VPOS="1585" WIDTH="9" HEIGHT="15" WC="0.95" CONTENT="7"/>
						</TextLine>
						<TextLine ID="line_93" HPOS="1104" VPOS="1609" WIDTH="247" HEIGHT="20">
							<String ID="string_507" HPOS="1104" VPOS="1609" WIDTH="21" HEIGHT="20" WC="0.93" CONTENT="pt"/><SP WIDTH="15" VPOS="1609" HPOS="1125"/>
							<String ID="string_508" HPOS="1140" VPOS="1609" WIDTH="7" HEIGHT="15" WC="0.91" CONTENT="1"/><SP WIDTH="203" VPOS="1609" HPOS="1147"/>
							<String ID="string_509" HPOS="1350" VPOS="1623" WIDTH="1" HEIGHT="3" WC="0.73" CONTENT="I"/>
						</TextLine>
						<TextLine ID="line_94" HPOS="1350" VPOS="1632" WIDTH="1" HEIGHT="10">
							<String ID="string_510" HPOS="1350" VPOS="1632" WIDTH="1" HEIGHT="10" WC="0.67" CONTENT="|"/>
						</TextLine>
						<TextLine ID="line_95" HPOS="1038" VPOS="1643" WIDTH="712" HEIGHT="33">
							<String ID="string_511" HPOS="1038" VPOS="1656" WIDTH="52" HEIGHT="20" WC="0.87" CONTENT="1939]"/><SP WIDTH="33" VPOS="1656" HPOS="1090"/>
							<String ID="string_512" HPOS="1123" VPOS="1656" WIDTH="7" HEIGHT="19" WC="0.91" CONTENT="1"/><SP WIDTH="15" VPOS="1656" HPOS="1130"/>
							<String ID="string_513" HPOS="1145" VPOS="1651" WIDTH="32" HEIGHT="35" WC="0.64" CONTENT="|"/><SP WIDTH="-1" VPOS="1651" HPOS="1177"/>
							<String ID="string_514" HPOS="1176" VPOS="1668" WIDTH="27" HEIGHT="1" WC="0.45" CONTENT="—|"/><SP WIDTH="27" VPOS="1668" HPOS="1203"/>
							<String ID="string_515" HPOS="1230" VPOS="1655" WIDTH="75" HEIGHT="20" WC="0.8" CONTENT="—1]10"/><SP WIDTH="15" VPOS="1655" HPOS="1305"/>
							<String ID="string_516" HPOS="1320" VPOS="1643" WIDTH="32" HEIGHT="28" WC="0.21" CONTENT="2"/><SP WIDTH="31" VPOS="1643" HPOS="1352"/>
							<String ID="string_517" HPOS="1383" VPOS="1656" WIDTH="26" HEIGHT="19" WC="0.86" CONTENT="32"/><SP WIDTH="14" VPOS="1656" HPOS="1409"/>
							<String ID="string_518" HPOS="1423" VPOS="1652" WIDTH="47" HEIGHT="33" WC="0.46" CONTENT="s.2]"/><SP WIDTH="25" VPOS="1652" HPOS="1470"/>
							<String ID="string_519" HPOS="1495" VPOS="1656" WIDTH="35" HEIGHT="20" WC="0.91" CONTENT="181"/><SP WIDTH="53" VPOS="1656" HPOS="1530"/>
							<String ID="string_520" HPOS="1583" VPOS="1655" WIDTH="33" HEIGHT="19" WC="0.95" CONTENT="23:"/><SP WIDTH="13" VPOS="1655" HPOS="1616"/>
							<String ID="string_521" HPOS="1629" VPOS="1656" WIDTH="22" HEIGHT="17" WC="0.96" CONTENT="15"/><SP WIDTH="2" VPOS="1656" HPOS="1651"/>
							<String ID="string_522" HPOS="1653" VPOS="1650" WIDTH="22" HEIGHT="34" WC="0.95" CONTENT="|"/><SP WIDTH="6" VPOS="1650" HPOS="1675"/>
							<String ID="string_523" HPOS="1681" VPOS="1654" WIDTH="33" HEIGHT="20" WC="0.95" CONTENT="23:"/><SP WIDTH="12" VPOS="1654" HPOS="1714"/>
							<String ID="string_524" HPOS="1726" VPOS="1657" WIDTH="24" HEIGHT="17" WC="0.96" CONTENT="16"/>
						</TextLine>
						<TextLine ID="line_96" HPOS="1104" VPOS="1672" WIDTH="248" HEIGHT="55">
							<String ID="string_525" HPOS="1104" VPOS="1686" WIDTH="23" HEIGHT="16" WC="0.80" CONTENT="K:"/><SP WIDTH="13" VPOS="1686" HPOS="1127"/>
							<String ID="string_526" HPOS="1140" VPOS="1686" WIDTH="9" HEIGHT="16" WC="0.96" CONTENT="7"/><SP WIDTH="201" VPOS="1686" HPOS="1149"/>
							<String ID="string_527" HPOS="1350" VPOS="1672" WIDTH="2" HEIGHT="55" WC="0.90" CONTENT="|"/>
						</TextLine>
						<TextLine ID="line_97" HPOS="1103" VPOS="1709" WIDTH="46" HEIGHT="21">
							<String ID="string_528" HPOS="1103" VPOS="1711" WIDTH="22" HEIGHT="19" WC="0.95" CONTENT="pt"/><SP WIDTH="14" VPOS="1711" HPOS="1125"/>
							<String ID="string_529" HPOS="1139" VPOS="1709" WIDTH="10" HEIGHT="16" WC="0.96" CONTENT="2"/>
						</TextLine>
						<TextLine ID="line_98" HPOS="1037" VPOS="1728" WIDTH="713" HEIGHT="64">
							<String ID="string_530" HPOS="1037" VPOS="1757" WIDTH="53" HEIGHT="20" WC="0.53" CONTENT="1939]"/><SP WIDTH="24" VPOS="1757" HPOS="1090"/>
							<String ID="string_531" HPOS="1114" VPOS="1757" WIDTH="24" HEIGHT="20" WC="0.84" CONTENT="91"/><SP WIDTH="13" VPOS="1757" HPOS="1138"/>
							<String ID="string_532" HPOS="1151" VPOS="1753" WIDTH="27" HEIGHT="35" WC="0.32" CONTENT="1"/><SP WIDTH="-2" VPOS="1753" HPOS="1178"/>
							<String ID="string_533" HPOS="1176" VPOS="1757" WIDTH="121" HEIGHT="20" WC="0.41" CONTENT="—1—19"/><SP WIDTH="32" VPOS="1757" HPOS="1297"/>
							<String ID="string_534" HPOS="1329" VPOS="1728" WIDTH="23" HEIGHT="64" WC="0.0" CONTENT="1"/><SP WIDTH="33" VPOS="1728" HPOS="1352"/>
							<String ID="string_535" HPOS="1385" VPOS="1757" WIDTH="24" HEIGHT="19" WC="0.96" CONTENT="19"/><SP WIDTH="86" VPOS="1757" HPOS="1409"/>
							<String ID="string_536" HPOS="1495" VPOS="1757" WIDTH="38" HEIGHT="20" WC="0.95" CONTENT="179"/><SP WIDTH="12" VPOS="1757" HPOS="1533"/>
							<String ID="string_537" HPOS="1545" VPOS="1752" WIDTH="27" HEIGHT="35" WC="0.82" CONTENT="|"/><SP WIDTH="10" VPOS="1752" HPOS="1572"/>
							<String ID="string_538" HPOS="1582" VPOS="1757" WIDTH="34" HEIGHT="20" WC="0.80" CONTENT="23:"/><SP WIDTH="12" VPOS="1757" HPOS="1616"/>
							<String ID="string_539" HPOS="1628" VPOS="1758" WIDTH="24" HEIGHT="18" WC="0.80" CONTENT="44"/><SP WIDTH="0" VPOS="1758" HPOS="1652"/>
							<String ID="string_540" HPOS="1652" VPOS="1752" WIDTH="23" HEIGHT="35" WC="0.94" CONTENT="|"/><SP WIDTH="6" VPOS="1752" HPOS="1675"/>
							<String ID="string_541" HPOS="1681" VPOS="1756" WIDTH="33" HEIGHT="20" WC="0.96" CONTENT="23:"/><SP WIDTH="12" VPOS="1756" HPOS="1714"/>
							<String ID="string_542" HPOS="1726" VPOS="1758" WIDTH="24" HEIGHT="17" WC="0.96" CONTENT="46"/>
						</TextLine>
						<TextLine ID="line_99" HPOS="1350" VPOS="1794" WIDTH="2" HEIGHT="27">
							<String ID="string_543" HPOS="1350" VPOS="1794" WIDTH="2" HEIGHT="27" WC="0.60" CONTENT="I"/>
						</TextLine>
						<TextLine ID="line_100" HPOS="1038" VPOS="1875" WIDTH="725" HEIGHT="21">
							<String ID="string_544" HPOS="1038" VPOS="1876" WIDTH="52" HEIGHT="20" WC="0.58" CONTENT="1939]"/><SP WIDTH="18" VPOS="1876" HPOS="1090"/>
							<String ID="string_545" HPOS="1108" VPOS="1876" WIDTH="39" HEIGHT="20" WC="0.87" CONTENT="187"/><SP WIDTH="6" VPOS="1876" HPOS="1147"/>
							<String ID="string_546" HPOS="1153" VPOS="1860" WIDTH="25" HEIGHT="49" WC="0.87" CONTENT="|"/><SP WIDTH="-3" VPOS="1860" HPOS="1178"/>
							<String ID="string_547" HPOS="1175" VPOS="1864" WIDTH="177" HEIGHT="40" WC="0.23" CONTENT="—|—]101—|"/><SP WIDTH="31" VPOS="1864" HPOS="1352"/>
							<String ID="string_548" HPOS="1383" VPOS="1876" WIDTH="26" HEIGHT="19" WC="0.92" CONTENT="43"/><SP WIDTH="86" VPOS="1876" HPOS="1409"/>
							<String ID="string_549" HPOS="1495" VPOS="1876" WIDTH="35" HEIGHT="20" WC="0.68" CONTENT="191"/><SP WIDTH="18" VPOS="1876" HPOS="1530"/>
							<String ID="string_550" HPOS="1548" VPOS="1861" WIDTH="24" HEIGHT="48" WC="0.68" CONTENT="|"/><SP WIDTH="11" VPOS="1861" HPOS="1572"/>
							<String ID="string_551" HPOS="1583" VPOS="1876" WIDTH="69" HEIGHT="20" WC="0.83" CONTENT="23:66"/><SP WIDTH="1" VPOS="1876" HPOS="1652"/>
							<String ID="string_552" HPOS="1653" VPOS="1861" WIDTH="24" HEIGHT="48" WC="0.95" CONTENT="|"/><SP WIDTH="7" VPOS="1861" HPOS="1677"/>
							<String ID="string_553" HPOS="1684" VPOS="1875" WIDTH="79" HEIGHT="20" WC="0.94" CONTENT="24:"/><SP WIDTH="-38" VPOS="1875" HPOS="1763"/>
							<String ID="string_554" HPOS="1725" VPOS="1861" WIDTH="18" HEIGHT="48" WC="0.74" CONTENT="9"/><SP WIDTH="3" VPOS="1861" HPOS="1743"/>
							<String ID="string_555" HPOS="1746" VPOS="1861" WIDTH="12" HEIGHT="48" WC="0.74" CONTENT="d"/>
						</TextLine>
						<TextLine ID="line_101" HPOS="1350" VPOS="1905" WIDTH="2" HEIGHT="21">
							<String ID="string_556" HPOS="1350" VPOS="1905" WIDTH="2" HEIGHT="21" WC="0.68" CONTENT="I"/>
						</TextLine>
						<TextLine ID="line_102" HPOS="1350" VPOS="1947" WIDTH="2" HEIGHT="15">
							<String ID="string_557" HPOS="1350" VPOS="1947" WIDTH="2" HEIGHT="15" WC="0.73" CONTENT="I"/>
						</TextLine>
						<TextLine ID="line_103" HPOS="1666" VPOS="2032" WIDTH="1" HEIGHT="16">
							<String ID="string_558" HPOS="1666" VPOS="2032" WIDTH="1" HEIGHT="16" WC="0.77" CONTENT="I"/>
						</TextLine>
					</TextBlock>
				</ComposedBlock>
				<ComposedBlock ID="cblock_28" HPOS="1092" VPOS="214" WIDTH="6" HEIGHT="1866">
					<TextBlock ID="block_28" HPOS="1092" VPOS="214" WIDTH="6" HEIGHT="1866">
						<TextLine ID="line_104" HPOS="1092" VPOS="214" WIDTH="6" HEIGHT="1866">
							<String ID="string_559" HPOS="1092" VPOS="214" WIDTH="6" HEIGHT="1866" WC="0.95" CONTENT=" "/>
						</TextLine>
					</TextBlock>
				</ComposedBlock>
				<ComposedBlock ID="cblock_29" HPOS="1158" VPOS="214" WIDTH="6" HEIGHT="1869">
					<TextBlock ID="block_29" HPOS="1158" VPOS="214" WIDTH="6" HEIGHT="1869">
						<TextLine ID="line_105" HPOS="1158" VPOS="214" WIDTH="6" HEIGHT="1869">
							<String ID="string_560" HPOS="1158" VPOS="214" WIDTH="6" HEIGHT="1869" WC="0.95" CONTENT=" "/>
						</TextLine>
					</TextBlock>
				</ComposedBlock>
				<ComposedBlock ID="cblock_30" HPOS="1265" VPOS="214" WIDTH="5" HEIGHT="1867">
					<TextBlock ID="block_30" HPOS="1265" VPOS="214" WIDTH="5" HEIGHT="1867">
						<TextLine ID="line_106" HPOS="1265" VPOS="214" WIDTH="5" HEIGHT="1867">
							<String ID="string_561" HPOS="1265" VPOS="214" WIDTH="5" HEIGHT="1867" WC="0.95" CONTENT=" "/>
						</TextLine>
					</TextBlock>
				</ComposedBlock>
				<ComposedBlock ID="cblock_31" HPOS="1308" VPOS="586" WIDTH="3" HEIGHT="1496">
					<TextBlock ID="block_31" HPOS="1308" VPOS="586" WIDTH="3" HEIGHT="1496">
						<TextLine ID="line_107" HPOS="1308" VPOS="586" WIDTH="3" HEIGHT="1496">
							<String ID="string_562" HPOS="1308" VPOS="586" WIDTH="3" HEIGHT="1496" WC="0.95" CONTENT=" "/>
						</TextLine>
					</TextBlock>
				</ComposedBlock>
				<ComposedBlock ID="cblock_32" HPOS="1457" VPOS="213" WIDTH="4" HEIGHT="1868">
					<TextBlock ID="block_32" HPOS="1457" VPOS="213" WIDTH="4" HEIGHT="1868">
						<TextLine ID="line_108" HPOS="1457" VPOS="213" WIDTH="4" HEIGHT="1868">
							<String ID="string_563" HPOS="1457" VPOS="213" WIDTH="4" HEIGHT="1868" WC="0.95" CONTENT=" "/>
						</TextLine>
					</TextBlock>
				</ComposedBlock>
				<ComposedBlock ID="cblock_33" HPOS="1564" VPOS="213" WIDTH="4" HEIGHT="1869">
					<TextBlock ID="block_33" HPOS="1564" VPOS="213" WIDTH="4" HEIGHT="1869">
						<TextLine ID="line_109" HPOS="1564" VPOS="213" WIDTH="4" HEIGHT="1869">
							<String ID="string_564" HPOS="1564" VPOS="213" WIDTH="4" HEIGHT="1869" WC="0.95" CONTENT=" "/>
						</TextLine>
					</TextBlock>
				</ComposedBlock>
				<ComposedBlock ID="cblock_34" HPOS="1844" VPOS="495" WIDTH="9" HEIGHT="1486">
					<TextBlock ID="block_34" HPOS="1844" VPOS="495" WIDTH="9" HEIGHT="1486">
						<TextLine ID="line_110" HPOS="1844" VPOS="495" WIDTH="9" HEIGHT="1486">
							<String ID="string_565" HPOS="1844" VPOS="495" WIDTH="9" HEIGHT="1486" WC="0.95" CONTENT=" "/>
						</TextLine>
					</TextBlock>
				</ComposedBlock>
				<ComposedBlock ID="cblock_35" HPOS="1765" VPOS="215" WIDTH="5" HEIGHT="1862">
					<TextBlock ID="block_35" HPOS="1765" VPOS="215" WIDTH="5" HEIGHT="1862">
						<TextLine ID="line_111" HPOS="1765" VPOS="215" WIDTH="5" HEIGHT="1862">
							<String ID="string_566" HPOS="1765" VPOS="215" WIDTH="5" HEIGHT="1862" WC="0.95" CONTENT=" "/>
						</TextLine>
					</TextBlock>
				</ComposedBlock>
			</PrintSpace>
		</Page>
	</Layout>
</alto>
