1836 2331
779 68 222 19 SAKREGISTER

1652 69 37 18 639

107 247 313 25 Kommunalförfattningar

125 282 9 14 5
154 277 39 20 RD
208 278 96 24 antager
318 277 36 20 för
368 278 36 19 sin
419 278 35 19 del
469 278 36 24 lag
519 282 51 20 ang.
584 277 150 25 nedsättning
747 283 28 14 av
789 277 86 20 allmän
889 277 106 19 kommu-

153 307 105 20 nalskatt
267 307 6 20 i
284 307 46 20 anl.
340 313 28 14 av
378 307 216 25 övergångsbidrag.

125 342 10 14 6
153 335 39 21 RD
208 336 77 20 avslår
300 337 114 19 motioner
429 342 37 14 om
481 337 47 20 rätt
542 337 36 19 för
592 337 113 19 kommun
719 338 34 19 att
766 336 86 25 bevilja
866 336 129 25 ersättning

152 366 35 20 till
198 372 28 14 av
235 366 144 20 kommunen
389 366 68 20 valda
467 367 157 19 nämndemän
633 366 38 20 vid
680 366 141 20 häradsrätt.

126 401 8 14 7
154 396 39 20 RD
208 397 96 24 antager
319 396 36 25 lag
369 401 52 20 ang.
435 396 99 25 ändring
547 396 7 20 i
568 396 66 25 lagen
648 397 44 19 den
707 396 26 20 15
746 396 52 25 juni
814 396 54 20 1935
886 396 39 23 (nr
938 395 53 23 337)

153 431 38 15 om
205 425 237 26 kommunalstyrelse
456 426 6 20 i
477 426 134 20 Stockholm
628 426 124 23 (avseende
766 426 63 20 tiden
843 426 36 20 för
893 426 102 20 faststäl-

153 455 68 21 lande
236 461 28 14 av
278 456 106 24 grunden
398 456 36 19 för
448 456 156 24 utdebitering
618 462 28 14 av
659 456 44 20 den
716 456 119 20 allmänna
849 455 146 20 kommunal-

154 485 71 23 skatt,
238 491 51 14 som
302 485 59 20 skall
374 485 53 25 ingå
440 486 6 19 i
460 485 135 25 preliminär
608 486 63 20 skatt
683 485 36 20 för
731 486 104 20 inkomst
847 486 74 20 under
933 486 62 20 näst-

154 514 106 26 följande
270 515 47 24 år).

128 562 6 13 1
155 556 39 20 RD
208 557 95 24 antager
316 556 36 20 för
364 557 36 19 sin
412 557 36 19 del
461 556 36 25 lag
509 561 51 20 ang.
572 557 89 19 ändrad
673 557 86 25 lydelse
771 563 27 14 av
810 557 27 20 23
851 557 9 23 $
874 557 65 25 lagen
952 557 43 20 den

154 586 28 20 20
195 586 53 24 juni
263 586 56 20 1924
335 586 39 23 (nr
387 586 53 24 349)
458 592 37 14 om
509 586 118 25 landsting
644 586 100 25 (förhöjt
758 587 201 24 dagtraktamente
973 586 23 20 åt

154 616 209 24 landstingsmän).

127 650 9 14 2
156 645 39 20 RD
209 646 96 24 antager
318 646 36 24 lag
368 650 51 20 ang.
432 646 90 20 ändrad
536 646 85 24 lydelse
634 652 28 14 av
674 646 27 20 63
716 646 9 23 8
740 647 12 19 2
765 652 69 14 mom.
848 646 65 25 lagen
927 647 43 19 den
983 646 12 20 6

153 674 53 25 juni
224 675 55 20 1930
299 675 39 23 (nr
353 675 53 23 260)
426 681 38 14 om
480 675 249 26 församlingsstyrelse
751 676 7 20 i
781 676 135 20 Stockholm
942 676 54 23 (tid-

154 704 83 25 punkt,
250 704 49 21 före
311 704 77 20 vilken
401 705 286 25 församlingsdelegerade
699 705 65 20 skola
776 706 116 20 fastställa
904 706 92 24 utgifts-

155 734 43 19 och
208 734 159 24 inkomststat,
376 734 141 21 bestämmes
527 735 34 20 till
572 735 44 20 den
627 736 8 19 1
647 735 74 23 nov.).

127 768 9 15 3
155 763 39 20 RD
211 763 105 20 anhåller
331 770 38 13 om
385 770 28 14 en
429 765 106 24 översyn,
551 764 28 25 på
595 765 37 19 det
647 765 46 20 sätt
708 765 43 19 och
766 765 7 20 i
788 765 44 20 den
847 765 149 25 omfattning,

155 799 50 14 som
219 793 104 25 framgår
336 800 28 13 av
378 794 43 19 vad
437 794 284 20 konstitutionsutskottet
743 795 85 23 anfört,
849 801 28 14 av
898 795 98 25 lagstift-

154 823 85 24 ningen
255 829 38 13 om
309 823 241 20 kommunalförbund
565 824 43 20 och
623 830 38 13 om
676 824 99 25 ändring
790 825 6 19 i
812 825 135 20 kommunal
962 825 34 20 in-

155 852 100 25 delning.

127 888 9 14 4
155 883 39 20 RD
206 884 96 23 antager
313 883 36 19 för
361 883 35 20 sin
408 883 36 20 del
456 883 36 25 lag
503 888 51 20 ang.
565 883 99 25 ändring
674 884 6 19 i
691 883 61 20 vissa
763 884 64 20 delar
837 890 28 14 av
875 885 66 24 lagen
952 884 43 20 den

153 912 13 20 6
184 913 48 20 dec.
252 913 56 20 1946
330 912 39 24 (nr
388 912 52 24 727)
461 919 39 13 om
517 913 136 20 kommunal
672 913 164 26 fondbildning
857 914 139 25 (ändringen

154 948 73 17 avser,
243 943 34 19 att
292 943 107 24 gällande
414 943 184 25 begränsningar
614 949 27 14 av
656 943 125 20 kommuns
797 944 46 20 rätt
858 945 33 20 att
906 944 90 20 avsätta

154 972 74 20 medel
243 972 34 20 till
291 973 265 25 skatteregleringsfond
569 973 85 25 slopas,
667 974 43 19 och
725 975 33 19 att
772 973 113 20 kommun
897 974 100 20 erhåller

154 1002 46 20 rätt
216 1003 33 19 att
265 1003 90 19 avsätta
371 1003 73 19 medel
460 1003 34 19 till
510 1003 87 19 allmän
612 1003 219 25 investeringsfond,
846 1004 100 20 avsedda
961 1004 36 20 för

154 1032 158 20 anskaffande
322 1038 28 14 av
359 1032 124 25 tillgångar
493 1032 36 20 för
539 1033 178 25 stadigvarande
726 1032 82 24 bruk).

127 1067 9 14 5
155 1062 39 19 RD
208 1063 96 24 antager
318 1062 36 20 för
367 1062 35 20 sin
415 1063 36 19 del
464 1062 37 25 lag
513 1068 38 14 om
564 1063 100 20 särskild
678 1063 149 25 skolstyrelse
839 1064 7 20 i
859 1064 61 20 vissa
933 1064 48 20 fall.

127 1109 7 14 1
155 1103 61 20 Från
233 1104 55 20 1950
302 1104 38 20 års
354 1104 39 20 RD
408 1104 91 20 vilande
514 1104 86 25 förslag
614 1105 34 20 till
663 1105 88 20 ändrad
765 1105 86 25 lydelse
865 1112 28 14 av
907 1106 9 23 $
932 1106 11 20 7
958 1105 38 20 RO

157 1133 142 25 (ändringen
318 1133 128 21 fastställer
465 1135 34 19 att
517 1134 48 20 ord.
584 1135 35 19 val
640 1141 27 14 av
686 1135 312 21 förstakammarledamöter

156 1163 59 20 skall
226 1164 42 24 äga
279 1169 51 14 rum
340 1164 7 19 i
356 1163 107 24 oktober)
478 1165 102 24 antages.

128 1198 9 14 2
157 1193 39 20 RD
211 1194 96 24 antager
321 1193 37 20 för
373 1194 35 19 sin
423 1194 35 19 del
473 1194 36 25 lag
523 1199 52 20 ang.
589 1194 89 20 ändrad
693 1195 85 24 lydelse
792 1201 28 14 av
833 1195 27 20 79
876 1195 9 23 $
901 1195 12 20 2
928 1201 68 14 mom.

156 1223 66 24 lagen
236 1223 43 20 den
292 1223 13 20 6
316 1223 52 24 juni
383 1223 55 20 1930
454 1224 39 22 (nr
505 1224 53 24 251)
573 1230 38 13 om
624 1224 235 25 kommunalstyrelse
870 1225 30 25 på
912 1225 85 23 landet,

156 1252 36 25 lag
208 1257 51 20 ang.
276 1253 89 20 ändrad
381 1253 86 25 lydelse
482 1259 28 14 av
525 1253 27 20 74
568 1254 10 22 8
594 1254 12 19 2
622 1260 69 14 mom.
706 1254 67 25 lagen
788 1255 44 19 den
847 1255 12 20 6
873 1255 52 24 juni
942 1255 55 20 1930

159 1283 39 22 (nr
214 1283 53 23 252)
287 1289 37 14 om
341 1283 235 25 kommunalstyrelse
592 1284 6 19 i
614 1284 59 23 stad,
689 1284 36 25 lag
740 1289 51 20 ang.
807 1284 89 20 ändrad
912 1285 86 24 lydelse

156 1318 28 14 av
196 1312 28 20 63
238 1312 10 23 $
262 1312 12 20 2
288 1318 69 14 mom.
370 1313 66 24 lagen
449 1313 44 20 den
507 1313 25 20 15
544 1313 52 24 juni
611 1313 54 20 1935
681 1314 39 22 (nr
732 1313 53 23 337)
801 1320 38 13 om
851 1314 146 20 kommunal-

156 1342 97 25 styrelse
268 1342 6 20 i
290 1342 135 20 Stockholm
440 1344 61 18 samt
515 1343 37 24 lag
566 1348 51 19 ang.
632 1343 88 20 ändrad
736 1344 86 24 lydelse
836 1350 28 14 av
877 1344 13 20 8
906 1344 9 23 $
932 1344 65 25 lagen

156 1372 44 20 den
213 1372 13 20 6
239 1372 48 20 dec.
301 1372 56 20 1946
373 1373 39 23 (nr
425 1372 52 24 727)
494 1379 38 13 om
544 1373 136 20 kommunal
695 1373 163 26 fondbildning
874 1374 123 22 (avseende

155 1401 139 25 utvidgning
307 1408 28 13 av
349 1402 183 20 kommunernas
545 1403 247 25 underställningsfria
806 1403 121 24 lånerätt).

127 1437 9 14 3
156 1431 39 20 RD
207 1432 96 24 antager
314 1432 43 24 lag.
368 1437 51 19 ang.
430 1432 89 20 ändrad
531 1432 85 25 lydelse
626 1439 28 14 av
666 1433 25 20 15
704 1433 9 23 8
725 1433 66 24 lagen
802 1433 43 20 den
856 1434 13 20 6
878 1434 52 24 juni
943 1433 54 21 1930

158 1461 40 23 (nr
214 1461 53 23 252)
287 1467 37 14 om
341 1461 235 26 kommunalstyrelse
592 1463 7 19 i
614 1463 59 23 stad,
689 1463 36 24 lag
740 1468 51 20 ang.
807 1463 89 20 ändrad
912 1463 86 25 lydelse

157 1498 28 13 av
196 1492 28 20 34
237 1492 10 22 $
261 1492 65 25 lagen
339 1492 44 20 den
395 1492 12 20 6
419 1492 51 25 juni
484 1492 55 20 1930
554 1492 39 24 (nr
604 1492 53 24 251)
672 1498 38 14 om
722 1493 236 25 kommunalstyrelse
969 1493 28 25 på

157 1522 86 23 landet,
255 1522 37 24 lag
303 1527 52 19 ang.
367 1522 89 20 ändrad
468 1522 86 25 lydelse
566 1528 28 14 av
605 1522 25 20 31
645 1522 9 23 $
668 1523 65 24 lagen
745 1523 44 19 den
801 1523 12 20 6
824 1523 52 25 juni
889 1523 55 21 1930
959 1524 39 22 (nr

156 1551 53 24 259)
226 1557 38 14 om
278 1551 257 25 församlingsstyrelse,
548 1552 37 25 lag
597 1557 51 20 ang.
661 1553 89 19 ändrad
763 1553 86 24 lydelse
862 1559 28 14 av
903 1553 26 20 13
943 1553 10 23 $
967 1554 31 19 la-

155 1586 43 20 gen
210 1581 43 20 den
266 1581 25 20 15
302 1581 52 25 juni
367 1581 55 20 1935
436 1582 39 22 (nr
485 1582 53 24 337)
552 1588 37 14 om
600 1582 235 25 kommunalstyrelse
846 1583 6 20 i
863 1582 134 21 Stockholm

157 1612 61 19 samt
232 1611 36 25 lag
282 1616 51 20 ang.
347 1611 89 20 ändrad
451 1611 86 25 lydelse
550 1618 28 13 av
593 1612 25 20 10
633 1612 9 23 8
658 1612 65 25 lagen
737 1612 44 20 den
795 1612 12 21 6
820 1612 52 25 juni
887 1612 55 21 1930
959 1613 39 23 (nr

156 1640 53 24 260)
228 1647 38 13 om
283 1641 249 25 församlingsstyrelse
548 1642 7 19 i
571 1641 134 21 Stockholm
724 1642 113 23 (ändrade
852 1642 146 21 bestämmel-

156 1676 37 14 ser
208 1676 51 19 ang.
275 1671 120 25 indelning
410 1671 6 20 i
432 1671 130 20 valkretsar
577 1671 36 20 för
628 1672 184 24 fullmäktigeval
828 1673 6 19 i
850 1672 148 20 kommuner-

156 1700 52 23 na).

129 1736 10 14 4
158 1731 39 20 RD
210 1732 95 23 antager
317 1731 36 24 lag
365 1736 51 19 ang.
428 1731 99 25 ändring
537 1731 7 20 i
556 1731 66 25 lagen
634 1732 43 19 den
689 1732 12 19 6
712 1731 52 25 juni
777 1731 54 20 1930
843 1738 38 13 om
892 1732 106 20 kommu-

157 1760 138 25 nalstyrelse
310 1760 29 25 på
354 1761 86 23 landet,
456 1761 36 24 lag
507 1766 51 19 ang.
573 1761 99 24 ändring
687 1762 6 19 i
708 1761 66 25 lagen
789 1762 43 19 den
848 1762 12 20 6
874 1762 52 24 juni
943 1762 54 20 1930

156 1796 38 14 om
213 1790 235 25 kommunalstyrelse
466 1791 7 19 i
490 1791 59 22 stad,
567 1790 36 25 lag
619 1796 52 19 ang.
688 1791 100 25 ändring
804 1792 6 19 i
828 1791 65 25 lagen
910 1791 44 20 den
973 1792 25 19 15

156 1820 52 25 juni
228 1820 54 20 1935
300 1826 37 13 om
355 1820 235 25 kommunalstyrelse
607 1821 6 19 i
631 1820 141 24 Stockholm,
789 1820 37 25 lag
842 1826 50 19 ang.
909 1821 88 20 ändrad

158 1850 86 24 lydelse
261 1856 27 13 av
304 1849 27 20 60
350 1849 9 23 $
377 1849 66 25 lagen
460 1850 44 19 den
520 1850 12 20 6
548 1850 52 24 juni
617 1850 55 20 1930
688 1856 38 14 om
742 1850 256 25 församlingsstyrelse,

159 1880 36 24 lag
210 1884 51 20 ang.
277 1879 89 20 ändrad
382 1879 86 25 lydelse
483 1885 28 14 av
526 1879 28 20 64
569 1879 10 23 8
596 1880 65 24 lagen
676 1880 44 20 den
735 1880 13 20 6
762 1880 52 25 juni
831 1880 54 21 1930
900 1887 38 13 om
953 1880 45 20 för-

158 1909 211 25 samlingsstyrelse
386 1909 6 20 i
410 1909 142 23 Stockholm,
569 1909 36 25 lag
622 1914 51 20 ang.
690 1910 99 25 ändring
805 1910 6 20 i
829 1910 65 25 lagen
911 1911 44 19 den
971 1910 27 21 20

157 1940 52 24 juni
224 1939 57 20 1924
293 1945 38 14 om
346 1939 125 25 landsting,
485 1939 137 25 förordning
635 1944 51 20 ang.
700 1940 99 25 ändring
812 1940 6 20 i
832 1940 166 25 förordningen

158 1970 44 20 den
215 1969 25 20 31
255 1969 47 20 dec.
316 1969 56 20 1945
384 1975 38 14 om
434 1969 156 25 utdebitering
602 1975 27 14 av
641 1969 183 25 tingshusmedel
837 1971 60 19 samt
910 1970 89 20 förord-

158 2000 56 24 ning
225 2005 38 14 om
275 1999 89 20 ändrad
376 1999 86 24 lydelse
473 2005 28 13 av
513 1999 10 19 7
537 1999 9 22 $
560 1999 166 25 förordningen
738 2000 43 19 den
794 2000 9 19 1
816 2000 52 24 juni
881 2000 53 20 1951
947 2005 51 20 ang.

158 2029 143 25 provisorisk
314 2028 208 25 skatteersättning
533 2029 7 19 i
552 2028 45 20 anl.
610 2035 28 13 av
649 2029 268 25 ortsavdragsreformen
932 2030 67 23 (änd-

159 2059 110 25 ringarna
285 2058 136 20 föranledda
436 2064 28 14 av
478 2064 65 19 prop.
559 2059 51 19 med
625 2058 87 25 förslag
726 2059 34 20 till
776 2059 61 20 vissa
852 2060 126 24 ändringar
992 2060 6 19 i

158 2088 289 26 uppbördsförfarandet).

1065 183 52 21 Prop.

1151 159 88 17 Motioner

1306 155 70 31 Utskott
1425 156 57 36 Skriv:

1542 160 91 17 Protokoll

1148 213 29 16 FK

1212 213 32 17 AK

1267 212 85 18 SmllAvd|
1376 214 26 16 Nr
1443 200 22 12 3

1523 214 29 16 FK

1621 215 31 16 AK

1019 277 27 22 51

1019 337 27 21 51

1019 396 27 22 51

1020 557 29 21 52

1020 646 29 22 52

1020 765 30 21 52

1020 883 30 22 52

1020 1061 30 22 52

1020 1103 30 22 53)

1021 1192 29 22 53

1021 1733 30 22 53)

1084 279 27 20 62

1069 398 43 21 203

1085 648 27 20 95

1070 885 43 20 228

1070 1063 43 20 224

1085 1195 29 20 98

1072 1736 42 20 100

1141 279 41 21 331

1143 339 41 20 172

1158 559 27 20 10

1157 767 27 19 57

1142 885 42 20 467

1143 1432 43 20 454

1206 279 40 20 441

1206 309 43 20 442

1207 339 42 20 227

1224 559 27 20 16

1223 767 28 20 79

1207 885 43 21 620

1291 280 11 20 5|
1338 280 12 20 21
1383 280 92 20 :161119

1291 399 12 20 51.
1338 399 12 20 21
1382 399 93 20 221266

1282 654 28 6 An

1339 649 12 20 ND

1384 649 90 20 131157

1292 767 12 20 5|
1338 767 12 20 21
1383 767 92 21 161198

1292 886 12 19 5)
1338 886 13 20 21
1382 886 94 20 201248

1383 1065 28 20 26
1433 1064 42 22 1407

1286 1073 24 5 ca

1334 1113 24 14 NN
1334 1065 24 14 NN

1292 1195 12 20 5|
1338 1195 12 20 21
1383 1196 92 20 101186

1292 1433 12 19 5)
1339 1433 12 20 21
1384 1433 92 21 121193

1293 1737 12 19 5|
1339 1737 12 19 21
1384 1737 92 20 131194

1492 281 34 20 13:
1542 285 21 16 56

1493 769 33 20 15:
1544 773 20 15 18

1492 887 34 21 17:
1542 887 41 20 20d

1494 1434 33 20 16:
1543 1434 41 20 24d

1493 1738 34 20 16:
1543 1742 22 15 42

1593 281 72 20 13:165

1593 341 71 20 13:167

1593 401 34 20 19:
1643 405 20 16 21

1607 561 58 21 9:140

1594 650 71 20 14:164

1593 888 34 20 17:
1643 888 41 20 41d

1592 1066 73 20 23:139

1607 1108 20 20 5:
1644 1113 21 15 18

1593 1197 34 20 16:
1643 1202 22 15 732

1594 1435 34 20 16:
1644 1435 41 20 76d

1594 1738 34 20 16:
1644 1743 22 15 95
