1847 2358
176 152 43 22 154
909 158 136 15 SAKREGISTER

195 437 167 27 Avsöndringar
379 444 25 14 m.
423 444 24 15 m.

239 475 25 13 nr
281 468 87 20 62—6+4
385 468 130 20 betecknade
532 468 151 26 skogsmarken
700 467 33 21 till
749 468 104 20 Jönåkers
866 467 167 21 häradsallmän-

239 498 160 26 ningsdelägare
423 500 45 18 mot
490 505 26 13 en
532 498 144 26 köpeskilling
692 505 25 13 av
734 497 64 21 2385
815 498 31 20 kr.
864 498 39 20 och
920 497 90 21 andelen
1026 498 7 20 i

239 528 26 21 de
281 528 50 21 med
347 528 145 27 ägofigurerna
508 535 25 13 nr
549 528 88 20 65—74
650 529 12 19 å
676 534 83 14 samma
770 528 61 20 karta
841 528 109 20 utmärkta
960 528 74 26 inägor

238 559 34 20 till
289 559 89 20 Gunnar
393 558 121 26 Blomqvist
529 560 45 19 mot
590 565 26 13 en
632 558 144 26 köpeskilling
792 565 25 13 av
835 557 64 21 1000
915 558 31 20 kr.

196 618 9 15 4
223 613 37 20 RD
278 612 84 20 bifaller
377 612 79 26 förslag
471 619 46 19 ang.
535 612 125 21 överlåtelse
676 619 26 14 av
718 612 42 20 viss
777 612 61 20 mark
854 612 34 20 till
903 611 75 21 staden
992 612 40 27 Ny-

240 643 80 26 köping
336 649 29 14 m.
382 649 29 14 m.

224 697 38 20 RD
279 697 84 20 bifaller
381 696 80 26 förslag
476 703 47 19 ang.
540 696 128 27 försäljning
684 703 26 13 av
726 695 41 21 den
783 695 33 21 till
827 695 127 27 lägenheten
965 692 68 25 Öster-

239 727 96 20 Rekarne
359 726 212 26 häradsallmänning
586 727 8 19 i
609 726 78 27 Husby
703 726 78 20 socken
797 725 94 21 hörande
907 726 126 26 lägenheten

240 757 114 26 Fogelberg
370 764 25 13 nr
412 757 10 19 1
440 756 33 21 till
489 756 123 21 nuvarande
628 756 137 20 arrendatorn
781 756 24 20 E.
822 756 105 20 Ericsson.

197 703 9 15 C3

197 817 10 15 6
225 812 37 19 RD
286 811 114 26 medgiver,
423 812 31 19 att
477 810 127 27 lägenheten
623 809 116 21 Karlslund
756 809 50 21 med
821 810 54 20 visst
890 810 85 25 angivet
990 817 42 13 om-

240 841 49 20 råde
306 841 35 20 må
356 840 99 27 försäljas
470 840 48 21 från
535 840 199 26 kronoegendomen
752 839 26 28 7/g
795 839 82 21 mantal
888 840 61 20 Stora
960 840 73 26 Mälby

240 878 25 13 nr
282 871 10 20 1
310 871 7 20 i
333 870 132 27 Björnlunda
482 871 83 20 socken.

198 936 9 16 7
225 932 37 19 RD
286 930 113 26 medgiver,
419 932 32 19 att
469 930 151 27 lägenheterna
634 929 147 21 Johannesdal
796 929 40 21 och
853 929 109 26 Skogsäng
977 931 56 19 samt

240 961 152 25 avsöndringar
407 961 48 20 från
471 960 126 21 hemskiftet
613 961 36 19 må
659 967 37 13 var
706 960 33 20 för
750 960 31 26 sig
792 959 98 27 försäljas
901 960 47 19 från
959 960 73 20 krono-

240 991 131 26 egendomen
388 991 11 19 1
416 990 83 21 mantal
514 990 80 27 Björka
609 997 26 13 nr
652 990 10 20 1
680 990 7 20 i
701 990 115 25 Stigtomta
826 989 78 21 socken
914 989 51 21 med
975 990 57 20 hem-

240 1021 98 20 budsrätt
354 1021 131 20 beträffande
501 1020 156 26 avsöndringen
673 1020 46 20 från
736 1020 126 20 hemskiftet
876 1020 34 20 för
920 1021 76 25 ägaren
1007 1026 26 14 av

240 1051 126 25 lägenheten
382 1051 189 25 Hammarstugan.

197 1115 9 15 &

224 1110 38 20 RD
279 1110 113 26 medgiver,
409 1112 32 19 att
456 1112 31 18 tre
503 1110 6 20 i
526 1109 232 26 statsrådsprotokollet
773 1109 143 20 omförmälda
931 1109 49 20 med
991 1109 40 20 litt.

239 1140 39 24 Da,
295 1140 33 20 Db
344 1140 40 20 och
400 1140 31 20 De
448 1139 131 21 betecknade
590 1139 121 26 lägenheter
722 1140 35 19 må
768 1146 37 13 var
815 1139 33 20 för
858 1140 32 25 sig
900 1139 47 20 från
958 1139 74 20 krono-

240 1170 131 26 egendomen
387 1168 27 29 !/,
432 1170 81 20 mantal
529 1170 86 20 Juresta
629 1176 25 13 nr
670 1169 14 20 4
699 1170 7 19 i
722 1169 67 20 Floda
804 1169 78 20 socken
897 1169 105 26 försäljas.

209 1224 63 20 Inom
292 1223 162 26 Östergötlands
470 1224 44 19 län:

197 1259 9 16 9
224 1254 38 20 RD
286 1253 109 27 medgiver
418 1254 127 26 försäljning
560 1260 26 13 av
602 1253 126 26 lägenheten
745 1252 104 26 Karlberg
864 1252 50 20 med
929 1253 53 20 visst
998 1259 33 14 an-

239 1284 57 25 givet
319 1283 87 21 område
425 1284 47 19 från
488 1283 200 26 kronoegendomen
706 1282 7 20 1
734 1282 81 21 mantal
831 1282 109 26 Edsberga
955 1289 25 13 nr
996 1283 14 19 4
1025 1283 7 20 i

240 1313 123 27 Landeryds
379 1313 83 21 socken.

184 1378 23 16 10
224 1374 38 20 RD
278 1373 114 26 medgiver,
410 1374 31 19 att
457 1373 125 26 lägenheten
600 1372 101 27 Hagaryd
717 1372 49 20 med
782 1372 53 20 visst
851 1372 84 26 angivet
946 1372 86 20 område

240 1404 35 19 må
290 1403 98 26 försäljas
404 1404 47 19 från
468 1402 198 26 kronoegendomen
685 1402 10 20 1
713 1402 82 20 mantal
811 1402 45 20 Tift
871 1409 25 13 nr
912 1402 12 19 3
939 1402 7 20 i
960 1402 72 20 Kärna

239 1433 77 20 socken
332 1433 68 20 under
415 1433 54 20 visst
484 1432 83 21 villkor.

183 1498 22 15 11
225 1493 37 20 RD
286 1493 113 25 medgiver,
424 1493 53 20 att
462 1487 23 36 i
499 1492 232 26 statsrådsprotokollet
752 1491 143 21 omförmälda
910 1498 37 14 sex
963 1491 68 26 lägen-

240 1523 59 20 heter
318 1529 26 14 av
360 1522 198 25 kronoegendomen
576 1522 10 20 1
605 1522 82 20 mantal
703 1522 59 20 Sund
778 1528 26 13 nr
819 1522 14 20 4
849 1521 117 26 Södergård
982 1521 50 20 med

240 1560 25 13 en
290 1552 78 27 utjord,
388 1552 60 21 Sund
464 1559 26 13 nr
506 1553 20 24 5,
542 1552 7 20 i
566 1552 117 20 Fivelstads
700 1552 78 20 socken
793 1552 36 20 må
844 1558 37 13 var
896 1552 34 19 för
945 1551 32 26 sig
992 1552 39 19 för-

240 1583 64 27 säljas
328 1582 49 21 med
400 1582 150 21 hembudsrätt
573 1582 33 20 för
628 1582 67 20 Frans
716 1581 121 21 Andersson
857 1581 33 20 till
906 1581 125 26 lägenheten

240 1612 123 25 Karlslund,
381 1612 25 20 K.
424 1612 24 20 G.
466 1612 91 20 Karlson
574 1612 33 20 till
623 1612 126 26 lägenheten
764 1611 124 24 Erikslund,
900 1611 49 20 Ivar
960 1611 71 27 Borup

239 1642 34 21 till
289 1642 125 26 lägenheten
430 1642 140 24 Sätterslund,
587 1642 18 20 J.
622 1642 24 20 E.
663 1642 28 20 H.
708 1641 47 21 Toll
771 1641 33 21 till
820 1641 126 27 lägenheten
962 1641 40 20 litt.
1014 1641 17 20 B

240 1673 39 20 och
295 1672 51 20 Erik
363 1672 127 21 Gustafsson
507 1672 33 20 till
556 1672 126 26 lägenheten
698 1671 40 21 litt.
756 1672 22 20 C.

184 1737 23 16 12
225 1733 37 20 RD
286 1732 114 26 medgiver,
424 1734 32 18 att
478 1732 7 20 i
504 1731 231 27 statsrådsprotokollet
751 1731 123 20 omförmält
890 1731 50 20 med
955 1731 41 20 litt.
1013 1731 19 20 A

240 1762 113 21 betecknat
375 1762 87 20 område
484 1769 35 13 om
542 1762 93 20 35.0230
656 1761 75 21 hektar
747 1768 26 14 av
789 1761 198 26 kronoegendomen
1004 1759 28 28 !/,

240 1792 80 20 mantal
344 1792 97 20 Duvedal
464 1799 25 13 nr
513 1792 11 20 1
549 1792 6 19 i
572 1792 80 20 Motala
670 1791 78 21 socken
768 1792 35 19 må
818 1791 34 20 till
868 1791 80 20 Motala
963 1791 69 20 lands-

239 1822 105 20 kommun
360 1822 99 26 försäljas
474 1822 34 20 för
523 1828 26 14 en
566 1821 143 26 köpeskilling
725 1828 26 13 av
767 1821 42 20 209
818 1820 43 21 400
878 1821 31 20 kr.
924 1822 31 19 att
968 1821 63 26 erläg-

239 1859 36 19 gas
298 1852 50 20 med
371 1859 26 13 en
416 1851 99 27 sgjättedel
531 1851 36 21 vid
583 1851 103 20 tillträdet
702 1851 41 20 den
760 1850 28 21 14
804 1857 56 14 mars
878 1850 57 20 1924
950 1851 40 20 och
1006 1857 26 14 en

239 1882 99 26 sjättedel
354 1882 41 20 den
413 1881 27 20 14
456 1888 56 14 mars
528 1882 59 26 varje
603 1888 26 14 av
644 1881 145 27 nästföljande
805 1881 43 20 fem
865 1881 29 20 år.

210 1942 62 20 Inom
289 1941 137 27 Kronobergs
442 1941 45 20 län:

185 1977 22 15 13
225 1972 37 20 RD
286 1971 109 26 medgiver
418 1971 127 26 försäljning
564 1977 36 14 var
618 1971 33 20 för
667 1971 31 25 sig
714 1970 49 21 med
779 1971 7 19 i
802 1970 231 27 statsrådsprotokollet

241 2002 90 25 angiven
348 2001 56 20 areal
420 2008 25 13 av
462 2001 26 20 de
504 2001 63 20 lotter
583 2007 25 14 av
624 2000 199 26 kronoegendomen
840 1998 28 30 3/,
882 2000 81 20 mantal
974 1997 58 23 Älm-

240 2031 49 21 hult
308 2038 25 13 nr
349 2032 12 19 2
381 2028 141 29 Östergården
537 2031 7 20 i
560 2031 90 20 Urshult
666 2030 83 25 socken,
761 2037 50 17 som
828 2031 13 19 å
856 2031 7 19 i
878 2030 88 20 ärendet
980 2030 52 21 före-

240 2061 51 21 tedd
306 2061 61 21 karta
383 2061 123 20 betecknats
523 2061 49 20 med
588 2061 40 20 litt.
646 2061 25 24 D,
688 2061 17 20 E
721 2060 40 21 och
777 2061 22 19 F.

1149 216 9 41 BR
1504 228 53 17 Riks-

1122 238 36 17 oc

1069 250 17 27 =
1122 257 17 28 2
1142 252 21 33 =
1181 275 45 17 Mob
1494 252 73 33 dagens
1624 258 118 18 Kamrarnas

1071 278 10 49 Zz
1123 298 16 23 2
1146 287 18 28 2
1201 277 73 16 SRoner
1302 277 46 46 Te
1363 277 42 46 SE
1508 282 47 32 skri-
1609 282 145 32 förhandlingar

1069 316 95 25 I
1501 318 62 17 velser

1064 343 17 25 3
1123 341 39 22 år
1583 355 14 2 -

1069 372 17 25 >
1123 364 35 17 23
1296 366 57 22 2»
1450 374 17 18 2
1551 374 17 18 22
1597 372 68 18 Första
1671 367 20 32 |
1699 372 53 17 Andr

1123 381 35 41 28
1184 384 86 17 SEE
1295 379 17 45 ä
1337 389 17 31 å
1390 383 17 28 2
1450 394 17 25 >
1503 383 17 27 Z
1551 394 17 25 &
1567 390 13 33 |
1594 396 71 18 kamm.
1700 374 66 47 ande

1048 468 56 20 1923

1071 620 9 11 »
1101 608 17 34 |
1128 612 25 21 11
1286 612 26 21 10
1405 613 12 20 6
1505 613 27 20 34
1598 612 155 21 110:

1071 704 8 11 >
1127 697 27 20 138
1286 696 25 21 10
1405 698 11 20 7
1505 697 27 20 35
1599 696 53 21 ESO
1680 692 20 35 ER
1700 696 32 21 BOR

1071 819 8 10 >»
1096 806 23 36 |
1126 811 29 20 44
1287 811 25 20 10
1391 811 26 21 121
1465 817 7 15 AE
1505 811 125 21 RAR0r
1642 810 125 22 60:78

1124 846 33 22 p.1

1071 939 8 10 »
1121 930 40 21 1166
1300 930 12 21 8
1390 932 27 20 431
1466 932 66 20 11255)
1557 936 10 15 61
1598 930 68 21 36:29
1691 930 33 21 138:
1737 935 39 16 130

1124 966 34 22 p.2

1071 1118 8 10 »
1119 1110 42 21 [216
1286 1110 25 20 10
1390 1111 27 20 46|
1464 1110 68 22 61302)
1558 1116 9 14 51
1598 1109 68 22 38:63
1668 1105 18 35 |
1698 1110 70 20 40:88

1124 1146 33 22 p4

1071 1255 81 20 sel
1285 1253 26 20 10
1405 1255 11 20 5
1464 1259 9 15 21
1505 1254 27 19 33)
1558 1259 7 16 il
1598 1252 53 21 11:9
1699 1252 53 22 11:6

1124 1290 33 22 p.2

1070 1381 8 10 >»
1093 1369 24 37 |
1126 1374 28 21 44
1285 1372 26 21 10
1391 1373 138 21 18:e
1542 1379 23 15 rs
1597 1371 68 21 16:18)
1699 1372 67 22 10:78

1124 1409 33 23 p.2

1070 1500 8 11 >»
1119 1493 41 21 1166
1285 1492 26 20 10
1388 1493 28 20 431
1464 1493 66 20 21255)
1556 1498 9 15 61
1596 1491 69 21 36:29
1690 1492 84 21 |38:1380

1122 1528 34 23 p.3

1071 1739 7 10 >»
1119 1732 41 21 1216
1286 1731 25 21 10
1390 1732 27 20 461
1465 1732 67 21 5302)
1557 1737 9 15 51
1597 1731 69 20 38:63
1668 1727 18 35 |
1697 1732 71 20 40:88

1123 1767 34 23 p.2

1071 1977 8 11 >
1092 1967 26 34 |
1126 1971 28 20 44
1286 1971 25 20 10
1391 1969 276 22 12:76
1700 1969 68 22 NOTE

1124 2005 34 23 p.3
