1804 2338
734 70 223 34 SAKREGISTER
1608 75 37 19 441

1099 163 98 31 Motioner
1251 163 82 31 Utskott
1499 167 91 17 Protokoll

1382 179 57 17 Skriv.

1106 221 30 17 FK
1137 204 23 44 |
1170 221 32 17 AK
1224 220 85 18 |Smilava]
1334 221 25 17 Nr
1400 208 22 12 |”)
1480 222 29 16 FK
1525 204 34 44 |
1579 221 31 17 AK

975 187 25 20 År
997 183 18 33 |
1023 191 52 21 Prop.

65 260 252 26 Grundförbättringar

110 291 45 19 och
168 291 52 20 med
234 291 176 20 utrikeshandel
424 291 44 20 och
481 291 108 20 ekonomi
601 291 8 20 i
621 290 75 25 övrigt
708 289 156 26 förknippade
877 290 76 24 spörs-

110 320 47 20 mål
168 320 149 25 möjliggöres
328 321 7 20 i
344 321 102 25 enlighet
456 321 52 20 med
518 321 131 20 motionens
660 320 82 25 syfte).

111 350 58 25 Ang.
182 350 9 23 8
204 350 27 20 49
242 356 70 15 mom.
322 350 13 21 2
346 350 38 20 RF
391 351 44 19 och
446 351 10 22 8
469 351 10 20 1
491 356 69 14 mom.
570 350 13 21 2
595 350 9 25 $
616 350 27 21 38
653 356 70 14 mom.
733 350 12 20 2
757 349 10 25 $
778 350 35 23 45,
824 349 10 24 $
846 350 27 20 55
883 355 69 15 mom.

113 380 9 20 1
135 381 61 19 samt
208 380 24 23 $$
245 380 27 20 58
282 380 43 20 och
335 380 28 20 63
373 380 40 21 RO
425 387 23 13 se
457 380 214 24 Folkomröstning.

111 410 28 20 Se
151 410 45 19 ock
208 409 214 26 Folkomröstning,
434 409 284 26 Författningsreformer,
731 409 222 25 Regeringsformer,

110 439 256 25 Riksdagsordningen,
381 439 327 25 Successionsförordningen,
725 439 155 25 Tryckfrihet.

64 497 380 21 GRUNDLÖNEFÖRORDNING.

111 527 39 20 RD
167 528 97 24 antager
280 529 88 19 statens
384 528 269 25 grundlöneförordning
669 529 60 19 samt
744 528 136 25 godkänner
896 528 57 19 kun-|
978 531 29 21 541
1027 533 42 20 217
1099 533 42 19 1557
1165 533 42 20 1715]
1248 533 13 19 6)
1284 533 199 20 —1641371129:
1500 533 84 20 15d|29:
1600 534 40 19 47d

111 557 89 24 görelse
212 563 39 14 om
263 558 89 19 ändrad
366 558 86 24 lydelse
464 563 28 14 av
504 557 28 21 20
545 558 10 23 $
570 558 9 20 1
594 563 69 15 mom.
675 558 43 19 och
730 557 28 21 32
772 557 9 24 $
796 557 55 20 1947
864 557 37 20 års
913 557 41 20 all-|
977 560 23 22 H
1099 562 44 20 558
1140 554 21 33 |
1165 563 43 19 716

111 586 87 20 männa
216 586 342 26 tjänstepensionsreglemente
576 587 44 20 den
639 587 27 20 30
684 587 52 25 juni
756 586 54 21 1947
832 587 40 23 (nr
890 586 63 25 416),
1165 592 42 20 717

112 616 139 24 kungörelse
263 622 38 14 om
314 617 89 20 ändrad
416 617 87 24 lydelse
515 623 28 14 av
557 617 23 20 11
597 617 9 23 8
622 617 8 19 1
645 623 69 14 mom.
727 617 43 20 och
782 616 25 21 21
823 617 10 23 8
848 617 54 20 1947
915 616 38 21 års
1165 622 43 20 718

111 645 120 20 allmänna
245 645 344 26 familjepensionsreglemente
602 647 44 19 den
659 647 28 20 30
699 647 52 24 juni
766 646 54 21 1947
837 647 40 23 (nr
889 646 64 24 417),

112 675 139 25 kungörelse
264 681 38 14 om
316 676 89 20 ändrad
420 676 86 25 lydelse
519 682 28 14 av
562 676 25 20 18
602 676 10 23 $
628 677 9 19 1
653 682 69 14 mom.
736 676 55 20 1947
806 676 37 20 års
856 676 97 25 tjänste-

110 705 253 25 pensionsreglemente
381 705 37 20 för
436 706 27 19 de
480 705 71 25 högre
569 706 151 20 kommunala
738 706 110 20 skolorna
865 706 44 20 den
926 706 27 20 30

110 734 53 25 juni
182 734 55 20 1947
260 735 39 22 (nr
317 735 65 23 418),
400 735 138 25 kungörelse
555 741 39 14 om
611 735 89 20 ändrad
718 735 86 25 lydelse
821 741 29 15 av
868 735 24 21 11
913 736 9 23 8
942 735 9 20 1

111 769 70 15 mom.
196 764 55 20 1947
266 764 38 20 års
318 764 344 26 familjepensionsreglemente
675 765 36 20 för
724 765 28 21 de
764 765 71 26 högre
848 765 106 20 kommu-

111 794 54 19 nala
178 794 111 20 skolorna
302 794 44 20 den
359 794 26 20 30
398 794 53 25 juni
464 794 55 21 1947
536 795 39 22 (nr
588 795 63 23 419),
664 795 138 25 kungörelse
814 801 38 14 om
864 795 89 21 ändrad

111 823 87 25 lydelse
213 829 28 14 av
257 824 26 19 17
300 824 10 23 8
328 824 9 19 1
354 830 70 14 mom.
440 822 55 22 1947
511 824 37 20 års
563 824 340 26 tjänstepensionsreglemente
918 825 36 20 för

110 853 136 20 folkskolan
264 853 44 20 den
326 853 27 20 30
370 853 53 25 juni
442 853 54 21 1947
518 854 39 23 (nr
574 854 64 24 420),
655 854 138 26 kungörelse
810 860 38 15 om
865 855 88 20 ändrad

111 882 87 25 lydelse
213 889 28 14 av
257 883 24 20 11
299 883 9 23 $
326 883 9 20 1
352 889 69 14 mom.
437 883 56 21 1947
508 883 37 21 års
560 883 343 26 familjepensionsreglemente
917 884 37 21 för

110 912 136 20 folkskolan
263 913 45 20 den
326 912 26 21 30
370 913 52 24 juni
442 913 54 20 1947
518 913 39 23 (nr
574 913 64 24 421),
655 913 138 26 kungörelse
810 920 38 14 om
865 914 88 21 ändrad

111 942 87 25 lydelse
213 948 29 14 av
257 942 26 21 16
300 942 10 23 $
328 942 8 20 1
354 948 69 14 mom.
440 942 55 21 1947
511 943 37 20 års
563 943 340 26 tjänstepensionsreglemente
918 944 36 20 för

111 971 107 21 arbetare
231 972 44 20 den
289 972 27 20 30
329 972 52 25 juni
396 972 55 20 1947
468 972 39 23 (nr
520 972 53 25 422)
590 974 60 19 samt
663 973 138 25 kungörelse
813 980 39 13 om
864 974 89 21 ändrad

111 1001 87 25 lydelse
213 1007 28 14 av
257 1001 26 20 10
299 1001 10 23 8
326 1002 9 19 1
352 1008 70 13 mom.
438 1002 55 20 1947
508 1002 38 20 års
560 1002 343 26 familjepensionsreglemente
918 1004 36 20 för

112 1030 106 21 arbetare
231 1031 44 20 den
288 1031 27 20 30
328 1031 53 25 juni
395 1031 54 21 1947
466 1032 40 22 (nr
518 1032 67 23 423);
599 1032 43 20 och
654 1032 152 26 bemyndigar
818 1033 39 20 RD
870 1033 27 21 K.
909 1033 45 21 M:t

111 1061 34 19 att
164 1060 93 25 vidtaga
276 1060 127 25 ändringar
421 1061 7 20 i
447 1062 89 19 statens
555 1061 119 21 allmänna
692 1062 262 26 avlöningsreglemente

112 1090 44 20 den
167 1090 27 20 30
205 1090 52 24 juni
270 1090 55 21 1948
339 1090 40 24 (nr
389 1090 53 24 436)
456 1092 61 19 samt
528 1091 126 25 ändringar
664 1092 7 20 i
681 1092 273 25 avlöningsreglementet

112 1119 37 20 för
163 1119 134 20 folkskolan
312 1120 44 20 den
370 1120 27 20 30
411 1120 52 24 juni
479 1120 55 21 1948
551 1120 39 24 (nr
604 1120 64 25 437),
681 1121 273 27 avlöningsreglementet

112 1149 37 20 för
162 1149 181 25 kyrkomusiker
356 1150 44 19 den
413 1150 13 20 9
438 1150 53 25 juni
505 1150 55 21 1950
577 1150 39 23 (nr
629 1150 64 25 385),
705 1151 249 26 avlöningsreglemen-

111 1179 33 20 tet
159 1178 37 20 för
211 1179 175 25 övningslärare
401 1179 45 21 den
461 1180 13 20 9
488 1179 53 25 juni
557 1180 56 20 1950
631 1180 39 23 (nr
685 1180 64 25 386),
764 1182 190 26 prästlöneregle-

112 1209 88 19 mentet
210 1209 44 19 den
264 1208 27 21 29
301 1209 52 24 juni
365 1209 54 20 1951
434 1209 40 23 (nr
483 1209 64 24 577),
557 1210 273 25 avlöningsreglementet
840 1211 36 21 för
886 1213 68 20 stats-

112 1238 159 20 understödda
286 1238 177 25 folkhögskolor
477 1239 43 20 och
535 1239 419 27 lantbruksundervisningsanstalter

111 1268 45 20 den
170 1267 27 21 27
213 1268 93 25 augusti
323 1268 53 20 1951
396 1268 40 24 (nr
450 1268 64 24 615),
528 1269 265 26 polislönereglementet
806 1271 44 20 den
866 1271 26 21 14
905 1271 47 25 maj

113 1297 57 20 1954
187 1297 40 23 (nr
242 1297 64 24 226),
321 1298 28 20 de
364 1298 79 25 övriga
458 1298 175 26 författningar,
647 1305 50 14 som
712 1299 130 22 innehåller
855 1301 99 21 bestäm-

111 1327 84 20 melser
213 1333 39 14 om
270 1327 119 25 sjuklöne-
407 1328 43 19 och
468 1328 253 25 sjukvårdsförmåner,
740 1330 215 26 SPA-reglementet

111 1357 45 20 den
169 1356 28 20 29
211 1357 49 20 dec.
275 1357 55 20 1949
347 1357 40 23 (nr
401 1357 63 24 726),
477 1357 351 27 tjänstepensionsreglementet
842 1360 36 21 för
890 1361 64 25 präs-

112 1387 35 19 ter
162 1386 45 20 den
223 1386 27 21 20
266 1387 57 24 sept.
341 1387 52 20 1951
415 1387 39 23 (nr
469 1387 64 24 667),
549 1387 354 28 familjepensionsreglementet
918 1391 37 20 för

112 1416 92 24 präster
215 1415 45 20 den
272 1416 27 20 20
312 1417 57 24 sept.
383 1416 52 20 1951
453 1416 40 24 (nr
504 1417 54 23 668)
574 1419 60 19 samt
645 1418 27 20 de
684 1419 158 21 summariska
853 1420 101 20 arbetar-

112 1445 321 25 pensionsbestämmelserna
452 1447 43 20 och
515 1447 107 25 gällande
641 1448 313 26 omregleringsbestämmel-

112 1481 44 17 ser,
168 1476 34 19 att
214 1475 106 21 meddela
331 1475 176 21 bestämmelser
518 1482 38 14 om
567 1476 247 25 sjukvårdsförmåner
825 1480 35 19 till
871 1479 84 21 befatt-

112 1505 157 25 ningshavare
280 1505 174 20 underkastade
466 1506 265 25 polislönereglementet
742 1508 44 20 den
800 1509 26 19 14
837 1509 47 25 maj
899 1510 56 20 1954

115 1534 40 23 (nr
167 1534 65 24 226),
244 1534 78 21 därest
334 1535 79 25 dylika
425 1535 148 21 föreskrifter
584 1536 20 25 ej
618 1542 67 15 anses
696 1536 57 22 böra
764 1538 91 25 intagas
865 1539 8 20 i
884 1539 71 25 regle-

111 1564 89 20 mentet
218 1565 61 19 samt
298 1565 34 19 att
350 1564 106 20 meddela
473 1564 176 22 bestämmelser
666 1572 38 14 om
722 1567 179 24 kompensation
919 1569 36 21 för

113 1593 132 25 avgifterna
254 1594 35 20 till
299 1594 45 20 den
353 1594 120 20 allmänna
483 1594 228 27 sjukförsäkringen,
721 1603 30 14 m.
761 1603 29 14 m.

113 1623 28 20 Se
150 1623 44 20 ock
203 1623 152 25 Lönetillägg,
364 1623 146 25 Riksdagens
521 1624 56 20 verk
589 1625 70 23 (1954
667 1626 42 23 H).

66 1681 207 25 GRUNDSTRÖM,
289 1682 21 20 H
324 1688 15 18 .;
356 1689 24 14 se
390 1683 178 25 Prästerskapet
582 1684 123 25 (1960::2).

67 1735 250 25 GRUNDVATTNET;
333 1742 24 14 se
365 1736 203 25 Interpellationer
581 1737 78 24 (1956:
671 1738 48 24 86):

67 1788 164 24 GRUSTÄKT;
247 1795 24 14 se
283 1789 76 20 Enkla
371 1789 80 25 frågor
467 1789 79 24 (1955:
559 1790 47 24 18),
617 1790 80 26 Sand-,
709 1797 65 18 grus-
786 1792 43 20 och
842 1792 111 25 stentäkt,

111 1818 154 25 Naturskydd
279 1819 79 23 (1958:
370 1819 33 24 4).

67 1871 161 24 GRUSASAR;
250 1878 23 14 se
282 1872 203 25 Interpellationer
498 1873 78 23 (1956:
588 1874 48 23 86).

67 1924 304 25 GRUVHANTERINGEN;
390 1932 24 14 se
423 1925 153 21 Skatteväsen
590 1926 78 24 (1954:
681 1928 47 23 21).

67 1977 128 20 GRUVOR.

86 2012 7 14 1
112 2007 45 20 Till
171 2007 63 21 vissa
248 2007 126 21 kostnader
387 2008 37 20 för
437 2009 89 20 statens
539 2010 171 24 gruvegendom
723 2010 93 21 anvisas
829 2011 27 20 40
865 2011 42 21 000
920 2012 35 20 kr.
958 2003 15 37 |
980 2010 27 22 51|
1027 2011 50 21 1:12]
1120 2024 26 3 —|
1185 2024 27 3 —LI
1250 2013 13 20 6)
1286 2024 26 3 —|
1342 2012 27 21 101
1407 2012 78 21 10110:
1501 2016 21 16 85
1551 2012 73 21 |10:104

1041 2046 22 16 27
1360 2047 10 15 9

84 2074 10 15 2
112 2069 45 20 Till
170 2069 135 26 utbyggnad
318 2076 29 14 av
359 2071 76 20 staten
446 2071 119 25 tillhöriga
577 2073 227 25 gruvanläggningar
815 2073 7 20 i
834 2073 61 20 Malå
907 2079 48 14 soc-|
980 2070 27 21 51
1030 2072 43 20 129
1082 2065 24 38 |
1120 2084 26 2 —|
1185 2084 26 3 —I
1250 2072 14 20 6)
1285 2071 238 21 —|1081193117:124
1552 2072 34 20 118:
1602 2076 22 15 35

114 2099 45 20 ken
169 2105 30 15 m.
209 2105 30 14 m.
249 2100 94 20 anvisas
354 2100 9 20 1
375 2100 41 21 500
426 2100 42 21 000
477 2100 35 21 kr.
