1894 2388
1664 100 40 20 661

121 279 173 26 Kyrkomusiker.

149 316 19 19 2.
185 315 42 20 RD
241 316 91 25 antager
344 315 35 26 lag
392 320 49 21 ang.
455 314 92 26 ändring
559 314 7 20 i
578 314 63 26 lagen
655 314 41 20 den
709 314 27 20 30
748 314 87 26 augusti
850 314 53 20 1932
916 314 34 26 (nr
962 314 50 26 404)
1034 315 11 10 15

121 352 36 13 om
167 345 124 26 kyrkofond
302 346 58 18 samt
370 344 34 26 lag
415 350 35 14 om
460 344 92 26 ändring
561 344 7 20 i
578 344 62 26 lagen
651 343 42 21 den
704 344 25 20 16
740 344 45 19 okt.
798 344 52 20 1908
861 344 35 25 (nr
907 344 45 23 110,
964 350 16 14 s.
992 344 20 26 1)

121 380 49 21 ang.
187 375 94 26 lindring
296 374 7 20 i
318 374 137 20 främmande
471 374 182 20 trosbekännares
668 373 188 27 skattskyldighet
871 373 33 20 till
920 374 92 20 svenska

120 405 87 26 kyrkan
223 406 59 18 samt
297 405 81 19 hennes
394 404 139 26 prästerskap
550 403 40 20 och
606 403 121 26 betjäning;
744 404 40 19 och
800 403 96 20 besluter
912 403 49 24 RD,
978 405 35 19 att

121 435 42 20 den
176 440 43 20 nya
231 433 344 27 kyrkomusikerorganisationen
587 433 55 20 skall
654 433 64 20 träda
730 433 7 20 i
749 433 60 20 kraft
821 433 42 20 den
876 433 9 20 1
899 433 39 26 juli
952 433 59 24 1950,

122 464 55 21 dock
193 465 35 19 att
244 464 41 20 den
300 464 54 20 skall
370 464 34 19 för
418 463 61 26 varje
495 463 88 20 särskilt
597 462 258 27 kyrkomusikerdistrikt
869 463 64 20 träda
949 463 7 20 i
970 463 43 20 till-

122 494 113 26 lämpning
252 494 55 19 först
324 494 26 19 fr.
361 500 18 13 o.
390 499 29 14 m.
437 493 109 20 månaden
565 494 50 19 näst
632 492 55 21 efter
705 492 48 24 den,
773 492 27 20 då
818 492 194 27 lagakraftägande

122 524 71 20 beslut
210 523 112 26 föreligger
339 529 35 14 om
391 522 239 27 distriktsindelningen
646 522 39 20 och
699 522 159 26 tjänstetypen,
870 522 143 27 bemyndigar

122 553 64 21 KM:t
201 554 34 19 att
249 553 100 20 meddela
365 552 164 21 bestämmelser
542 553 41 19 rör.
599 552 150 26 fördelningen
763 552 79 20 mellan
858 553 100 26 pastorat
973 553 39 20 och

121 583 127 25 församling
263 589 28 13 av
307 583 149 19 kostnaderna
472 582 33 19 för
520 582 207 25 kyrkomusikernas
742 582 147 23 verksamhet,
907 582 40 19 och
963 587 48 21 ang.

121 612 166 26 lönetillgångar
304 612 37 20 vid
358 611 244 27 kyrkomusikertjänst,
620 611 118 26 medgiver,
755 612 36 19 att
807 611 153 26 övergångsvis
977 613 35 18 ut-

120 642 83 25 gående
216 641 169 26 kantorstillägg
398 641 33 20 till
444 641 86 23 kantor,
545 647 46 14 som
605 641 112 26 förflyttas
730 640 33 20 till
777 640 55 21 folk-
845 641 51 20 eller
908 641 104 20 småskol-

120 671 136 26 lärartjänst,
273 672 36 19 må
326 671 107 20 bestridas
449 671 48 20 från
514 670 190 26 förslagsanslaget
719 670 33 20 till
768 670 77 27 bidrag
860 670 34 20 till
910 671 102 26 avlöning

120 701 24 20 åt
158 701 70 20 lärare
242 701 37 20 vid
294 701 118 19 folkskolor
426 702 58 18 samt
498 700 143 26 bemyndigar
655 700 65 20 KM:t
734 702 35 18 att
782 700 100 20 meddela
897 700 26 20 de
938 700 73 27 övriga

120 731 142 23 föreskrifter,
274 737 46 13 som
332 730 123 20 föranledas
467 736 28 14 av
506 730 198 26 tjänstereformen.

150 761 26 20 Se
185 761 40 19 ock
233 760 251 26 Avlöningsreglementen
494 760 70 25 (1950:
577 759 27 26 3),
614 759 279 27 Kommunalförfattningar
902 759 69 27 (1950:
984 760 26 26 9),

120 790 166 20 Pensionsväsen
300 790 70 26 (1950:
383 789 40 27 19),
435 789 157 27 Prästerskapet
605 789 70 26 (1947:
688 789 26 27 4).

120 851 200 25 KYRKOMÖTET.

149 897 42 20 RD
206 897 103 23 besluter,
324 896 45 21 dels
383 898 34 18 att
430 896 98 20 ledamot
541 902 28 14 av
582 896 92 20 allmänt
687 896 137 26 kyrkomöte,
839 902 47 14 som
900 898 24 18 är
936 896 75 20 bosatt

120 927 12 20 å
143 933 73 13 annan
228 928 35 18 ort
273 928 28 19 än
313 926 39 20 där
361 926 143 26 kyrkomötet
514 926 73 23 hålles,
599 926 35 20 må
645 932 28 14 av
684 926 127 20 statsmedel
822 926 37 20 vid
869 932 47 14 resa
927 926 33 20 till
971 927 39 19 och

121 956 49 20 från
189 956 143 26 kyrkomötet
351 956 88 26 åtnjuta
458 956 122 26 ersättning
598 956 34 19 för
651 956 68 19 därav
737 956 114 20 föranledd
869 956 141 20 resekostnad

119 986 70 26 jämte
203 987 34 19 ett
251 986 192 26 dagtraktamente
458 992 28 13 av
500 985 26 21 25
541 985 32 20 kr.
589 985 33 20 för
636 985 91 20 vardera
742 991 63 14 resan
819 987 104 18 ävensom
938 985 6 20 i
960 985 51 27 dag-

120 1016 150 20 traktamente
283 1015 68 20 under
362 1015 142 26 kyrkomötet
517 1015 99 26 uppbära
628 1015 26 20 33
667 1015 32 23 kr,
712 1015 70 20 vilket
793 1015 149 20 traktamente
956 1015 54 20 dock

120 1045 18 26 ej
150 1045 35 20 må
195 1045 109 26 överstiga
313 1044 147 27 sammanlagt
469 1044 41 20 990
519 1045 40 23 kr.,
571 1044 44 20 dels
626 1045 39 19 ock
675 1046 35 18 att
718 1044 98 20 ledamot
825 1050 27 14 av
862 1045 147 25 kyrkomötet,

120 1081 46 14 som
179 1076 24 19 är
215 1075 75 20 bosatt
303 1075 12 20 å
329 1076 34 18 ort
376 1074 39 20 där
427 1074 142 26 kyrkomötet
582 1074 74 23 hålles,
669 1074 36 20 må
718 1074 7 20 i
738 1074 192 26 dagtraktamente
943 1074 68 21 under

119 1104 143 26 kyrkomötet
277 1104 99 26 uppbära
393 1104 26 20 25
435 1104 40 23 kr.,
492 1104 69 20 vilket
576 1104 150 20 traktamente
742 1104 56 20 dock
813 1104 18 26 ej
849 1104 36 20 må
901 1104 108 27 överstiga

119 1134 147 26 sammanlagt
277 1134 41 20 750
329 1134 32 20 kr.

149 1181 18 21 1.
184 1181 75 21 Under
278 1181 159 26 förutsättning
456 1187 28 14 av
503 1181 61 20 bifall
582 1180 33 21 till
634 1180 80 27 förslag
733 1187 35 13 om
786 1181 126 20 inrättande
931 1187 28 14 av
978 1183 33 19 ett

120 1211 88 20 särskilt
221 1211 49 20 stift
284 1211 33 20 för
331 1211 127 20 Stockholm
471 1211 70 26 jämte
554 1210 58 21 vissa
625 1210 164 27 kringliggande
803 1211 103 20 områden
920 1213 91 25 antager

120 1241 42 20 RD
178 1241 35 26 lag
228 1247 34 13 om
278 1241 84 20 ändrad
376 1240 81 27 lydelse
472 1247 28 14 av
514 1241 21 25 $$
549 1241 20 23 2,
584 1240 13 20 4
612 1240 39 20 och
666 1241 12 20 5
693 1240 153 27 förordningen
862 1241 41 20 den
919 1241 25 20 16
958 1247 50 14 nov.

122 1270 52 20 1863
185 1270 34 26 (nr
229 1271 33 23 61,
273 1277 16 13 s.
300 1270 21 27 3)
331 1276 49 20 ang.
391 1270 92 20 allmänt
492 1270 137 26 kyrkomöte.

147 1300 20 20 2.
184 1301 42 19 RD
246 1300 102 24 besluter,
369 1301 35 19 att
423 1300 34 20 till
475 1300 101 26 gällande
595 1300 164 20 bestämmelser
777 1305 49 21 ang.
846 1300 122 27 ersättning
987 1301 24 20 åt

119 1330 98 20 ledamot
232 1336 28 13 av
276 1330 92 20 allmänt
383 1330 131 26 kyrkomöte
530 1329 54 20 skall
600 1330 61 26 fogas
677 1331 33 19 ett
724 1330 76 26 tillägg
815 1336 28 14 av
858 1330 102 24 innehåll,
976 1332 35 19 att

119 1360 105 23 ledamot,
238 1366 46 13 som
298 1359 71 20 tillika
383 1361 80 18 utövar
476 1359 282 27 riksdagsmannauppdrag
772 1360 40 19 och
827 1359 73 21 därför
913 1360 98 26 åtnjuter

120 1389 88 24 arvode,
222 1389 55 20 skall
290 1389 6 20 i
310 1389 192 26 dagtraktamente
515 1389 69 20 under
596 1389 142 26 kyrkomötet
751 1389 99 26 uppbära
863 1389 13 20 6
888 1390 40 23 kr.,
942 1390 69 20 vilket

120 1419 150 20 traktamente
283 1419 55 20 dock
351 1419 18 26 ej
383 1419 36 20 må
432 1419 108 26 överstiga
553 1419 146 26 sammanlagt
712 1419 39 20 180
763 1419 32 20 kr.

149 1466 42 20 RD
203 1466 98 20 anhåller
312 1472 35 14 om
360 1466 116 26 utredning
488 1466 40 20 och
540 1466 79 26 förslag
630 1466 33 20 till
675 1466 96 20 ändrade
782 1466 94 26 grunder
887 1466 33 21 för
931 1467 80 26 kyrko-

120 1497 80 19 mötets
213 1496 200 26 sammansättning
425 1496 7 20 i
445 1496 146 26 huvudsaklig
604 1496 125 26 anslutning
742 1496 32 20 till
787 1496 43 20 vad
842 1496 169 20 konstitutions-

119 1526 111 19 utskottet
242 1525 80 20 anfört.

148 1567 42 20 RD
202 1567 88 20 anvisar
302 1567 32 20 till
346 1567 93 20 allmänt
449 1567 131 26 kyrkomöte
593 1567 39 20 130
641 1567 41 20 000
692 1567 32 20 kr.
738 1567 32 26 (f).

148 1638 42 20 RD
203 1638 101 24 besluter,
317 1639 35 19 att
362 1638 71 26 tredje
444 1638 88 26 stycket
542 1638 143 26 kungörelsen
697 1638 41 20 den
750 1639 26 19 27
788 1644 50 14 nov.
852 1638 52 20 1942
916 1638 34 26 (nr
961 1638 49 27 951)

120 1673 49 21 ang.
181 1668 122 26 ersättning
313 1668 24 20 åt
348 1668 97 20 ledamot
456 1674 27 14 av
495 1668 92 20 allmänt
597 1668 131 26 kyrkomöte
739 1668 55 20 skall
805 1668 57 20 hava
872 1668 44 20 viss
927 1668 83 20 ändrad

119 1697 82 27 lydelse
214 1697 99 27 (höjning
325 1704 28 14 av
366 1698 204 26 dagtraktamentet
582 1698 32 20 till
626 1697 97 21 ledamot
735 1704 28 14 av
775 1698 157 26 kyrkomötet).

149 1739 18 20 1.
185 1739 41 20 RD
241 1739 101 24 besluter,
357 1741 35 18 att
404 1739 98 21 ledamot
515 1746 28 13 av
556 1739 93 21 allmänt
661 1739 138 27 kyrkomöte,
813 1746 47 14 som
873 1741 24 19 är
910 1740 75 20 bosatt
998 1740 12 20 å

120 1775 73 14 annan
212 1770 34 19 ort
263 1771 28 18 än
310 1769 39 20 där
365 1769 144 26 kyrkomötet
526 1769 73 23 hålles,
618 1769 62 24 skall,
699 1775 35 14 om
752 1770 43 20 han
813 1769 69 20 under
899 1770 112 26 pågående

120 1799 131 26 kyrkomöte
269 1799 55 20 efter
342 1799 96 26 beviljad
455 1799 97 26 ledighet
569 1799 90 20 besöker
677 1799 120 24 hemorten,
816 1801 40 24 äga
874 1799 88 26 åtnjuta
979 1805 32 14 er-

120 1829 98 25 sättning
231 1829 33 19 för
277 1829 68 20 därav
358 1828 114 21 föranledd
485 1829 149 23 resekostnad,
648 1829 55 20 dock
717 1829 78 20 endast
807 1829 33 20 för
853 1835 26 14 en
892 1835 54 17 resa,
960 1829 51 26 god-

120 1858 84 20 känner
221 1858 26 20 de
264 1858 94 26 grunder
375 1858 34 20 för
426 1858 276 26 resekostnadsersättning
719 1859 24 19 åt
760 1858 97 20 ledamot
873 1864 29 15 av
919 1859 93 20 allmänt

120 1888 139 25 kyrkomöte,
274 1893 46 15 som
335 1888 90 26 angivas
440 1888 6 20 i
461 1894 26 14 en
502 1888 7 20 i
524 1894 60 20 prop.
601 1888 130 20 omförmäld
745 1888 144 26 promemoria
904 1890 58 18 samt
976 1889 35 20 be-

120 1917 75 24 sluter,
209 1919 35 18 att
258 1918 207 25 dagtraktamenten
480 1918 40 19 och
533 1918 300 26 resekostnadsersättningar
846 1918 33 20 till
892 1918 120 20 ledamöter

121 1953 28 14 av
161 1947 93 20 allmänt
265 1947 130 26 kyrkomöte
408 1947 67 23 skola,
489 1947 67 20 sedan
568 1947 88 27 ingivna
669 1947 117 26 räkningar
797 1948 115 26 granskats
925 1948 12 20 å
950 1948 61 20 RD:s

121 1977 163 26 ekonomibyrå,
298 1977 110 20 utbetalas
419 1983 29 14 av
459 1977 210 26 riksgäldskontoret
680 1978 58 19 samt
749 1979 35 18 att
795 1977 74 26 övriga
880 1984 29 13 av
920 1977 92 21 allmänt

120 2006 131 26 kyrkomöte
263 2006 126 20 föranledda
400 2006 120 21 kostnader
528 2007 68 23 skola,
605 2007 67 20 sedan
682 2007 26 20 de
717 2007 64 20 blivit
790 2007 38 20 hos
838 2007 63 20 KM:t
910 2007 101 20 anmälda

121 2036 40 19 och
180 2036 33 19 till
232 2036 139 26 utbetalning
389 2036 39 20 hos
446 2036 161 20 statskontoret
625 2036 111 24 anvisade,
756 2043 28 14 av
802 2037 210 26 riksgäldskontoret

120 2065 56 20 efter
187 2065 95 20 erhållna
294 2066 153 19 rekvisitioner
457 2067 112 25 gottgöras
581 2066 166 20 statskontoret.

148 2095 20 20 2.
186 2095 41 20 RD
239 2095 87 20 anvisar
336 2095 33 20 till
380 2095 93 21 allmänt
482 2096 131 26 kyrkomöte
626 2096 39 20 140
673 2096 41 20 000
724 2096 32 20 kr.
768 2096 33 26 (f).

1168 190 91 16 Motioner
1306 186 89 30 Utskott
1440 186 51 36 Skriv.
1557 189 95 17 Protokoll

1033 210 26 20 År
1057 206 16 32 |
1080 214 55 20 Prop.
1457 214 39 28 öd

1162 244 33 16 FK
1201 240 19 29 |
1225 244 35 16 AK
1282 244 85 16 |SmllAvd|
1390 244 27 16 Nr
1536 244 32 16 FK
1634 243 36 16 AK

1033 315 27 20 501
1088 315 37 20 231
1173 327 27 2 —lI
1238 327 27 2 —]
1300 315 12 20 91
1350 315 8 19 11
1399 315 184 20 291352120:93
1589 310 22 35 |
1615 314 33 20 21:
1660 316 24 18 82

1031 897 25 20 411]
1100 909 27 2 —
1133 893 18 34 I
1171 897 92 20 —13001
1298 897 61 20 8I—]
1397 897 90 20 551357]
1513 897 32 20 37:
1557 899 25 17 64
1590 893 18 34 |
1613 897 33 19 37:
1658 899 24 17 93

1031 1182 27 20 421
1101 1182 25 20 13]
1160 1182 38 20 112]
1235 1194 28 2 —I
1298 1182 12 21 51
1345 1182 13 20 2
1412 1182 73 20 1:1:.:61
1514 1181 168 21 l11:;885111:169

1041 1307 8 13 »
1099 1313 28 2 —I
1170 1313 28 3 —!I
1235 1313 28 3 —|
1297 1301 61 20 81|—]|
1396 1301 185 20 481291120:96
1589 1296 18 35 |
1613 1300 69 20 21:14

1031 1467 27 20 44|
1099 1479 28 3 —
1157 1467 41 20 1230]
1236 1479 28 3 —I
1298 1468 12 20 51
1346 1468 12 19 21
1398 1467 90 20 111179
1508 1467 189 20 112:124d/12:142d

1031 1568 103 20 4611:14]
1172 1580 27 3 —!I
1236 1580 28 3 —I1I
1298 1569 61 20 8|—]|
1397 1568 26 20 661
1448 1568 119 20 413128:1
1614 1568 68 20 1|29:26

1085 1602 22 20 pt
1117 1600 10 17 8
1385 1605 15 12 8.
1412 1600 10 17 5

1031 1639 27 20 47|l
1100 1651 28 3 —|
1171 1651 28 3 —I
1236 1651 28 3 —I
1298 1640 61 20 8|—]|
1399 1640 24 20 151]
1462 1639 84 21 84113:
1558 1641 24 18 49
1590 1635 18 34 |
1616 1639 31 20 13:
1659 1641 24 17 75

1031 1741 27 19 481
1088 1741 38 20 133
1137 1736 26 34 |
1171 1753 28 2 —|
1236 1753 28 2 —I|
1298 1741 61 20 81--1|
1397 1741 26 19 271
1450 1740 96 20 184116:
1558 1742 24 18 48
1590 1736 18 34 |
1616 1740 31 20 16:
1662 1742 36 18 105

1042 2102 9 14 »
1082 2096 53 21 [1:17]
1171 2108 28 3 —|
1236 2108 28 3 —I
1298 2096 62 20 8|—]|
1397 2096 27 20 441
1448 2096 98 20 318124:
1558 2098 24 17 88
1586 2092 22 34 |
1615 2096 33 20 24:
1659 2097 23 18 81

1086 2129 22 20 pt
1118 2128 10 17 9
1385 2133 15 12 s.
1412 2128 11 17 3
