<?xml version="1.0" encoding="UTF-8"?>
<alto xmlns="http://www.loc.gov/standards/alto/ns-v3#" xmlns:xlink="http://www.w3.org/1999/xlink" xmlns:xsi="http://www.w3.org/2001/XMLSchema-instance" xsi:schemaLocation="http://www.loc.gov/standards/alto/ns-v3# http://www.loc.gov/alto/v3/alto-3-0.xsd">
	<Description>
		<MeasurementUnit>pixel</MeasurementUnit>
		<sourceImageInformation>
			<fileName></fileName>
		</sourceImageInformation>
		<OCRProcessing ID="OCR_0">
			<ocrProcessingStep>
				<processingSoftware>
					<softwareName>tesseract 4.1.1</softwareName>
				</processingSoftware>
			</ocrProcessingStep>
		</OCRProcessing>
	</Description>
	<Layout>
		<Page WIDTH="1797" HEIGHT="2333" PHYSICAL_IMG_NR="0" ID="page_0">
			<PrintSpace HPOS="0" VPOS="0" WIDTH="1797" HEIGHT="2333">
				<ComposedBlock ID="cblock_0" HPOS="0" VPOS="553" WIDTH="9" HEIGHT="1342">
					<TextBlock ID="block_0" HPOS="0" VPOS="553" WIDTH="9" HEIGHT="1342">
						<TextLine ID="line_0" HPOS="0" VPOS="553" WIDTH="9" HEIGHT="1342">
							<String ID="string_0" HPOS="0" VPOS="553" WIDTH="9" HEIGHT="1342" WC="0.95" CONTENT=" "/>
						</TextLine>
					</TextBlock>
				</ComposedBlock>
				<ComposedBlock ID="cblock_1" HPOS="705" VPOS="0" WIDTH="1077" HEIGHT="8">
					<TextBlock ID="block_1" HPOS="705" VPOS="0" WIDTH="1077" HEIGHT="8">
						<TextLine ID="line_1" HPOS="705" VPOS="0" WIDTH="1077" HEIGHT="8">
							<String ID="string_1" HPOS="705" VPOS="0" WIDTH="1077" HEIGHT="8" WC="0.95" CONTENT=" "/>
						</TextLine>
					</TextBlock>
				</ComposedBlock>
				<ComposedBlock ID="cblock_2" HPOS="142" VPOS="67" WIDTH="910" HEIGHT="23">
					<TextBlock ID="block_2" HPOS="142" VPOS="67" WIDTH="910" HEIGHT="23">
						<TextLine ID="line_2" HPOS="142" VPOS="67" WIDTH="910" HEIGHT="23">
							<String ID="string_2" HPOS="142" VPOS="68" WIDTH="28" HEIGHT="22" WC="0.96" CONTENT="86"/><SP WIDTH="660" VPOS="68" HPOS="170"/>
							<String ID="string_3" HPOS="830" VPOS="67" WIDTH="222" HEIGHT="21" WC="0.88" CONTENT="SAKREGISTER"/>
						</TextLine>
					</TextBlock>
				</ComposedBlock>
				<ComposedBlock ID="cblock_3" HPOS="142" VPOS="133" WIDTH="1597" HEIGHT="9">
					<TextBlock ID="block_3" HPOS="142" VPOS="133" WIDTH="1597" HEIGHT="9">
						<TextLine ID="line_3" HPOS="142" VPOS="133" WIDTH="1597" HEIGHT="9">
							<String ID="string_4" HPOS="142" VPOS="133" WIDTH="1597" HEIGHT="9" WC="0.95" CONTENT=" "/>
						</TextLine>
					</TextBlock>
				</ComposedBlock>
				<ComposedBlock ID="cblock_4" HPOS="160" VPOS="253" WIDTH="887" HEIGHT="1240">
					<TextBlock ID="block_4" HPOS="160" VPOS="253" WIDTH="887" HEIGHT="85">
						<TextLine ID="line_4" HPOS="160" VPOS="253" WIDTH="380" HEIGHT="26">
							<String ID="string_5" HPOS="160" VPOS="253" WIDTH="187" HEIGHT="25" WC="0.96" CONTENT="Avskrivningar"/><SP WIDTH="10" VPOS="253" HPOS="347"/>
							<String ID="string_6" HPOS="357" VPOS="254" WIDTH="43" HEIGHT="20" WC="0.95" CONTENT="och"/><SP WIDTH="10" VPOS="254" HPOS="400"/>
							<String ID="string_7" HPOS="410" VPOS="254" WIDTH="130" HEIGHT="25" WC="0.95" CONTENT="eftergifter"/>
						</TextLine>
						<TextLine ID="line_5" HPOS="204" VPOS="283" WIDTH="843" HEIGHT="26">
							<String ID="string_8" HPOS="204" VPOS="284" WIDTH="79" HEIGHT="20" WC="0.96" CONTENT="ämnet"/><SP WIDTH="12" VPOS="284" HPOS="283"/>
							<String ID="string_9" HPOS="295" VPOS="284" WIDTH="108" HEIGHT="24" WC="0.92" CONTENT="gällande"/><SP WIDTH="12" VPOS="284" HPOS="403"/>
							<String ID="string_10" HPOS="415" VPOS="284" WIDTH="211" HEIGHT="25" WC="0.91" CONTENT="ansvarsreglerna,"/><SP WIDTH="12" VPOS="284" HPOS="626"/>
							<String ID="string_11" HPOS="638" VPOS="284" WIDTH="42" HEIGHT="20" WC="0.95" CONTENT="allt"/><SP WIDTH="11" VPOS="284" HPOS="680"/>
							<String ID="string_12" HPOS="691" VPOS="284" WIDTH="7" HEIGHT="20" WC="0.95" CONTENT="i"/><SP WIDTH="13" VPOS="284" HPOS="698"/>
							<String ID="string_13" HPOS="711" VPOS="284" WIDTH="44" HEIGHT="20" WC="0.96" CONTENT="den"/><SP WIDTH="13" VPOS="284" HPOS="755"/>
							<String ID="string_14" HPOS="768" VPOS="283" WIDTH="54" HEIGHT="20" WC="0.96" CONTENT="mån"/><SP WIDTH="13" VPOS="283" HPOS="822"/>
							<String ID="string_15" HPOS="835" VPOS="283" WIDTH="103" HEIGHT="20" WC="0.94" CONTENT="kronans"/><SP WIDTH="12" VPOS="283" HPOS="938"/>
							<String ID="string_16" HPOS="950" VPOS="283" WIDTH="97" HEIGHT="20" WC="0.94" CONTENT="fordran"/>
						</TextLine>
						<TextLine ID="line_6" HPOS="203" VPOS="313" WIDTH="622" HEIGHT="25">
							<String ID="string_17" HPOS="203" VPOS="313" WIDTH="7" HEIGHT="20" WC="0.96" CONTENT="i"/><SP WIDTH="10" VPOS="313" HPOS="210"/>
							<String ID="string_18" HPOS="220" VPOS="313" WIDTH="39" HEIGHT="20" WC="0.96" CONTENT="det"/><SP WIDTH="9" VPOS="313" HPOS="259"/>
							<String ID="string_19" HPOS="268" VPOS="313" WIDTH="116" HEIGHT="20" WC="0.96" CONTENT="särskilda"/><SP WIDTH="10" VPOS="313" HPOS="384"/>
							<String ID="string_20" HPOS="394" VPOS="313" WIDTH="65" HEIGHT="21" WC="0.96" CONTENT="fallet"/><SP WIDTH="9" VPOS="313" HPOS="459"/>
							<String ID="string_21" HPOS="468" VPOS="313" WIDTH="51" HEIGHT="21" WC="0.96" CONTENT="icke"/><SP WIDTH="9" VPOS="313" HPOS="519"/>
							<String ID="string_22" HPOS="528" VPOS="314" WIDTH="126" HEIGHT="24" WC="0.93" CONTENT="överstiger"/><SP WIDTH="10" VPOS="314" HPOS="654"/>
							<String ID="string_23" HPOS="664" VPOS="313" WIDTH="117" HEIGHT="20" WC="0.91" CONTENT="femtusen"/><SP WIDTH="9" VPOS="313" HPOS="781"/>
							<String ID="string_24" HPOS="790" VPOS="313" WIDTH="35" HEIGHT="20" WC="0.96" CONTENT="kr."/>
						</TextLine>
					</TextBlock>
					<TextBlock ID="block_5" HPOS="176" VPOS="342" WIDTH="871" HEIGHT="352">
						<TextLine ID="line_7" HPOS="176" VPOS="342" WIDTH="871" HEIGHT="26">
							<String ID="string_25" HPOS="176" VPOS="348" WIDTH="9" HEIGHT="14" WC="0.83" CONTENT="5"/><SP WIDTH="19" VPOS="348" HPOS="185"/>
							<String ID="string_26" HPOS="204" VPOS="343" WIDTH="39" HEIGHT="20" WC="0.88" CONTENT="RD"/><SP WIDTH="13" VPOS="343" HPOS="243"/>
							<String ID="string_27" HPOS="256" VPOS="343" WIDTH="125" HEIGHT="25" WC="0.91" CONTENT="medgiver,"/><SP WIDTH="12" VPOS="343" HPOS="381"/>
							<String ID="string_28" HPOS="393" VPOS="344" WIDTH="34" HEIGHT="19" WC="0.93" CONTENT="att"/><SP WIDTH="12" VPOS="344" HPOS="427"/>
							<String ID="string_29" HPOS="439" VPOS="343" WIDTH="26" HEIGHT="20" WC="0.92" CONTENT="K."/><SP WIDTH="12" VPOS="343" HPOS="465"/>
							<String ID="string_30" HPOS="477" VPOS="343" WIDTH="46" HEIGHT="20" WC="0.96" CONTENT="M:t"/><SP WIDTH="11" VPOS="343" HPOS="523"/>
							<String ID="string_31" HPOS="534" VPOS="343" WIDTH="38" HEIGHT="20" WC="0.96" CONTENT="må"/><SP WIDTH="11" VPOS="343" HPOS="572"/>
							<String ID="string_32" HPOS="583" VPOS="343" WIDTH="140" HEIGHT="25" WC="0.96" CONTENT="bemyndiga"/><SP WIDTH="12" VPOS="343" HPOS="723"/>
							<String ID="string_33" HPOS="735" VPOS="343" WIDTH="127" HEIGHT="20" WC="0.92" CONTENT="försvarets"/><SP WIDTH="12" VPOS="343" HPOS="862"/>
							<String ID="string_34" HPOS="874" VPOS="342" WIDTH="173" HEIGHT="25" WC="0.91" CONTENT="fabriksstyrel-"/>
						</TextLine>
						<TextLine ID="line_8" HPOS="204" VPOS="372" WIDTH="843" HEIGHT="26">
							<String ID="string_35" HPOS="204" VPOS="378" WIDTH="23" HEIGHT="14" WC="0.96" CONTENT="se"/><SP WIDTH="12" VPOS="378" HPOS="227"/>
							<String ID="string_36" HPOS="239" VPOS="373" WIDTH="41" HEIGHT="23" WC="0.96" CONTENT="att,"/><SP WIDTH="10" VPOS="373" HPOS="280"/>
							<String ID="string_37" HPOS="290" VPOS="374" WIDTH="58" HEIGHT="18" WC="0.96" CONTENT="utan"/><SP WIDTH="10" VPOS="374" HPOS="348"/>
							<String ID="string_38" HPOS="358" VPOS="372" WIDTH="84" HEIGHT="20" WC="0.96" CONTENT="hinder"/><SP WIDTH="10" VPOS="372" HPOS="442"/>
							<String ID="string_39" HPOS="452" VPOS="379" WIDTH="28" HEIGHT="14" WC="0.96" CONTENT="av"/><SP WIDTH="10" VPOS="379" HPOS="480"/>
							<String ID="string_40" HPOS="490" VPOS="373" WIDTH="107" HEIGHT="25" WC="0.92" CONTENT="gällande"/><SP WIDTH="11" VPOS="373" HPOS="597"/>
							<String ID="string_41" HPOS="608" VPOS="372" WIDTH="329" HEIGHT="25" WC="0.91" CONTENT="författningsbestämmelser"/><SP WIDTH="11" VPOS="372" HPOS="937"/>
							<String ID="string_42" HPOS="948" VPOS="377" WIDTH="51" HEIGHT="20" WC="0.93" CONTENT="ang."/><SP WIDTH="11" VPOS="377" HPOS="999"/>
							<String ID="string_43" HPOS="1010" VPOS="378" WIDTH="37" HEIGHT="14" WC="0.92" CONTENT="av-"/>
						</TextLine>
						<TextLine ID="line_9" HPOS="203" VPOS="401" WIDTH="844" HEIGHT="26">
							<String ID="string_44" HPOS="203" VPOS="402" WIDTH="123" HEIGHT="25" WC="0.96" CONTENT="skrivning"/><SP WIDTH="20" VPOS="402" HPOS="326"/>
							<String ID="string_45" HPOS="346" VPOS="408" WIDTH="29" HEIGHT="14" WC="0.96" CONTENT="av"/><SP WIDTH="20" VPOS="408" HPOS="375"/>
							<String ID="string_46" HPOS="395" VPOS="402" WIDTH="103" HEIGHT="20" WC="0.96" CONTENT="kronans"/><SP WIDTH="21" VPOS="402" HPOS="498"/>
							<String ID="string_47" HPOS="519" VPOS="402" WIDTH="140" HEIGHT="25" WC="0.96" CONTENT="fordringar,"/><SP WIDTH="20" VPOS="402" HPOS="659"/>
							<String ID="string_48" HPOS="679" VPOS="402" WIDTH="91" HEIGHT="20" WC="0.96" CONTENT="besluta"/><SP WIDTH="20" VPOS="402" HPOS="770"/>
							<String ID="string_49" HPOS="790" VPOS="408" WIDTH="39" HEIGHT="14" WC="0.96" CONTENT="om"/><SP WIDTH="20" VPOS="408" HPOS="829"/>
							<String ID="string_50" HPOS="849" VPOS="401" WIDTH="151" HEIGHT="26" WC="0.96" CONTENT="avskrivning"/><SP WIDTH="20" VPOS="401" HPOS="1000"/>
							<String ID="string_51" HPOS="1020" VPOS="408" WIDTH="27" HEIGHT="14" WC="0.96" CONTENT="av"/>
						</TextLine>
						<TextLine ID="line_10" HPOS="203" VPOS="431" WIDTH="844" HEIGHT="25">
							<String ID="string_52" HPOS="203" VPOS="431" WIDTH="105" HEIGHT="24" WC="0.96" CONTENT="fordran,"/><SP WIDTH="15" VPOS="431" HPOS="308"/>
							<String ID="string_53" HPOS="323" VPOS="432" WIDTH="160" HEIGHT="24" WC="0.96" CONTENT="uppkommen"/><SP WIDTH="14" VPOS="432" HPOS="483"/>
							<String ID="string_54" HPOS="497" VPOS="432" WIDTH="64" HEIGHT="20" WC="0.93" CONTENT="inom"/><SP WIDTH="15" VPOS="432" HPOS="561"/>
							<String ID="string_55" HPOS="576" VPOS="432" WIDTH="179" HEIGHT="23" WC="0.91" CONTENT="fabriksverket,"/><SP WIDTH="14" VPOS="432" HPOS="755"/>
							<String ID="string_56" HPOS="769" VPOS="432" WIDTH="35" HEIGHT="20" WC="0.96" CONTENT="till"/><SP WIDTH="14" VPOS="432" HPOS="804"/>
							<String ID="string_57" HPOS="818" VPOS="431" WIDTH="84" HEIGHT="25" WC="0.96" CONTENT="belopp"/><SP WIDTH="14" VPOS="431" HPOS="902"/>
							<String ID="string_58" HPOS="916" VPOS="431" WIDTH="20" HEIGHT="25" WC="0.93" CONTENT="ej"/><SP WIDTH="16" VPOS="431" HPOS="936"/>
							<String ID="string_59" HPOS="952" VPOS="431" WIDTH="95" HEIGHT="20" WC="0.89" CONTENT="översti-"/>
						</TextLine>
						<TextLine ID="line_11" HPOS="203" VPOS="461" WIDTH="844" HEIGHT="26">
							<String ID="string_60" HPOS="203" VPOS="462" WIDTH="75" HEIGHT="25" WC="0.96" CONTENT="gande"/><SP WIDTH="12" VPOS="462" HPOS="278"/>
							<String ID="string_61" HPOS="290" VPOS="461" WIDTH="41" HEIGHT="20" WC="0.93" CONTENT="500"/><SP WIDTH="13" VPOS="461" HPOS="331"/>
							<String ID="string_62" HPOS="344" VPOS="461" WIDTH="42" HEIGHT="24" WC="0.92" CONTENT="kr.,"/><SP WIDTH="11" VPOS="461" HPOS="386"/>
							<String ID="string_63" HPOS="397" VPOS="461" WIDTH="148" HEIGHT="21" WC="0.96" CONTENT="beträffande"/><SP WIDTH="11" VPOS="461" HPOS="545"/>
							<String ID="string_64" HPOS="556" VPOS="461" WIDTH="78" HEIGHT="20" WC="0.96" CONTENT="vilken"/><SP WIDTH="12" VPOS="461" HPOS="634"/>
							<String ID="string_65" HPOS="646" VPOS="461" WIDTH="110" HEIGHT="25" WC="0.96" CONTENT="antingen"/><SP WIDTH="11" VPOS="461" HPOS="756"/>
							<String ID="string_66" HPOS="767" VPOS="461" WIDTH="231" HEIGHT="25" WC="0.95" CONTENT="omständigheterna"/><SP WIDTH="10" VPOS="461" HPOS="998"/>
							<String ID="string_67" HPOS="1008" VPOS="466" WIDTH="39" HEIGHT="20" WC="0.96" CONTENT="ger"/>
						</TextLine>
						<TextLine ID="line_12" HPOS="204" VPOS="491" WIDTH="843" HEIGHT="23">
							<String ID="string_68" HPOS="204" VPOS="491" WIDTH="38" HEIGHT="20" WC="0.96" CONTENT="vid"/><SP WIDTH="14" VPOS="491" HPOS="242"/>
							<String ID="string_69" HPOS="256" VPOS="491" WIDTH="101" HEIGHT="23" WC="0.96" CONTENT="handen,"/><SP WIDTH="15" VPOS="491" HPOS="357"/>
							<String ID="string_70" HPOS="372" VPOS="492" WIDTH="34" HEIGHT="19" WC="0.96" CONTENT="att"/><SP WIDTH="13" VPOS="492" HPOS="406"/>
							<String ID="string_71" HPOS="419" VPOS="491" WIDTH="173" HEIGHT="20" WC="0.96" CONTENT="vederbörande"/><SP WIDTH="13" VPOS="491" HPOS="592"/>
							<String ID="string_72" HPOS="605" VPOS="491" WIDTH="51" HEIGHT="20" WC="0.96" CONTENT="icke"/><SP WIDTH="14" VPOS="491" HPOS="656"/>
							<String ID="string_73" HPOS="670" VPOS="491" WIDTH="46" HEIGHT="20" WC="0.96" CONTENT="kan"/><SP WIDTH="14" VPOS="491" HPOS="716"/>
							<String ID="string_74" HPOS="730" VPOS="491" WIDTH="76" HEIGHT="20" WC="0.96" CONTENT="betala"/><SP WIDTH="14" VPOS="491" HPOS="806"/>
							<String ID="string_75" HPOS="820" VPOS="491" WIDTH="36" HEIGHT="20" WC="0.96" CONTENT="sin"/><SP WIDTH="14" VPOS="491" HPOS="856"/>
							<String ID="string_76" HPOS="870" VPOS="491" WIDTH="69" HEIGHT="20" WC="0.95" CONTENT="skuld"/><SP WIDTH="13" VPOS="491" HPOS="939"/>
							<String ID="string_77" HPOS="952" VPOS="491" WIDTH="44" HEIGHT="20" WC="0.93" CONTENT="och"/><SP WIDTH="13" VPOS="491" HPOS="996"/>
							<String ID="string_78" HPOS="1009" VPOS="497" WIDTH="38" HEIGHT="14" WC="0.91" CONTENT="en-"/>
						</TextLine>
						<TextLine ID="line_13" HPOS="204" VPOS="520" WIDTH="843" HEIGHT="26">
							<String ID="string_79" HPOS="204" VPOS="521" WIDTH="41" HEIGHT="25" WC="0.93" CONTENT="ligt"/><SP WIDTH="14" VPOS="521" HPOS="245"/>
							<String ID="string_80" HPOS="259" VPOS="521" WIDTH="219" HEIGHT="25" WC="0.92" CONTENT="fabriksstyrelsens"/><SP WIDTH="13" VPOS="521" HPOS="478"/>
							<String ID="string_81" HPOS="491" VPOS="521" WIDTH="145" HEIGHT="20" WC="0.95" CONTENT="bedömande"/><SP WIDTH="13" VPOS="521" HPOS="636"/>
							<String ID="string_82" HPOS="649" VPOS="521" WIDTH="69" HEIGHT="25" WC="0.96" CONTENT="ingen"/><SP WIDTH="13" VPOS="521" HPOS="718"/>
							<String ID="string_83" HPOS="731" VPOS="520" WIDTH="55" HEIGHT="21" WC="0.94" CONTENT="eller"/><SP WIDTH="14" VPOS="520" HPOS="786"/>
							<String ID="string_84" HPOS="800" VPOS="521" WIDTH="66" HEIGHT="24" WC="0.96" CONTENT="ringa"/><SP WIDTH="13" VPOS="521" HPOS="866"/>
							<String ID="string_85" HPOS="879" VPOS="520" WIDTH="122" HEIGHT="25" WC="0.93" CONTENT="möjlighet"/><SP WIDTH="13" VPOS="520" HPOS="1001"/>
							<String ID="string_86" HPOS="1014" VPOS="520" WIDTH="33" HEIGHT="20" WC="0.90" CONTENT="fö-"/>
						</TextLine>
						<TextLine ID="line_14" HPOS="203" VPOS="550" WIDTH="844" HEIGHT="26">
							<String ID="string_87" HPOS="203" VPOS="551" WIDTH="98" HEIGHT="25" WC="0.92" CONTENT="religger"/><SP WIDTH="18" VPOS="551" HPOS="301"/>
							<String ID="string_88" HPOS="319" VPOS="551" WIDTH="34" HEIGHT="20" WC="0.93" CONTENT="att"/><SP WIDTH="17" VPOS="551" HPOS="353"/>
							<String ID="string_89" HPOS="370" VPOS="550" WIDTH="125" HEIGHT="21" WC="0.92" CONTENT="framdeles"/><SP WIDTH="18" VPOS="550" HPOS="495"/>
							<String ID="string_90" HPOS="513" VPOS="551" WIDTH="81" HEIGHT="24" WC="0.92" CONTENT="uttaga"/><SP WIDTH="17" VPOS="551" HPOS="594"/>
							<String ID="string_91" HPOS="611" VPOS="550" WIDTH="126" HEIGHT="25" WC="0.96" CONTENT="betalning,"/><SP WIDTH="17" VPOS="550" HPOS="737"/>
							<String ID="string_92" HPOS="754" VPOS="550" WIDTH="56" HEIGHT="21" WC="0.96" CONTENT="eller"/><SP WIDTH="16" VPOS="550" HPOS="810"/>
							<String ID="string_93" HPOS="826" VPOS="550" WIDTH="44" HEIGHT="20" WC="0.96" CONTENT="ock"/><SP WIDTH="17" VPOS="550" HPOS="870"/>
							<String ID="string_94" HPOS="887" VPOS="550" WIDTH="107" HEIGHT="25" WC="0.93" CONTENT="åtgärder"/><SP WIDTH="17" VPOS="550" HPOS="994"/>
							<String ID="string_95" HPOS="1011" VPOS="550" WIDTH="36" HEIGHT="20" WC="0.96" CONTENT="för"/>
						</TextLine>
						<TextLine ID="line_15" HPOS="203" VPOS="579" WIDTH="844" HEIGHT="26">
							<String ID="string_96" HPOS="203" VPOS="580" WIDTH="149" HEIGHT="25" WC="0.92" CONTENT="fordringens"/><SP WIDTH="18" VPOS="580" HPOS="352"/>
							<String ID="string_97" HPOS="370" VPOS="580" WIDTH="136" HEIGHT="20" WC="0.92" CONTENT="bevakande"/><SP WIDTH="17" VPOS="580" HPOS="506"/>
							<String ID="string_98" HPOS="523" VPOS="580" WIDTH="44" HEIGHT="20" WC="0.93" CONTENT="och"/><SP WIDTH="17" VPOS="580" HPOS="567"/>
							<String ID="string_99" HPOS="584" VPOS="580" WIDTH="138" HEIGHT="20" WC="0.92" CONTENT="indrivande"/><SP WIDTH="17" VPOS="580" HPOS="722"/>
							<String ID="string_100" HPOS="739" VPOS="580" WIDTH="109" HEIGHT="20" WC="0.91" CONTENT="bedömes"/><SP WIDTH="19" VPOS="580" HPOS="848"/>
							<String ID="string_101" HPOS="867" VPOS="579" WIDTH="110" HEIGHT="21" WC="0.96" CONTENT="förenade"/><SP WIDTH="18" VPOS="579" HPOS="977"/>
							<String ID="string_102" HPOS="995" VPOS="580" WIDTH="52" HEIGHT="20" WC="0.95" CONTENT="med"/>
						</TextLine>
						<TextLine ID="line_16" HPOS="204" VPOS="609" WIDTH="843" HEIGHT="26">
							<String ID="string_103" HPOS="204" VPOS="610" WIDTH="79" HEIGHT="20" WC="0.96" CONTENT="arbete"/><SP WIDTH="14" VPOS="610" HPOS="283"/>
							<String ID="string_104" HPOS="297" VPOS="610" WIDTH="44" HEIGHT="20" WC="0.96" CONTENT="och"/><SP WIDTH="14" VPOS="610" HPOS="341"/>
							<String ID="string_105" HPOS="355" VPOS="610" WIDTH="127" HEIGHT="20" WC="0.96" CONTENT="kostnader"/><SP WIDTH="14" VPOS="610" HPOS="482"/>
							<String ID="string_106" HPOS="496" VPOS="610" WIDTH="7" HEIGHT="20" WC="0.96" CONTENT="i"/><SP WIDTH="15" VPOS="610" HPOS="503"/>
							<String ID="string_107" HPOS="518" VPOS="609" WIDTH="73" HEIGHT="21" WC="0.96" CONTENT="sådan"/><SP WIDTH="14" VPOS="609" HPOS="591"/>
							<String ID="string_108" HPOS="605" VPOS="609" WIDTH="165" HEIGHT="26" WC="0.96" CONTENT="utsträckning"/><SP WIDTH="14" VPOS="609" HPOS="770"/>
							<String ID="string_109" HPOS="784" VPOS="610" WIDTH="34" HEIGHT="20" WC="0.96" CONTENT="att"/><SP WIDTH="14" VPOS="610" HPOS="818"/>
							<String ID="string_110" HPOS="832" VPOS="609" WIDTH="139" HEIGHT="25" WC="0.96" CONTENT="åtgärderna"/><SP WIDTH="14" VPOS="609" HPOS="971"/>
							<String ID="string_111" HPOS="985" VPOS="609" WIDTH="21" HEIGHT="25" WC="0.96" CONTENT="ej"/><SP WIDTH="16" VPOS="609" HPOS="1006"/>
							<String ID="string_112" HPOS="1022" VPOS="609" WIDTH="25" HEIGHT="20" WC="0.96" CONTENT="är"/>
						</TextLine>
						<TextLine ID="line_17" HPOS="203" VPOS="638" WIDTH="844" HEIGHT="26">
							<String ID="string_113" HPOS="203" VPOS="640" WIDTH="150" HEIGHT="20" WC="0.96" CONTENT="ekonomiskt"/><SP WIDTH="14" VPOS="640" HPOS="353"/>
							<String ID="string_114" HPOS="367" VPOS="640" WIDTH="106" HEIGHT="23" WC="0.96" CONTENT="lönande,"/><SP WIDTH="15" VPOS="640" HPOS="473"/>
							<String ID="string_115" HPOS="488" VPOS="640" WIDTH="41" HEIGHT="19" WC="0.96" CONTENT="allt"/><SP WIDTH="13" VPOS="640" HPOS="529"/>
							<String ID="string_116" HPOS="542" VPOS="639" WIDTH="70" HEIGHT="21" WC="0.96" CONTENT="såvitt"/><SP WIDTH="14" VPOS="639" HPOS="612"/>
							<String ID="string_117" HPOS="626" VPOS="639" WIDTH="79" HEIGHT="25" WC="0.96" CONTENT="dylika"/><SP WIDTH="14" VPOS="639" HPOS="705"/>
							<String ID="string_118" HPOS="719" VPOS="639" WIDTH="107" HEIGHT="25" WC="0.96" CONTENT="åtgärder"/><SP WIDTH="13" VPOS="639" HPOS="826"/>
							<String ID="string_119" HPOS="839" VPOS="638" WIDTH="92" HEIGHT="21" WC="0.96" CONTENT="ändock"/><SP WIDTH="12" VPOS="638" HPOS="931"/>
							<String ID="string_120" HPOS="943" VPOS="639" WIDTH="52" HEIGHT="21" WC="0.93" CONTENT="icke"/><SP WIDTH="13" VPOS="639" HPOS="995"/>
							<String ID="string_121" HPOS="1008" VPOS="645" WIDTH="39" HEIGHT="14" WC="0.91" CONTENT="an-"/>
						</TextLine>
						<TextLine ID="line_18" HPOS="204" VPOS="668" WIDTH="674" HEIGHT="26">
							<String ID="string_122" HPOS="204" VPOS="675" WIDTH="36" HEIGHT="14" WC="0.96" CONTENT="ses"/><SP WIDTH="10" VPOS="675" HPOS="240"/>
							<String ID="string_123" HPOS="250" VPOS="669" WIDTH="124" HEIGHT="25" WC="0.96" CONTENT="påkallade"/><SP WIDTH="10" VPOS="669" HPOS="374"/>
							<String ID="string_124" HPOS="384" VPOS="675" WIDTH="28" HEIGHT="14" WC="0.96" CONTENT="av"/><SP WIDTH="10" VPOS="675" HPOS="412"/>
							<String ID="string_125" HPOS="422" VPOS="669" WIDTH="73" HEIGHT="20" WC="0.96" CONTENT="andra"/><SP WIDTH="10" VPOS="669" HPOS="495"/>
							<String ID="string_126" HPOS="505" VPOS="670" WIDTH="29" HEIGHT="19" WC="0.96" CONTENT="än"/><SP WIDTH="10" VPOS="670" HPOS="534"/>
							<String ID="string_127" HPOS="544" VPOS="669" WIDTH="153" HEIGHT="20" WC="0.96" CONTENT="ekonomiska"/><SP WIDTH="9" VPOS="669" HPOS="697"/>
							<String ID="string_128" HPOS="706" VPOS="668" WIDTH="172" HEIGHT="21" WC="0.95" CONTENT="förhållanden."/>
						</TextLine>
					</TextBlock>
					<TextBlock ID="block_6" HPOS="175" VPOS="698" WIDTH="872" HEIGHT="322">
						<TextLine ID="line_19" HPOS="175" VPOS="698" WIDTH="872" HEIGHT="26">
							<String ID="string_129" HPOS="175" VPOS="705" WIDTH="10" HEIGHT="14" WC="0.93" CONTENT="6"/><SP WIDTH="19" VPOS="705" HPOS="185"/>
							<String ID="string_130" HPOS="204" VPOS="699" WIDTH="39" HEIGHT="20" WC="0.92" CONTENT="RD"/><SP WIDTH="16" VPOS="699" HPOS="243"/>
							<String ID="string_131" HPOS="259" VPOS="699" WIDTH="123" HEIGHT="25" WC="0.92" CONTENT="medgiver,"/><SP WIDTH="17" VPOS="699" HPOS="382"/>
							<String ID="string_132" HPOS="399" VPOS="699" WIDTH="34" HEIGHT="20" WC="0.93" CONTENT="att"/><SP WIDTH="15" VPOS="699" HPOS="433"/>
							<String ID="string_133" HPOS="448" VPOS="699" WIDTH="23" HEIGHT="20" WC="0.91" CONTENT="C."/><SP WIDTH="14" VPOS="699" HPOS="471"/>
							<String ID="string_134" HPOS="485" VPOS="698" WIDTH="28" HEIGHT="20" WC="0.92" CONTENT="H."/><SP WIDTH="15" VPOS="698" HPOS="513"/>
							<String ID="string_135" HPOS="528" VPOS="699" WIDTH="91" HEIGHT="19" WC="0.96" CONTENT="Lander"/><SP WIDTH="15" VPOS="699" HPOS="619"/>
							<String ID="string_136" HPOS="634" VPOS="698" WIDTH="87" HEIGHT="21" WC="0.96" CONTENT="befrias"/><SP WIDTH="15" VPOS="698" HPOS="721"/>
							<String ID="string_137" HPOS="736" VPOS="698" WIDTH="54" HEIGHT="20" WC="0.96" CONTENT="från"/><SP WIDTH="15" VPOS="698" HPOS="790"/>
							<String ID="string_138" HPOS="805" VPOS="698" WIDTH="147" HEIGHT="21" WC="0.93" CONTENT="återstående"/><SP WIDTH="14" VPOS="698" HPOS="952"/>
							<String ID="string_139" HPOS="966" VPOS="698" WIDTH="81" HEIGHT="20" WC="0.91" CONTENT="skade-"/>
						</TextLine>
						<TextLine ID="line_20" HPOS="204" VPOS="728" WIDTH="842" HEIGHT="25">
							<String ID="string_140" HPOS="204" VPOS="728" WIDTH="217" HEIGHT="25" WC="0.91" CONTENT="ståndsskyldighet"/><SP WIDTH="9" VPOS="728" HPOS="421"/>
							<String ID="string_141" HPOS="430" VPOS="728" WIDTH="35" HEIGHT="20" WC="0.96" CONTENT="till"/><SP WIDTH="12" VPOS="728" HPOS="465"/>
							<String ID="string_142" HPOS="477" VPOS="728" WIDTH="91" HEIGHT="20" WC="0.96" CONTENT="kronan"/><SP WIDTH="10" VPOS="728" HPOS="568"/>
							<String ID="string_143" HPOS="578" VPOS="728" WIDTH="30" HEIGHT="25" WC="0.96" CONTENT="på"/><SP WIDTH="10" VPOS="728" HPOS="608"/>
							<String ID="string_144" HPOS="618" VPOS="728" WIDTH="75" HEIGHT="25" WC="0.95" CONTENT="grund"/><SP WIDTH="11" VPOS="728" HPOS="693"/>
							<String ID="string_145" HPOS="704" VPOS="734" WIDTH="28" HEIGHT="14" WC="0.96" CONTENT="av"/><SP WIDTH="10" VPOS="734" HPOS="732"/>
							<String ID="string_146" HPOS="742" VPOS="728" WIDTH="77" HEIGHT="25" WC="0.95" CONTENT="utslag"/><SP WIDTH="10" VPOS="728" HPOS="819"/>
							<String ID="string_147" HPOS="829" VPOS="728" WIDTH="45" HEIGHT="20" WC="0.95" CONTENT="den"/><SP WIDTH="9" VPOS="728" HPOS="874"/>
							<String ID="string_148" HPOS="883" VPOS="728" WIDTH="28" HEIGHT="20" WC="0.96" CONTENT="28"/><SP WIDTH="11" VPOS="728" HPOS="911"/>
							<String ID="string_149" HPOS="922" VPOS="729" WIDTH="57" HEIGHT="24" WC="0.96" CONTENT="sept."/><SP WIDTH="12" VPOS="729" HPOS="979"/>
							<String ID="string_150" HPOS="991" VPOS="728" WIDTH="55" HEIGHT="20" WC="0.96" CONTENT="1942"/>
						</TextLine>
						<TextLine ID="line_21" HPOS="203" VPOS="757" WIDTH="844" HEIGHT="26">
							<String ID="string_151" HPOS="203" VPOS="764" WIDTH="29" HEIGHT="14" WC="0.93" CONTENT="av"/><SP WIDTH="14" VPOS="764" HPOS="232"/>
							<String ID="string_152" HPOS="246" VPOS="758" WIDTH="188" HEIGHT="25" WC="0.92" CONTENT="fältkrigsrätten"/><SP WIDTH="14" VPOS="758" HPOS="434"/>
							<String ID="string_153" HPOS="448" VPOS="758" WIDTH="38" HEIGHT="20" WC="0.96" CONTENT="vid"/><SP WIDTH="14" VPOS="758" HPOS="486"/>
							<String ID="string_154" HPOS="500" VPOS="758" WIDTH="116" HEIGHT="24" WC="0.93" CONTENT="Morjärvs"/><SP WIDTH="15" VPOS="758" HPOS="616"/>
							<String ID="string_155" HPOS="631" VPOS="757" WIDTH="273" HEIGHT="24" WC="0.91" CONTENT="försvarsområdesstab,"/><SP WIDTH="15" VPOS="757" HPOS="904"/>
							<String ID="string_156" HPOS="919" VPOS="758" WIDTH="33" HEIGHT="20" WC="0.93" CONTENT="att"/><SP WIDTH="14" VPOS="758" HPOS="952"/>
							<String ID="string_157" HPOS="966" VPOS="757" WIDTH="81" HEIGHT="21" WC="0.92" CONTENT="chauf-"/>
						</TextLine>
						<TextLine ID="line_22" HPOS="203" VPOS="787" WIDTH="844" HEIGHT="24">
							<String ID="string_158" HPOS="203" VPOS="788" WIDTH="67" HEIGHT="20" WC="0.93" CONTENT="fören"/><SP WIDTH="12" VPOS="788" HPOS="270"/>
							<String ID="string_159" HPOS="282" VPOS="788" WIDTH="26" HEIGHT="20" WC="0.91" CONTENT="K."/><SP WIDTH="11" VPOS="788" HPOS="308"/>
							<String ID="string_160" HPOS="319" VPOS="788" WIDTH="28" HEIGHT="19" WC="0.91" CONTENT="H."/><SP WIDTH="11" VPOS="788" HPOS="347"/>
							<String ID="string_161" HPOS="358" VPOS="787" WIDTH="28" HEIGHT="20" WC="0.92" CONTENT="H."/><SP WIDTH="12" VPOS="787" HPOS="386"/>
							<String ID="string_162" HPOS="398" VPOS="787" WIDTH="119" HEIGHT="24" WC="0.96" CONTENT="Eriksson,"/><SP WIDTH="11" VPOS="787" HPOS="517"/>
							<String ID="string_163" HPOS="528" VPOS="788" WIDTH="78" HEIGHT="19" WC="0.96" CONTENT="därest"/><SP WIDTH="11" VPOS="788" HPOS="606"/>
							<String ID="string_164" HPOS="617" VPOS="787" WIDTH="47" HEIGHT="20" WC="0.96" CONTENT="han"/><SP WIDTH="10" VPOS="787" HPOS="664"/>
							<String ID="string_165" HPOS="674" VPOS="787" WIDTH="64" HEIGHT="20" WC="0.96" CONTENT="inom"/><SP WIDTH="11" VPOS="787" HPOS="738"/>
							<String ID="string_166" HPOS="749" VPOS="787" WIDTH="34" HEIGHT="20" WC="0.96" CONTENT="tid"/><SP WIDTH="11" VPOS="787" HPOS="783"/>
							<String ID="string_167" HPOS="794" VPOS="793" WIDTH="50" HEIGHT="14" WC="0.93" CONTENT="som"/><SP WIDTH="11" VPOS="793" HPOS="844"/>
							<String ID="string_168" HPOS="855" VPOS="787" WIDTH="26" HEIGHT="20" WC="0.90" CONTENT="K."/><SP WIDTH="11" VPOS="787" HPOS="881"/>
							<String ID="string_169" HPOS="892" VPOS="787" WIDTH="45" HEIGHT="21" WC="0.93" CONTENT="M:t"/><SP WIDTH="10" VPOS="787" HPOS="937"/>
							<String ID="string_170" HPOS="947" VPOS="787" WIDTH="100" HEIGHT="20" WC="0.91" CONTENT="bestäm-"/>
						</TextLine>
						<TextLine ID="line_23" HPOS="203" VPOS="816" WIDTH="844" HEIGHT="26">
							<String ID="string_171" HPOS="203" VPOS="823" WIDTH="49" HEIGHT="15" WC="0.95" CONTENT="mer"/><SP WIDTH="17" VPOS="823" HPOS="252"/>
							<String ID="string_172" HPOS="269" VPOS="818" WIDTH="35" HEIGHT="19" WC="0.94" CONTENT="till"/><SP WIDTH="18" VPOS="818" HPOS="304"/>
							<String ID="string_173" HPOS="322" VPOS="817" WIDTH="127" HEIGHT="20" WC="0.93" CONTENT="försvarets"/><SP WIDTH="18" VPOS="817" HPOS="449"/>
							<String ID="string_174" HPOS="467" VPOS="817" WIDTH="198" HEIGHT="25" WC="0.91" CONTENT="civilförvaltning"/><SP WIDTH="16" VPOS="817" HPOS="665"/>
							<String ID="string_175" HPOS="681" VPOS="816" WIDTH="115" HEIGHT="21" WC="0.91" CONTENT="inbetalar"/><SP WIDTH="16" VPOS="816" HPOS="796"/>
							<String ID="string_176" HPOS="812" VPOS="817" WIDTH="33" HEIGHT="20" WC="0.96" CONTENT="ett"/><SP WIDTH="15" VPOS="817" HPOS="845"/>
							<String ID="string_177" HPOS="860" VPOS="816" WIDTH="84" HEIGHT="26" WC="0.96" CONTENT="belopp"/><SP WIDTH="16" VPOS="816" HPOS="944"/>
							<String ID="string_178" HPOS="960" VPOS="823" WIDTH="29" HEIGHT="14" WC="0.96" CONTENT="av"/><SP WIDTH="16" VPOS="823" HPOS="989"/>
							<String ID="string_179" HPOS="1005" VPOS="816" WIDTH="42" HEIGHT="21" WC="0.95" CONTENT="500"/>
						</TextLine>
						<TextLine ID="line_24" HPOS="203" VPOS="846" WIDTH="844" HEIGHT="25">
							<String ID="string_180" HPOS="203" VPOS="847" WIDTH="42" HEIGHT="23" WC="0.92" CONTENT="kr.,"/><SP WIDTH="17" VPOS="847" HPOS="245"/>
							<String ID="string_181" HPOS="262" VPOS="847" WIDTH="87" HEIGHT="20" WC="0.96" CONTENT="befrias"/><SP WIDTH="18" VPOS="847" HPOS="349"/>
							<String ID="string_182" HPOS="367" VPOS="846" WIDTH="53" HEIGHT="20" WC="0.96" CONTENT="från"/><SP WIDTH="17" VPOS="846" HPOS="420"/>
							<String ID="string_183" HPOS="437" VPOS="846" WIDTH="146" HEIGHT="21" WC="0.93" CONTENT="återstående"/><SP WIDTH="17" VPOS="846" HPOS="583"/>
							<String ID="string_184" HPOS="600" VPOS="846" WIDTH="289" HEIGHT="25" WC="0.91" CONTENT="skadeståndsskyldighet"/><SP WIDTH="15" VPOS="846" HPOS="889"/>
							<String ID="string_185" HPOS="904" VPOS="846" WIDTH="35" HEIGHT="20" WC="0.96" CONTENT="till"/><SP WIDTH="17" VPOS="846" HPOS="939"/>
							<String ID="string_186" HPOS="956" VPOS="846" WIDTH="91" HEIGHT="20" WC="0.96" CONTENT="kronan"/>
						</TextLine>
						<TextLine ID="line_25" HPOS="203" VPOS="875" WIDTH="844" HEIGHT="27">
							<String ID="string_187" HPOS="203" VPOS="877" WIDTH="30" HEIGHT="25" WC="0.96" CONTENT="på"/><SP WIDTH="15" VPOS="877" HPOS="233"/>
							<String ID="string_188" HPOS="248" VPOS="877" WIDTH="76" HEIGHT="24" WC="0.95" CONTENT="grund"/><SP WIDTH="17" VPOS="877" HPOS="324"/>
							<String ID="string_189" HPOS="341" VPOS="882" WIDTH="28" HEIGHT="14" WC="0.93" CONTENT="av"/><SP WIDTH="15" VPOS="882" HPOS="369"/>
							<String ID="string_190" HPOS="384" VPOS="876" WIDTH="200" HEIGHT="25" WC="0.92" CONTENT="krigshovrättens"/><SP WIDTH="16" VPOS="876" HPOS="584"/>
							<String ID="string_191" HPOS="600" VPOS="876" WIDTH="77" HEIGHT="25" WC="0.96" CONTENT="utslag"/><SP WIDTH="15" VPOS="876" HPOS="677"/>
							<String ID="string_192" HPOS="692" VPOS="876" WIDTH="44" HEIGHT="20" WC="0.96" CONTENT="den"/><SP WIDTH="17" VPOS="876" HPOS="736"/>
							<String ID="string_193" HPOS="753" VPOS="876" WIDTH="26" HEIGHT="20" WC="0.96" CONTENT="15"/><SP WIDTH="16" VPOS="876" HPOS="779"/>
							<String ID="string_194" HPOS="795" VPOS="875" WIDTH="104" HEIGHT="21" WC="0.95" CONTENT="februari"/><SP WIDTH="16" VPOS="875" HPOS="899"/>
							<String ID="string_195" HPOS="915" VPOS="875" WIDTH="56" HEIGHT="21" WC="0.96" CONTENT="1926"/><SP WIDTH="15" VPOS="875" HPOS="971"/>
							<String ID="string_196" HPOS="986" VPOS="877" WIDTH="61" HEIGHT="19" WC="0.96" CONTENT="samt"/>
						</TextLine>
						<TextLine ID="line_26" HPOS="204" VPOS="905" WIDTH="843" HEIGHT="26">
							<String ID="string_197" HPOS="204" VPOS="907" WIDTH="34" HEIGHT="19" WC="0.96" CONTENT="att"/><SP WIDTH="10" VPOS="907" HPOS="238"/>
							<String ID="string_198" HPOS="248" VPOS="906" WIDTH="79" HEIGHT="25" WC="0.96" CONTENT="Ingrid"/><SP WIDTH="11" VPOS="906" HPOS="327"/>
							<String ID="string_199" HPOS="338" VPOS="906" WIDTH="60" HEIGHT="25" WC="0.96" CONTENT="Lilly"/><SP WIDTH="10" VPOS="906" HPOS="398"/>
							<String ID="string_200" HPOS="408" VPOS="906" WIDTH="105" HEIGHT="20" WC="0.96" CONTENT="Kristina"/><SP WIDTH="10" VPOS="906" HPOS="513"/>
							<String ID="string_201" HPOS="523" VPOS="906" WIDTH="109" HEIGHT="23" WC="0.96" CONTENT="Larsson,"/><SP WIDTH="11" VPOS="906" HPOS="632"/>
							<String ID="string_202" HPOS="643" VPOS="906" WIDTH="77" HEIGHT="20" WC="0.96" CONTENT="därest"/><SP WIDTH="10" VPOS="906" HPOS="720"/>
							<String ID="string_203" HPOS="730" VPOS="905" WIDTH="47" HEIGHT="20" WC="0.96" CONTENT="hon"/><SP WIDTH="10" VPOS="905" HPOS="777"/>
							<String ID="string_204" HPOS="787" VPOS="906" WIDTH="64" HEIGHT="19" WC="0.96" CONTENT="inom"/><SP WIDTH="10" VPOS="906" HPOS="851"/>
							<String ID="string_205" HPOS="861" VPOS="905" WIDTH="33" HEIGHT="21" WC="0.96" CONTENT="tid"/><SP WIDTH="11" VPOS="905" HPOS="894"/>
							<String ID="string_206" HPOS="905" VPOS="911" WIDTH="50" HEIGHT="14" WC="0.93" CONTENT="som"/><SP WIDTH="10" VPOS="911" HPOS="955"/>
							<String ID="string_207" HPOS="965" VPOS="906" WIDTH="27" HEIGHT="20" WC="0.88" CONTENT="K."/><SP WIDTH="10" VPOS="906" HPOS="992"/>
							<String ID="string_208" HPOS="1002" VPOS="906" WIDTH="45" HEIGHT="19" WC="0.96" CONTENT="M:t"/>
						</TextLine>
						<TextLine ID="line_27" HPOS="202" VPOS="935" WIDTH="845" HEIGHT="25">
							<String ID="string_209" HPOS="202" VPOS="936" WIDTH="142" HEIGHT="20" WC="0.95" CONTENT="bestämmer"/><SP WIDTH="13" VPOS="936" HPOS="344"/>
							<String ID="string_210" HPOS="357" VPOS="936" WIDTH="34" HEIGHT="20" WC="0.95" CONTENT="till"/><SP WIDTH="14" VPOS="936" HPOS="391"/>
							<String ID="string_211" HPOS="405" VPOS="935" WIDTH="127" HEIGHT="21" WC="0.92" CONTENT="försvarets"/><SP WIDTH="12" VPOS="935" HPOS="532"/>
							<String ID="string_212" HPOS="544" VPOS="935" WIDTH="198" HEIGHT="25" WC="0.92" CONTENT="civilförvaltning"/><SP WIDTH="12" VPOS="935" HPOS="742"/>
							<String ID="string_213" HPOS="754" VPOS="935" WIDTH="115" HEIGHT="20" WC="0.92" CONTENT="inbetalar"/><SP WIDTH="11" VPOS="935" HPOS="869"/>
							<String ID="string_214" HPOS="880" VPOS="936" WIDTH="33" HEIGHT="19" WC="0.96" CONTENT="ett"/><SP WIDTH="11" VPOS="936" HPOS="913"/>
							<String ID="string_215" HPOS="924" VPOS="935" WIDTH="84" HEIGHT="25" WC="0.96" CONTENT="belopp"/><SP WIDTH="11" VPOS="935" HPOS="1008"/>
							<String ID="string_216" HPOS="1019" VPOS="941" WIDTH="28" HEIGHT="15" WC="0.96" CONTENT="av"/>
						</TextLine>
						<TextLine ID="line_28" HPOS="203" VPOS="964" WIDTH="844" HEIGHT="26">
							<String ID="string_217" HPOS="203" VPOS="966" WIDTH="42" HEIGHT="20" WC="0.93" CONTENT="500"/><SP WIDTH="14" VPOS="966" HPOS="245"/>
							<String ID="string_218" HPOS="259" VPOS="966" WIDTH="42" HEIGHT="23" WC="0.90" CONTENT="kr.,"/><SP WIDTH="13" VPOS="966" HPOS="301"/>
							<String ID="string_219" HPOS="314" VPOS="965" WIDTH="87" HEIGHT="20" WC="0.96" CONTENT="befrias"/><SP WIDTH="14" VPOS="965" HPOS="401"/>
							<String ID="string_220" HPOS="415" VPOS="965" WIDTH="53" HEIGHT="20" WC="0.96" CONTENT="från"/><SP WIDTH="13" VPOS="965" HPOS="468"/>
							<String ID="string_221" HPOS="481" VPOS="965" WIDTH="147" HEIGHT="20" WC="0.93" CONTENT="återstående"/><SP WIDTH="13" VPOS="965" HPOS="628"/>
							<String ID="string_222" HPOS="641" VPOS="964" WIDTH="294" HEIGHT="26" WC="0.92" CONTENT="skatteståndsskyldighet"/><SP WIDTH="12" VPOS="964" HPOS="935"/>
							<String ID="string_223" HPOS="947" VPOS="965" WIDTH="35" HEIGHT="20" WC="0.93" CONTENT="till"/><SP WIDTH="13" VPOS="965" HPOS="982"/>
							<String ID="string_224" HPOS="995" VPOS="965" WIDTH="52" HEIGHT="20" WC="0.92" CONTENT="kro-"/>
						</TextLine>
						<TextLine ID="line_29" HPOS="204" VPOS="994" WIDTH="842" HEIGHT="26">
							<String ID="string_225" HPOS="204" VPOS="1001" WIDTH="47" HEIGHT="14" WC="0.96" CONTENT="nan"/><SP WIDTH="13" VPOS="1001" HPOS="251"/>
							<String ID="string_226" HPOS="264" VPOS="995" WIDTH="30" HEIGHT="25" WC="0.96" CONTENT="på"/><SP WIDTH="12" VPOS="995" HPOS="294"/>
							<String ID="string_227" HPOS="306" VPOS="995" WIDTH="76" HEIGHT="25" WC="0.96" CONTENT="grund"/><SP WIDTH="13" VPOS="995" HPOS="382"/>
							<String ID="string_228" HPOS="395" VPOS="1001" WIDTH="29" HEIGHT="14" WC="0.96" CONTENT="av"/><SP WIDTH="12" VPOS="1001" HPOS="424"/>
							<String ID="string_229" HPOS="436" VPOS="995" WIDTH="148" HEIGHT="20" WC="0.93" CONTENT="Stockholms"/><SP WIDTH="13" VPOS="995" HPOS="584"/>
							<String ID="string_230" HPOS="597" VPOS="994" WIDTH="148" HEIGHT="21" WC="0.92" CONTENT="rådhusrätts"/><SP WIDTH="13" VPOS="994" HPOS="745"/>
							<String ID="string_231" HPOS="758" VPOS="995" WIDTH="54" HEIGHT="19" WC="0.96" CONTENT="dom"/><SP WIDTH="13" VPOS="995" HPOS="812"/>
							<String ID="string_232" HPOS="825" VPOS="994" WIDTH="44" HEIGHT="21" WC="0.96" CONTENT="den"/><SP WIDTH="12" VPOS="994" HPOS="869"/>
							<String ID="string_233" HPOS="881" VPOS="994" WIDTH="27" HEIGHT="21" WC="0.96" CONTENT="27"/><SP WIDTH="14" VPOS="994" HPOS="908"/>
							<String ID="string_234" HPOS="922" VPOS="994" WIDTH="47" HEIGHT="21" WC="0.95" CONTENT="okt."/><SP WIDTH="15" VPOS="994" HPOS="969"/>
							<String ID="string_235" HPOS="984" VPOS="994" WIDTH="62" HEIGHT="21" WC="0.95" CONTENT="1952."/>
						</TextLine>
					</TextBlock>
					<TextBlock ID="block_7" HPOS="176" VPOS="1023" WIDTH="871" HEIGHT="85">
						<TextLine ID="line_30" HPOS="176" VPOS="1023" WIDTH="871" HEIGHT="26">
							<String ID="string_236" HPOS="176" VPOS="1030" WIDTH="8" HEIGHT="14" WC="0.92" CONTENT="7"/><SP WIDTH="19" VPOS="1030" HPOS="184"/>
							<String ID="string_237" HPOS="203" VPOS="1025" WIDTH="39" HEIGHT="20" WC="0.92" CONTENT="RD"/><SP WIDTH="19" VPOS="1025" HPOS="242"/>
							<String ID="string_238" HPOS="261" VPOS="1025" WIDTH="124" HEIGHT="24" WC="0.91" CONTENT="medgiver,"/><SP WIDTH="18" VPOS="1025" HPOS="385"/>
							<String ID="string_239" HPOS="403" VPOS="1025" WIDTH="34" HEIGHT="19" WC="0.93" CONTENT="att"/><SP WIDTH="17" VPOS="1025" HPOS="437"/>
							<String ID="string_240" HPOS="454" VPOS="1024" WIDTH="27" HEIGHT="20" WC="0.91" CONTENT="H."/><SP WIDTH="18" VPOS="1024" HPOS="481"/>
							<String ID="string_241" HPOS="499" VPOS="1024" WIDTH="25" HEIGHT="20" WC="0.92" CONTENT="B."/><SP WIDTH="19" VPOS="1024" HPOS="524"/>
							<String ID="string_242" HPOS="543" VPOS="1024" WIDTH="114" HEIGHT="20" WC="0.96" CONTENT="Påhlsson"/><SP WIDTH="17" VPOS="1024" HPOS="657"/>
							<String ID="string_243" HPOS="674" VPOS="1024" WIDTH="87" HEIGHT="20" WC="0.95" CONTENT="befrias"/><SP WIDTH="18" VPOS="1024" HPOS="761"/>
							<String ID="string_244" HPOS="779" VPOS="1023" WIDTH="53" HEIGHT="20" WC="0.96" CONTENT="från"/><SP WIDTH="17" VPOS="1023" HPOS="832"/>
							<String ID="string_245" HPOS="849" VPOS="1024" WIDTH="87" HEIGHT="19" WC="0.96" CONTENT="honom"/><SP WIDTH="17" VPOS="1024" HPOS="936"/>
							<String ID="string_246" HPOS="953" VPOS="1024" WIDTH="94" HEIGHT="24" WC="0.96" CONTENT="jämlikt"/>
						</TextLine>
						<TextLine ID="line_31" HPOS="203" VPOS="1053" WIDTH="844" HEIGHT="25">
							<String ID="string_247" HPOS="203" VPOS="1054" WIDTH="85" HEIGHT="20" WC="0.96" CONTENT="Västra"/><SP WIDTH="16" VPOS="1054" HPOS="288"/>
							<String ID="string_248" HPOS="304" VPOS="1053" WIDTH="86" HEIGHT="25" WC="0.96" CONTENT="Göinge"/><SP WIDTH="16" VPOS="1053" HPOS="390"/>
							<String ID="string_249" HPOS="406" VPOS="1054" WIDTH="123" HEIGHT="24" WC="0.93" CONTENT="domsagas"/><SP WIDTH="15" VPOS="1054" HPOS="529"/>
							<String ID="string_250" HPOS="544" VPOS="1053" WIDTH="147" HEIGHT="20" WC="0.91" CONTENT="häradsrätts"/><SP WIDTH="16" VPOS="1053" HPOS="691"/>
							<String ID="string_251" HPOS="707" VPOS="1053" WIDTH="54" HEIGHT="20" WC="0.96" CONTENT="dom"/><SP WIDTH="16" VPOS="1053" HPOS="761"/>
							<String ID="string_252" HPOS="777" VPOS="1053" WIDTH="44" HEIGHT="20" WC="0.96" CONTENT="den"/><SP WIDTH="16" VPOS="1053" HPOS="821"/>
							<String ID="string_253" HPOS="837" VPOS="1053" WIDTH="12" HEIGHT="20" WC="0.92" CONTENT="8"/><SP WIDTH="16" VPOS="1053" HPOS="849"/>
							<String ID="string_254" HPOS="865" VPOS="1053" WIDTH="47" HEIGHT="20" WC="0.95" CONTENT="okt."/><SP WIDTH="18" VPOS="1053" HPOS="912"/>
							<String ID="string_255" HPOS="930" VPOS="1053" WIDTH="55" HEIGHT="21" WC="0.93" CONTENT="1952"/><SP WIDTH="16" VPOS="1053" HPOS="985"/>
							<String ID="string_256" HPOS="1001" VPOS="1053" WIDTH="46" HEIGHT="20" WC="0.88" CONTENT="åvi-"/>
						</TextLine>
						<TextLine ID="line_32" HPOS="203" VPOS="1083" WIDTH="507" HEIGHT="25">
							<String ID="string_257" HPOS="203" VPOS="1084" WIDTH="69" HEIGHT="20" WC="0.93" CONTENT="lande"/><SP WIDTH="9" VPOS="1084" HPOS="272"/>
							<String ID="string_258" HPOS="281" VPOS="1083" WIDTH="277" HEIGHT="25" WC="0.91" CONTENT="ersättningsskyldighet"/><SP WIDTH="9" VPOS="1083" HPOS="558"/>
							<String ID="string_259" HPOS="567" VPOS="1083" WIDTH="34" HEIGHT="20" WC="0.96" CONTENT="till"/><SP WIDTH="11" VPOS="1083" HPOS="601"/>
							<String ID="string_260" HPOS="612" VPOS="1083" WIDTH="98" HEIGHT="20" WC="0.91" CONTENT="kronan."/>
						</TextLine>
					</TextBlock>
					<TextBlock ID="block_8" HPOS="175" VPOS="1112" WIDTH="872" HEIGHT="292">
						<TextLine ID="line_33" HPOS="175" VPOS="1112" WIDTH="872" HEIGHT="26">
							<String ID="string_261" HPOS="175" VPOS="1119" WIDTH="10" HEIGHT="15" WC="0.93" CONTENT="8"/><SP WIDTH="18" VPOS="1119" HPOS="185"/>
							<String ID="string_262" HPOS="203" VPOS="1114" WIDTH="40" HEIGHT="20" WC="0.89" CONTENT="RD"/><SP WIDTH="15" VPOS="1114" HPOS="243"/>
							<String ID="string_263" HPOS="258" VPOS="1113" WIDTH="124" HEIGHT="25" WC="0.88" CONTENT="medgiver,"/><SP WIDTH="14" VPOS="1113" HPOS="382"/>
							<String ID="string_264" HPOS="396" VPOS="1114" WIDTH="35" HEIGHT="19" WC="0.93" CONTENT="att"/><SP WIDTH="14" VPOS="1114" HPOS="431"/>
							<String ID="string_265" HPOS="445" VPOS="1113" WIDTH="24" HEIGHT="19" WC="0.92" CONTENT="F."/><SP WIDTH="14" VPOS="1113" HPOS="469"/>
							<String ID="string_266" HPOS="483" VPOS="1112" WIDTH="24" HEIGHT="21" WC="0.92" CONTENT="G."/><SP WIDTH="15" VPOS="1112" HPOS="507"/>
							<String ID="string_267" HPOS="522" VPOS="1112" WIDTH="21" HEIGHT="20" WC="0.91" CONTENT="S."/><SP WIDTH="15" VPOS="1112" HPOS="543"/>
							<String ID="string_268" HPOS="558" VPOS="1112" WIDTH="147" HEIGHT="25" WC="0.92" CONTENT="Liljecrantz,"/><SP WIDTH="15" VPOS="1112" HPOS="705"/>
							<String ID="string_269" HPOS="720" VPOS="1112" WIDTH="77" HEIGHT="21" WC="0.96" CONTENT="därest"/><SP WIDTH="14" VPOS="1112" HPOS="797"/>
							<String ID="string_270" HPOS="811" VPOS="1112" WIDTH="47" HEIGHT="20" WC="0.96" CONTENT="han"/><SP WIDTH="14" VPOS="1112" HPOS="858"/>
							<String ID="string_271" HPOS="872" VPOS="1113" WIDTH="64" HEIGHT="19" WC="0.96" CONTENT="inom"/><SP WIDTH="13" VPOS="1113" HPOS="936"/>
							<String ID="string_272" HPOS="949" VPOS="1113" WIDTH="33" HEIGHT="20" WC="0.96" CONTENT="tid"/><SP WIDTH="15" VPOS="1113" HPOS="982"/>
							<String ID="string_273" HPOS="997" VPOS="1118" WIDTH="50" HEIGHT="14" WC="0.96" CONTENT="som"/>
						</TextLine>
						<TextLine ID="line_34" HPOS="203" VPOS="1141" WIDTH="844" HEIGHT="26">
							<String ID="string_274" HPOS="203" VPOS="1143" WIDTH="26" HEIGHT="20" WC="0.84" CONTENT="K."/><SP WIDTH="19" VPOS="1143" HPOS="229"/>
							<String ID="string_275" HPOS="248" VPOS="1143" WIDTH="46" HEIGHT="20" WC="0.96" CONTENT="M:t"/><SP WIDTH="16" VPOS="1143" HPOS="294"/>
							<String ID="string_276" HPOS="310" VPOS="1143" WIDTH="142" HEIGHT="20" WC="0.96" CONTENT="bestämmer"/><SP WIDTH="17" VPOS="1143" HPOS="452"/>
							<String ID="string_277" HPOS="469" VPOS="1142" WIDTH="35" HEIGHT="20" WC="0.96" CONTENT="till"/><SP WIDTH="19" VPOS="1142" HPOS="504"/>
							<String ID="string_278" HPOS="523" VPOS="1142" WIDTH="127" HEIGHT="20" WC="0.93" CONTENT="försvarets"/><SP WIDTH="18" VPOS="1142" HPOS="650"/>
							<String ID="string_279" HPOS="668" VPOS="1142" WIDTH="198" HEIGHT="25" WC="0.91" CONTENT="civilförvaltning"/><SP WIDTH="17" VPOS="1142" HPOS="866"/>
							<String ID="string_280" HPOS="883" VPOS="1141" WIDTH="115" HEIGHT="21" WC="0.91" CONTENT="inbetalar"/><SP WIDTH="17" VPOS="1141" HPOS="998"/>
							<String ID="string_281" HPOS="1015" VPOS="1143" WIDTH="32" HEIGHT="19" WC="0.96" CONTENT="ett"/>
						</TextLine>
						<TextLine ID="line_35" HPOS="202" VPOS="1171" WIDTH="845" HEIGHT="26">
							<String ID="string_282" HPOS="202" VPOS="1173" WIDTH="84" HEIGHT="24" WC="0.96" CONTENT="belopp"/><SP WIDTH="14" VPOS="1173" HPOS="286"/>
							<String ID="string_283" HPOS="300" VPOS="1178" WIDTH="28" HEIGHT="14" WC="0.96" CONTENT="av"/><SP WIDTH="13" VPOS="1178" HPOS="328"/>
							<String ID="string_284" HPOS="341" VPOS="1172" WIDTH="13" HEIGHT="20" WC="0.95" CONTENT="2"/><SP WIDTH="10" VPOS="1172" HPOS="354"/>
							<String ID="string_285" HPOS="364" VPOS="1172" WIDTH="42" HEIGHT="20" WC="0.93" CONTENT="500"/><SP WIDTH="14" VPOS="1172" HPOS="406"/>
							<String ID="string_286" HPOS="420" VPOS="1172" WIDTH="42" HEIGHT="23" WC="0.92" CONTENT="kr.,"/><SP WIDTH="13" VPOS="1172" HPOS="462"/>
							<String ID="string_287" HPOS="475" VPOS="1171" WIDTH="87" HEIGHT="21" WC="0.96" CONTENT="befrias"/><SP WIDTH="14" VPOS="1171" HPOS="562"/>
							<String ID="string_288" HPOS="576" VPOS="1171" WIDTH="52" HEIGHT="20" WC="0.96" CONTENT="från"/><SP WIDTH="15" VPOS="1171" HPOS="628"/>
							<String ID="string_289" HPOS="643" VPOS="1171" WIDTH="146" HEIGHT="21" WC="0.93" CONTENT="återstående"/><SP WIDTH="13" VPOS="1171" HPOS="789"/>
							<String ID="string_290" HPOS="802" VPOS="1171" WIDTH="245" HEIGHT="26" WC="0.92" CONTENT="ersättningsskyldig-"/>
						</TextLine>
						<TextLine ID="line_36" HPOS="203" VPOS="1201" WIDTH="844" HEIGHT="25">
							<String ID="string_291" HPOS="203" VPOS="1203" WIDTH="39" HEIGHT="19" WC="0.96" CONTENT="het"/><SP WIDTH="13" VPOS="1203" HPOS="242"/>
							<String ID="string_292" HPOS="255" VPOS="1202" WIDTH="35" HEIGHT="20" WC="0.96" CONTENT="till"/><SP WIDTH="14" VPOS="1202" HPOS="290"/>
							<String ID="string_293" HPOS="304" VPOS="1202" WIDTH="91" HEIGHT="20" WC="0.96" CONTENT="kronan"/><SP WIDTH="13" VPOS="1202" HPOS="395"/>
							<String ID="string_294" HPOS="408" VPOS="1202" WIDTH="29" HEIGHT="24" WC="0.96" CONTENT="på"/><SP WIDTH="13" VPOS="1202" HPOS="437"/>
							<String ID="string_295" HPOS="450" VPOS="1202" WIDTH="75" HEIGHT="24" WC="0.96" CONTENT="grund"/><SP WIDTH="13" VPOS="1202" HPOS="525"/>
							<String ID="string_296" HPOS="538" VPOS="1207" WIDTH="28" HEIGHT="14" WC="0.95" CONTENT="av"/><SP WIDTH="12" VPOS="1207" HPOS="566"/>
							<String ID="string_297" HPOS="578" VPOS="1202" WIDTH="7" HEIGHT="19" WC="0.93" CONTENT="i"/><SP WIDTH="13" VPOS="1202" HPOS="585"/>
							<String ID="string_298" HPOS="598" VPOS="1201" WIDTH="257" HEIGHT="25" WC="0.92" CONTENT="statsrådsprotokollet"/><SP WIDTH="12" VPOS="1201" HPOS="855"/>
							<String ID="string_299" HPOS="867" VPOS="1202" WIDTH="54" HEIGHT="19" WC="0.93" CONTENT="över"/><SP WIDTH="13" VPOS="1202" HPOS="921"/>
							<String ID="string_300" HPOS="934" VPOS="1201" WIDTH="113" HEIGHT="20" WC="0.91" CONTENT="försvars-"/>
						</TextLine>
						<TextLine ID="line_37" HPOS="204" VPOS="1231" WIDTH="842" HEIGHT="25">
							<String ID="string_301" HPOS="204" VPOS="1232" WIDTH="102" HEIGHT="20" WC="0.96" CONTENT="ärenden"/><SP WIDTH="14" VPOS="1232" HPOS="306"/>
							<String ID="string_302" HPOS="320" VPOS="1231" WIDTH="36" HEIGHT="20" WC="0.96" CONTENT="för"/><SP WIDTH="13" VPOS="1231" HPOS="356"/>
							<String ID="string_303" HPOS="369" VPOS="1232" WIDTH="45" HEIGHT="19" WC="0.96" CONTENT="den"/><SP WIDTH="13" VPOS="1232" HPOS="414"/>
							<String ID="string_304" HPOS="427" VPOS="1231" WIDTH="13" HEIGHT="20" WC="0.96" CONTENT="8"/><SP WIDTH="12" VPOS="1231" HPOS="440"/>
							<String ID="string_305" HPOS="452" VPOS="1231" WIDTH="49" HEIGHT="25" WC="0.96" CONTENT="jan."/><SP WIDTH="15" VPOS="1231" HPOS="501"/>
							<String ID="string_306" HPOS="516" VPOS="1231" WIDTH="56" HEIGHT="20" WC="0.96" CONTENT="1954"/><SP WIDTH="13" VPOS="1231" HPOS="572"/>
							<String ID="string_307" HPOS="585" VPOS="1231" WIDTH="87" HEIGHT="20" WC="0.96" CONTENT="nämnd"/><SP WIDTH="13" VPOS="1231" HPOS="672"/>
							<String ID="string_308" HPOS="685" VPOS="1231" WIDTH="193" HEIGHT="24" WC="0.96" CONTENT="olyckshändelse"/><SP WIDTH="13" VPOS="1231" HPOS="878"/>
							<String ID="string_309" HPOS="891" VPOS="1231" WIDTH="45" HEIGHT="20" WC="0.96" CONTENT="den"/><SP WIDTH="14" VPOS="1231" HPOS="936"/>
							<String ID="string_310" HPOS="950" VPOS="1231" WIDTH="26" HEIGHT="20" WC="0.96" CONTENT="13"/><SP WIDTH="13" VPOS="1231" HPOS="976"/>
							<String ID="string_311" HPOS="989" VPOS="1232" WIDTH="57" HEIGHT="24" WC="0.96" CONTENT="sept."/>
						</TextLine>
						<TextLine ID="line_38" HPOS="205" VPOS="1260" WIDTH="842" HEIGHT="24">
							<String ID="string_312" HPOS="205" VPOS="1261" WIDTH="55" HEIGHT="20" WC="0.96" CONTENT="1949"/><SP WIDTH="17" VPOS="1261" HPOS="260"/>
							<String ID="string_313" HPOS="277" VPOS="1262" WIDTH="61" HEIGHT="19" WC="0.96" CONTENT="samt"/><SP WIDTH="16" VPOS="1262" HPOS="338"/>
							<String ID="string_314" HPOS="354" VPOS="1262" WIDTH="34" HEIGHT="19" WC="0.93" CONTENT="att"/><SP WIDTH="15" VPOS="1262" HPOS="388"/>
							<String ID="string_315" HPOS="403" VPOS="1261" WIDTH="26" HEIGHT="19" WC="0.88" CONTENT="N."/><SP WIDTH="17" VPOS="1261" HPOS="429"/>
							<String ID="string_316" HPOS="446" VPOS="1261" WIDTH="26" HEIGHT="20" WC="0.90" CONTENT="K."/><SP WIDTH="16" VPOS="1261" HPOS="472"/>
							<String ID="string_317" HPOS="488" VPOS="1261" WIDTH="26" HEIGHT="19" WC="0.92" CONTENT="A."/><SP WIDTH="17" VPOS="1261" HPOS="514"/>
							<String ID="string_318" HPOS="531" VPOS="1260" WIDTH="124" HEIGHT="24" WC="0.91" CONTENT="Sandwall,"/><SP WIDTH="16" VPOS="1260" HPOS="655"/>
							<String ID="string_319" HPOS="671" VPOS="1260" WIDTH="77" HEIGHT="20" WC="0.96" CONTENT="därest"/><SP WIDTH="15" VPOS="1260" HPOS="748"/>
							<String ID="string_320" HPOS="763" VPOS="1260" WIDTH="47" HEIGHT="20" WC="0.96" CONTENT="han"/><SP WIDTH="15" VPOS="1260" HPOS="810"/>
							<String ID="string_321" HPOS="825" VPOS="1260" WIDTH="64" HEIGHT="20" WC="0.96" CONTENT="inom"/><SP WIDTH="15" VPOS="1260" HPOS="889"/>
							<String ID="string_322" HPOS="904" VPOS="1260" WIDTH="34" HEIGHT="20" WC="0.96" CONTENT="tid"/><SP WIDTH="16" VPOS="1260" HPOS="938"/>
							<String ID="string_323" HPOS="954" VPOS="1266" WIDTH="50" HEIGHT="14" WC="0.96" CONTENT="som"/><SP WIDTH="15" VPOS="1266" HPOS="1004"/>
							<String ID="string_324" HPOS="1019" VPOS="1267" WIDTH="28" HEIGHT="13" WC="0.96" CONTENT="av"/>
						</TextLine>
						<TextLine ID="line_39" HPOS="203" VPOS="1289" WIDTH="844" HEIGHT="26">
							<String ID="string_325" HPOS="203" VPOS="1291" WIDTH="27" HEIGHT="20" WC="0.65" CONTENT="K."/><SP WIDTH="18" VPOS="1291" HPOS="230"/>
							<String ID="string_326" HPOS="248" VPOS="1291" WIDTH="45" HEIGHT="20" WC="0.96" CONTENT="M:t"/><SP WIDTH="18" VPOS="1291" HPOS="293"/>
							<String ID="string_327" HPOS="311" VPOS="1290" WIDTH="141" HEIGHT="21" WC="0.96" CONTENT="bestämmes"/><SP WIDTH="18" VPOS="1290" HPOS="452"/>
							<String ID="string_328" HPOS="470" VPOS="1290" WIDTH="34" HEIGHT="20" WC="0.75" CONTENT="till"/><SP WIDTH="19" VPOS="1290" HPOS="504"/>
							<String ID="string_329" HPOS="523" VPOS="1290" WIDTH="127" HEIGHT="20" WC="0.93" CONTENT="försvarets"/><SP WIDTH="18" VPOS="1290" HPOS="650"/>
							<String ID="string_330" HPOS="668" VPOS="1289" WIDTH="198" HEIGHT="26" WC="0.92" CONTENT="civilförvaltning"/><SP WIDTH="17" VPOS="1289" HPOS="866"/>
							<String ID="string_331" HPOS="883" VPOS="1289" WIDTH="115" HEIGHT="21" WC="0.93" CONTENT="inbetalar"/><SP WIDTH="17" VPOS="1289" HPOS="998"/>
							<String ID="string_332" HPOS="1015" VPOS="1291" WIDTH="32" HEIGHT="19" WC="0.95" CONTENT="ett"/>
						</TextLine>
						<TextLine ID="line_40" HPOS="203" VPOS="1319" WIDTH="844" HEIGHT="26">
							<String ID="string_333" HPOS="203" VPOS="1320" WIDTH="84" HEIGHT="25" WC="0.96" CONTENT="belopp"/><SP WIDTH="13" VPOS="1320" HPOS="287"/>
							<String ID="string_334" HPOS="300" VPOS="1326" WIDTH="29" HEIGHT="14" WC="0.96" CONTENT="av"/><SP WIDTH="14" VPOS="1326" HPOS="329"/>
							<String ID="string_335" HPOS="343" VPOS="1320" WIDTH="9" HEIGHT="20" WC="0.93" CONTENT="1"/><SP WIDTH="12" VPOS="1320" HPOS="352"/>
							<String ID="string_336" HPOS="364" VPOS="1320" WIDTH="42" HEIGHT="20" WC="0.93" CONTENT="000"/><SP WIDTH="14" VPOS="1320" HPOS="406"/>
							<String ID="string_337" HPOS="420" VPOS="1320" WIDTH="42" HEIGHT="23" WC="0.91" CONTENT="kr.,"/><SP WIDTH="13" VPOS="1320" HPOS="462"/>
							<String ID="string_338" HPOS="475" VPOS="1319" WIDTH="87" HEIGHT="20" WC="0.96" CONTENT="befrias"/><SP WIDTH="14" VPOS="1319" HPOS="562"/>
							<String ID="string_339" HPOS="576" VPOS="1319" WIDTH="53" HEIGHT="20" WC="0.96" CONTENT="från"/><SP WIDTH="14" VPOS="1319" HPOS="629"/>
							<String ID="string_340" HPOS="643" VPOS="1319" WIDTH="146" HEIGHT="20" WC="0.93" CONTENT="återstående"/><SP WIDTH="13" VPOS="1319" HPOS="789"/>
							<String ID="string_341" HPOS="802" VPOS="1319" WIDTH="245" HEIGHT="25" WC="0.92" CONTENT="ersättningsskyldig-"/>
						</TextLine>
						<TextLine ID="line_41" HPOS="203" VPOS="1348" WIDTH="844" HEIGHT="26">
							<String ID="string_342" HPOS="203" VPOS="1350" WIDTH="39" HEIGHT="21" WC="0.96" CONTENT="het"/><SP WIDTH="10" VPOS="1350" HPOS="242"/>
							<String ID="string_343" HPOS="252" VPOS="1350" WIDTH="35" HEIGHT="20" WC="0.93" CONTENT="till"/><SP WIDTH="11" VPOS="1350" HPOS="287"/>
							<String ID="string_344" HPOS="298" VPOS="1349" WIDTH="140" HEIGHT="21" WC="0.92" CONTENT="statsverket"/><SP WIDTH="9" VPOS="1349" HPOS="438"/>
							<String ID="string_345" HPOS="447" VPOS="1349" WIDTH="35" HEIGHT="20" WC="0.96" CONTENT="till"/><SP WIDTH="10" VPOS="1349" HPOS="482"/>
							<String ID="string_346" HPOS="492" VPOS="1349" WIDTH="60" HEIGHT="25" WC="0.96" CONTENT="följd"/><SP WIDTH="10" VPOS="1349" HPOS="552"/>
							<String ID="string_347" HPOS="562" VPOS="1355" WIDTH="27" HEIGHT="14" WC="0.96" CONTENT="av"/><SP WIDTH="9" VPOS="1355" HPOS="589"/>
							<String ID="string_348" HPOS="598" VPOS="1349" WIDTH="7" HEIGHT="20" WC="0.96" CONTENT="i"/><SP WIDTH="10" VPOS="1349" HPOS="605"/>
							<String ID="string_349" HPOS="615" VPOS="1349" WIDTH="98" HEIGHT="20" WC="0.93" CONTENT="berörda"/><SP WIDTH="10" VPOS="1349" HPOS="713"/>
							<String ID="string_350" HPOS="723" VPOS="1348" WIDTH="232" HEIGHT="25" WC="0.91" CONTENT="statsrådsprotokoll"/><SP WIDTH="9" VPOS="1348" HPOS="955"/>
							<String ID="string_351" HPOS="964" VPOS="1350" WIDTH="83" HEIGHT="19" WC="0.96" CONTENT="nämnt"/>
						</TextLine>
						<TextLine ID="line_42" HPOS="203" VPOS="1378" WIDTH="333" HEIGHT="26">
							<String ID="string_352" HPOS="203" VPOS="1379" WIDTH="124" HEIGHT="25" WC="0.94" CONTENT="olycksfall"/><SP WIDTH="10" VPOS="1379" HPOS="327"/>
							<String ID="string_353" HPOS="337" VPOS="1379" WIDTH="45" HEIGHT="20" WC="0.96" CONTENT="den"/><SP WIDTH="10" VPOS="1379" HPOS="382"/>
							<String ID="string_354" HPOS="392" VPOS="1379" WIDTH="12" HEIGHT="20" WC="0.96" CONTENT="3"/><SP WIDTH="10" VPOS="1379" HPOS="404"/>
							<String ID="string_355" HPOS="414" VPOS="1379" WIDTH="47" HEIGHT="24" WC="0.96" CONTENT="maj"/><SP WIDTH="12" VPOS="1379" HPOS="461"/>
							<String ID="string_356" HPOS="473" VPOS="1378" WIDTH="63" HEIGHT="21" WC="0.96" CONTENT="1946."/>
						</TextLine>
					</TextBlock>
					<TextBlock ID="block_9" HPOS="175" VPOS="1408" WIDTH="872" HEIGHT="85">
						<TextLine ID="line_43" HPOS="175" VPOS="1408" WIDTH="872" HEIGHT="26">
							<String ID="string_357" HPOS="175" VPOS="1415" WIDTH="10" HEIGHT="14" WC="0.92" CONTENT="9"/><SP WIDTH="19" VPOS="1415" HPOS="185"/>
							<String ID="string_358" HPOS="204" VPOS="1409" WIDTH="39" HEIGHT="20" WC="0.90" CONTENT="RD"/><SP WIDTH="17" VPOS="1409" HPOS="243"/>
							<String ID="string_359" HPOS="260" VPOS="1409" WIDTH="125" HEIGHT="25" WC="0.89" CONTENT="medgiver,"/><SP WIDTH="16" VPOS="1409" HPOS="385"/>
							<String ID="string_360" HPOS="401" VPOS="1409" WIDTH="34" HEIGHT="19" WC="0.96" CONTENT="att"/><SP WIDTH="16" VPOS="1409" HPOS="435"/>
							<String ID="string_361" HPOS="451" VPOS="1408" WIDTH="103" HEIGHT="20" WC="0.96" CONTENT="kronans"/><SP WIDTH="15" VPOS="1408" HPOS="554"/>
							<String ID="string_362" HPOS="569" VPOS="1408" WIDTH="8" HEIGHT="20" WC="0.93" CONTENT="i"/><SP WIDTH="16" VPOS="1408" HPOS="577"/>
							<String ID="string_363" HPOS="593" VPOS="1408" WIDTH="257" HEIGHT="25" WC="0.91" CONTENT="statsrådsprotokollet"/><SP WIDTH="15" VPOS="1408" HPOS="850"/>
							<String ID="string_364" HPOS="865" VPOS="1409" WIDTH="54" HEIGHT="19" WC="0.93" CONTENT="över"/><SP WIDTH="16" VPOS="1409" HPOS="919"/>
							<String ID="string_365" HPOS="935" VPOS="1408" WIDTH="112" HEIGHT="20" WC="0.92" CONTENT="försvars-"/>
						</TextLine>
						<TextLine ID="line_44" HPOS="204" VPOS="1437" WIDTH="843" HEIGHT="25">
							<String ID="string_366" HPOS="204" VPOS="1439" WIDTH="103" HEIGHT="20" WC="0.96" CONTENT="ärenden"/><SP WIDTH="11" VPOS="1439" HPOS="307"/>
							<String ID="string_367" HPOS="318" VPOS="1438" WIDTH="37" HEIGHT="20" WC="0.96" CONTENT="för"/><SP WIDTH="11" VPOS="1438" HPOS="355"/>
							<String ID="string_368" HPOS="366" VPOS="1438" WIDTH="44" HEIGHT="20" WC="0.96" CONTENT="den"/><SP WIDTH="12" VPOS="1438" HPOS="410"/>
							<String ID="string_369" HPOS="422" VPOS="1438" WIDTH="12" HEIGHT="20" WC="0.96" CONTENT="8"/><SP WIDTH="11" VPOS="1438" HPOS="434"/>
							<String ID="string_370" HPOS="445" VPOS="1438" WIDTH="48" HEIGHT="24" WC="0.96" CONTENT="jan."/><SP WIDTH="13" VPOS="1438" HPOS="493"/>
							<String ID="string_371" HPOS="506" VPOS="1437" WIDTH="56" HEIGHT="20" WC="0.93" CONTENT="1954"/><SP WIDTH="10" VPOS="1437" HPOS="562"/>
							<String ID="string_372" HPOS="572" VPOS="1437" WIDTH="156" HEIGHT="20" WC="0.91" CONTENT="omförmälda"/><SP WIDTH="11" VPOS="1437" HPOS="728"/>
							<String ID="string_373" HPOS="739" VPOS="1437" WIDTH="97" HEIGHT="21" WC="0.96" CONTENT="fordran"/><SP WIDTH="10" VPOS="1437" HPOS="836"/>
							<String ID="string_374" HPOS="846" VPOS="1437" WIDTH="43" HEIGHT="21" WC="0.93" CONTENT="hos"/><SP WIDTH="11" VPOS="1437" HPOS="889"/>
							<String ID="string_375" HPOS="900" VPOS="1438" WIDTH="26" HEIGHT="20" WC="0.86" CONTENT="A."/><SP WIDTH="11" VPOS="1438" HPOS="926"/>
							<String ID="string_376" HPOS="937" VPOS="1437" WIDTH="24" HEIGHT="21" WC="0.86" CONTENT="G."/><SP WIDTH="11" VPOS="1437" HPOS="961"/>
							<String ID="string_377" HPOS="972" VPOS="1437" WIDTH="75" HEIGHT="21" WC="0.91" CONTENT="Rödin"/>
						</TextLine>
						<TextLine ID="line_45" HPOS="204" VPOS="1468" WIDTH="180" HEIGHT="25">
							<String ID="string_378" HPOS="204" VPOS="1468" WIDTH="38" HEIGHT="20" WC="0.93" CONTENT="må"/><SP WIDTH="10" VPOS="1468" HPOS="242"/>
							<String ID="string_379" HPOS="252" VPOS="1468" WIDTH="132" HEIGHT="25" WC="0.92" CONTENT="eftergivas."/>
						</TextLine>
					</TextBlock>
				</ComposedBlock>
				<ComposedBlock ID="cblock_5" HPOS="176" VPOS="1561" WIDTH="872" HEIGHT="555">
					<TextBlock ID="block_10" HPOS="177" VPOS="1561" WIDTH="871" HEIGHT="110">
						<TextLine ID="line_46" HPOS="177" VPOS="1561" WIDTH="871" HEIGHT="26">
							<String ID="string_380" HPOS="177" VPOS="1568" WIDTH="7" HEIGHT="14" WC="0.93" CONTENT="1"/><SP WIDTH="21" VPOS="1568" HPOS="184"/>
							<String ID="string_381" HPOS="205" VPOS="1562" WIDTH="39" HEIGHT="20" WC="0.88" CONTENT="RD"/><SP WIDTH="14" VPOS="1562" HPOS="244"/>
							<String ID="string_382" HPOS="258" VPOS="1562" WIDTH="124" HEIGHT="25" WC="0.88" CONTENT="medgiver,"/><SP WIDTH="13" VPOS="1562" HPOS="382"/>
							<String ID="string_383" HPOS="395" VPOS="1562" WIDTH="34" HEIGHT="20" WC="0.93" CONTENT="att"/><SP WIDTH="11" VPOS="1562" HPOS="429"/>
							<String ID="string_384" HPOS="440" VPOS="1561" WIDTH="167" HEIGHT="26" WC="0.91" CONTENT="vägarbetaren"/><SP WIDTH="12" VPOS="1561" HPOS="607"/>
							<String ID="string_385" HPOS="619" VPOS="1561" WIDTH="21" HEIGHT="21" WC="0.91" CONTENT="J."/><SP WIDTH="13" VPOS="1561" HPOS="640"/>
							<String ID="string_386" HPOS="653" VPOS="1561" WIDTH="25" HEIGHT="20" WC="0.93" CONTENT="E."/><SP WIDTH="12" VPOS="1561" HPOS="678"/>
							<String ID="string_387" HPOS="690" VPOS="1561" WIDTH="27" HEIGHT="21" WC="0.93" CONTENT="K."/><SP WIDTH="13" VPOS="1561" HPOS="717"/>
							<String ID="string_388" HPOS="730" VPOS="1562" WIDTH="101" HEIGHT="19" WC="0.96" CONTENT="Larsson"/><SP WIDTH="11" VPOS="1562" HPOS="831"/>
							<String ID="string_389" HPOS="842" VPOS="1561" WIDTH="88" HEIGHT="20" WC="0.96" CONTENT="befrias"/><SP WIDTH="12" VPOS="1561" HPOS="930"/>
							<String ID="string_390" HPOS="942" VPOS="1561" WIDTH="54" HEIGHT="20" WC="0.92" CONTENT="från"/><SP WIDTH="12" VPOS="1561" HPOS="996"/>
							<String ID="string_391" HPOS="1008" VPOS="1561" WIDTH="40" HEIGHT="20" WC="0.92" CONTENT="ho-"/>
						</TextLine>
						<TextLine ID="line_47" HPOS="204" VPOS="1591" WIDTH="844" HEIGHT="25">
							<String ID="string_392" HPOS="204" VPOS="1598" WIDTH="55" HEIGHT="14" WC="0.93" CONTENT="nom"/><SP WIDTH="14" VPOS="1598" HPOS="259"/>
							<String ID="string_393" HPOS="273" VPOS="1591" WIDTH="122" HEIGHT="25" WC="0.81" CONTENT="åliggande"/><SP WIDTH="14" VPOS="1591" HPOS="395"/>
							<String ID="string_394" HPOS="409" VPOS="1591" WIDTH="147" HEIGHT="21" WC="0.93" CONTENT="återstående"/><SP WIDTH="13" VPOS="1591" HPOS="556"/>
							<String ID="string_395" HPOS="569" VPOS="1591" WIDTH="276" HEIGHT="25" WC="0.90" CONTENT="ersättningsskyldighet"/><SP WIDTH="14" VPOS="1591" HPOS="845"/>
							<String ID="string_396" HPOS="859" VPOS="1591" WIDTH="35" HEIGHT="20" WC="0.93" CONTENT="till"/><SP WIDTH="14" VPOS="1591" HPOS="894"/>
							<String ID="string_397" HPOS="908" VPOS="1591" WIDTH="140" HEIGHT="20" WC="0.91" CONTENT="statsverket"/>
						</TextLine>
						<TextLine ID="line_48" HPOS="204" VPOS="1621" WIDTH="844" HEIGHT="20">
							<String ID="string_398" HPOS="204" VPOS="1622" WIDTH="7" HEIGHT="19" WC="0.93" CONTENT="i"/><SP WIDTH="14" VPOS="1622" HPOS="211"/>
							<String ID="string_399" HPOS="225" VPOS="1621" WIDTH="46" HEIGHT="20" WC="0.91" CONTENT="anl."/><SP WIDTH="15" VPOS="1621" HPOS="271"/>
							<String ID="string_400" HPOS="286" VPOS="1627" WIDTH="29" HEIGHT="14" WC="0.96" CONTENT="av"/><SP WIDTH="13" VPOS="1627" HPOS="315"/>
							<String ID="string_401" HPOS="328" VPOS="1621" WIDTH="44" HEIGHT="20" WC="0.96" CONTENT="den"/><SP WIDTH="15" VPOS="1621" HPOS="372"/>
							<String ID="string_402" HPOS="387" VPOS="1627" WIDTH="28" HEIGHT="14" WC="0.96" CONTENT="av"/><SP WIDTH="13" VPOS="1627" HPOS="415"/>
							<String ID="string_403" HPOS="428" VPOS="1621" WIDTH="92" HEIGHT="20" WC="0.96" CONTENT="Vadsbo"/><SP WIDTH="14" VPOS="1621" HPOS="520"/>
							<String ID="string_404" HPOS="534" VPOS="1621" WIDTH="134" HEIGHT="20" WC="0.96" CONTENT="häradsrätt"/><SP WIDTH="14" VPOS="1621" HPOS="668"/>
							<String ID="string_405" HPOS="682" VPOS="1621" WIDTH="44" HEIGHT="20" WC="0.96" CONTENT="den"/><SP WIDTH="13" VPOS="1621" HPOS="726"/>
							<String ID="string_406" HPOS="739" VPOS="1621" WIDTH="28" HEIGHT="20" WC="0.96" CONTENT="29"/><SP WIDTH="14" VPOS="1621" HPOS="767"/>
							<String ID="string_407" HPOS="781" VPOS="1621" WIDTH="47" HEIGHT="20" WC="0.93" CONTENT="dec."/><SP WIDTH="16" VPOS="1621" HPOS="828"/>
							<String ID="string_408" HPOS="844" VPOS="1621" WIDTH="53" HEIGHT="20" WC="0.96" CONTENT="1951"/><SP WIDTH="16" VPOS="1621" HPOS="897"/>
							<String ID="string_409" HPOS="913" VPOS="1621" WIDTH="135" HEIGHT="20" WC="0.96" CONTENT="meddelade"/>
						</TextLine>
						<TextLine ID="line_49" HPOS="204" VPOS="1651" WIDTH="91" HEIGHT="20">
							<String ID="string_410" HPOS="204" VPOS="1651" WIDTH="91" HEIGHT="20" WC="0.96" CONTENT="domen."/>
						</TextLine>
					</TextBlock>
					<TextBlock ID="block_11" HPOS="176" VPOS="1680" WIDTH="872" HEIGHT="84">
						<TextLine ID="line_50" HPOS="176" VPOS="1680" WIDTH="872" HEIGHT="26">
							<String ID="string_411" HPOS="176" VPOS="1686" WIDTH="10" HEIGHT="15" WC="0.93" CONTENT="2"/><SP WIDTH="19" VPOS="1686" HPOS="186"/>
							<String ID="string_412" HPOS="205" VPOS="1681" WIDTH="39" HEIGHT="20" WC="0.91" CONTENT="RD"/><SP WIDTH="12" VPOS="1681" HPOS="244"/>
							<String ID="string_413" HPOS="256" VPOS="1681" WIDTH="124" HEIGHT="25" WC="0.91" CONTENT="medgiver,"/><SP WIDTH="12" VPOS="1681" HPOS="380"/>
							<String ID="string_414" HPOS="392" VPOS="1681" WIDTH="34" HEIGHT="19" WC="0.96" CONTENT="att"/><SP WIDTH="11" VPOS="1681" HPOS="426"/>
							<String ID="string_415" HPOS="437" VPOS="1680" WIDTH="103" HEIGHT="20" WC="0.96" CONTENT="kronans"/><SP WIDTH="12" VPOS="1680" HPOS="540"/>
							<String ID="string_416" HPOS="552" VPOS="1680" WIDTH="96" HEIGHT="20" WC="0.96" CONTENT="fordran"/><SP WIDTH="12" VPOS="1680" HPOS="648"/>
							<String ID="string_417" HPOS="660" VPOS="1680" WIDTH="36" HEIGHT="20" WC="0.93" CONTENT="för"/><SP WIDTH="10" VPOS="1680" HPOS="696"/>
							<String ID="string_418" HPOS="706" VPOS="1680" WIDTH="133" HEIGHT="24" WC="0.92" CONTENT="virkesköp,"/><SP WIDTH="12" VPOS="1680" HPOS="839"/>
							<String ID="string_419" HPOS="851" VPOS="1680" WIDTH="10" HEIGHT="20" WC="0.88" CONTENT="1"/><SP WIDTH="12" VPOS="1680" HPOS="861"/>
							<String ID="string_420" HPOS="873" VPOS="1680" WIDTH="40" HEIGHT="20" WC="0.88" CONTENT="727"/><SP WIDTH="12" VPOS="1680" HPOS="913"/>
							<String ID="string_421" HPOS="925" VPOS="1680" WIDTH="35" HEIGHT="20" WC="0.96" CONTENT="kr."/><SP WIDTH="11" VPOS="1680" HPOS="960"/>
							<String ID="string_422" HPOS="971" VPOS="1680" WIDTH="28" HEIGHT="20" WC="0.96" CONTENT="94"/><SP WIDTH="10" VPOS="1680" HPOS="999"/>
							<String ID="string_423" HPOS="1009" VPOS="1680" WIDTH="39" HEIGHT="19" WC="0.96" CONTENT="öre"/>
						</TextLine>
						<TextLine ID="line_51" HPOS="204" VPOS="1709" WIDTH="843" HEIGHT="26">
							<String ID="string_424" HPOS="204" VPOS="1710" WIDTH="73" HEIGHT="25" WC="0.96" CONTENT="jämte"/><SP WIDTH="15" VPOS="1710" HPOS="277"/>
							<String ID="string_425" HPOS="292" VPOS="1711" WIDTH="75" HEIGHT="22" WC="0.96" CONTENT="ränta,"/><SP WIDTH="15" VPOS="1711" HPOS="367"/>
							<String ID="string_426" HPOS="382" VPOS="1710" WIDTH="38" HEIGHT="20" WC="0.96" CONTENT="må"/><SP WIDTH="15" VPOS="1710" HPOS="420"/>
							<String ID="string_427" HPOS="435" VPOS="1710" WIDTH="120" HEIGHT="20" WC="0.96" CONTENT="avskrivas"/><SP WIDTH="14" VPOS="1710" HPOS="555"/>
							<String ID="string_428" HPOS="569" VPOS="1710" WIDTH="74" HEIGHT="20" WC="0.96" CONTENT="under"/><SP WIDTH="15" VPOS="1710" HPOS="643"/>
							<String ID="string_429" HPOS="658" VPOS="1709" WIDTH="169" HEIGHT="25" WC="0.96" CONTENT="förutsättning"/><SP WIDTH="15" VPOS="1709" HPOS="827"/>
							<String ID="string_430" HPOS="842" VPOS="1710" WIDTH="33" HEIGHT="20" WC="0.93" CONTENT="att"/><SP WIDTH="13" VPOS="1710" HPOS="875"/>
							<String ID="string_431" HPOS="888" VPOS="1709" WIDTH="159" HEIGHT="25" WC="0.91" CONTENT="jägmästaren"/>
						</TextLine>
						<TextLine ID="line_52" HPOS="204" VPOS="1739" WIDTH="711" HEIGHT="25">
							<String ID="string_432" HPOS="204" VPOS="1740" WIDTH="7" HEIGHT="20" WC="0.96" CONTENT="i"/><SP WIDTH="11" VPOS="1740" HPOS="211"/>
							<String ID="string_433" HPOS="222" VPOS="1740" WIDTH="51" HEIGHT="20" WC="0.96" CONTENT="Idre"/><SP WIDTH="10" VPOS="1740" HPOS="273"/>
							<String ID="string_434" HPOS="283" VPOS="1740" WIDTH="60" HEIGHT="20" WC="0.93" CONTENT="revir"/><SP WIDTH="9" VPOS="1740" HPOS="343"/>
							<String ID="string_435" HPOS="352" VPOS="1740" WIDTH="25" HEIGHT="20" WC="0.92" CONTENT="G."/><SP WIDTH="9" VPOS="1740" HPOS="377"/>
							<String ID="string_436" HPOS="386" VPOS="1740" WIDTH="68" HEIGHT="20" WC="0.96" CONTENT="Hilde"/><SP WIDTH="9" VPOS="1740" HPOS="454"/>
							<String ID="string_437" HPOS="463" VPOS="1740" WIDTH="35" HEIGHT="19" WC="0.96" CONTENT="till"/><SP WIDTH="10" VPOS="1740" HPOS="498"/>
							<String ID="string_438" HPOS="508" VPOS="1740" WIDTH="91" HEIGHT="19" WC="0.96" CONTENT="kronan"/><SP WIDTH="10" VPOS="1740" HPOS="599"/>
							<String ID="string_439" HPOS="609" VPOS="1739" WIDTH="99" HEIGHT="20" WC="0.96" CONTENT="kontant"/><SP WIDTH="9" VPOS="1739" HPOS="708"/>
							<String ID="string_440" HPOS="717" VPOS="1739" WIDTH="103" HEIGHT="25" WC="0.96" CONTENT="erlägger"/><SP WIDTH="9" VPOS="1739" HPOS="820"/>
							<String ID="string_441" HPOS="829" VPOS="1739" WIDTH="42" HEIGHT="20" WC="0.96" CONTENT="350"/><SP WIDTH="10" VPOS="1739" HPOS="871"/>
							<String ID="string_442" HPOS="881" VPOS="1739" WIDTH="34" HEIGHT="20" WC="0.96" CONTENT="kr."/>
						</TextLine>
					</TextBlock>
					<TextBlock ID="block_12" HPOS="176" VPOS="1768" WIDTH="872" HEIGHT="115">
						<TextLine ID="line_53" HPOS="176" VPOS="1768" WIDTH="872" HEIGHT="26">
							<String ID="string_443" HPOS="176" VPOS="1775" WIDTH="9" HEIGHT="14" WC="0.93" CONTENT="3"/><SP WIDTH="19" VPOS="1775" HPOS="185"/>
							<String ID="string_444" HPOS="204" VPOS="1770" WIDTH="40" HEIGHT="19" WC="0.92" CONTENT="RD"/><SP WIDTH="16" VPOS="1770" HPOS="244"/>
							<String ID="string_445" HPOS="260" VPOS="1769" WIDTH="124" HEIGHT="25" WC="0.91" CONTENT="medgiver,"/><SP WIDTH="16" VPOS="1769" HPOS="384"/>
							<String ID="string_446" HPOS="400" VPOS="1770" WIDTH="34" HEIGHT="19" WC="0.96" CONTENT="att"/><SP WIDTH="15" VPOS="1770" HPOS="434"/>
							<String ID="string_447" HPOS="449" VPOS="1769" WIDTH="103" HEIGHT="20" WC="0.96" CONTENT="kronans"/><SP WIDTH="15" VPOS="1769" HPOS="552"/>
							<String ID="string_448" HPOS="567" VPOS="1769" WIDTH="8" HEIGHT="20" WC="0.93" CONTENT="i"/><SP WIDTH="15" VPOS="1769" HPOS="575"/>
							<String ID="string_449" HPOS="590" VPOS="1769" WIDTH="214" HEIGHT="24" WC="0.92" CONTENT="domänstyrelsens"/><SP WIDTH="15" VPOS="1769" HPOS="804"/>
							<String ID="string_450" HPOS="819" VPOS="1768" WIDTH="175" HEIGHT="26" WC="0.93" CONTENT="framställning"/><SP WIDTH="15" VPOS="1768" HPOS="994"/>
							<String ID="string_451" HPOS="1009" VPOS="1774" WIDTH="39" HEIGHT="15" WC="0.92" CONTENT="an-"/>
						</TextLine>
						<TextLine ID="line_54" HPOS="204" VPOS="1798" WIDTH="844" HEIGHT="26">
							<String ID="string_452" HPOS="204" VPOS="1799" WIDTH="69" HEIGHT="25" WC="0.88" CONTENT="givna"/><SP WIDTH="16" VPOS="1799" HPOS="273"/>
							<String ID="string_453" HPOS="289" VPOS="1799" WIDTH="97" HEIGHT="20" WC="0.88" CONTENT="fordran"/><SP WIDTH="17" VPOS="1799" HPOS="386"/>
							<String ID="string_454" HPOS="403" VPOS="1798" WIDTH="13" HEIGHT="21" WC="0.92" CONTENT="å"/><SP WIDTH="17" VPOS="1798" HPOS="416"/>
							<String ID="string_455" HPOS="433" VPOS="1798" WIDTH="77" HEIGHT="21" WC="0.95" CONTENT="14595"/><SP WIDTH="16" VPOS="1798" HPOS="510"/>
							<String ID="string_456" HPOS="526" VPOS="1798" WIDTH="35" HEIGHT="20" WC="0.94" CONTENT="kr."/><SP WIDTH="16" VPOS="1798" HPOS="561"/>
							<String ID="string_457" HPOS="577" VPOS="1798" WIDTH="28" HEIGHT="21" WC="0.96" CONTENT="38"/><SP WIDTH="16" VPOS="1798" HPOS="605"/>
							<String ID="string_458" HPOS="621" VPOS="1799" WIDTH="39" HEIGHT="20" WC="0.96" CONTENT="öre"/><SP WIDTH="15" VPOS="1799" HPOS="660"/>
							<String ID="string_459" HPOS="675" VPOS="1798" WIDTH="73" HEIGHT="25" WC="0.96" CONTENT="jämte"/><SP WIDTH="16" VPOS="1798" HPOS="748"/>
							<String ID="string_460" HPOS="764" VPOS="1798" WIDTH="68" HEIGHT="20" WC="0.96" CONTENT="ränta"/><SP WIDTH="14" VPOS="1798" HPOS="832"/>
							<String ID="string_461" HPOS="846" VPOS="1798" WIDTH="44" HEIGHT="20" WC="0.93" CONTENT="och"/><SP WIDTH="16" VPOS="1798" HPOS="890"/>
							<String ID="string_462" HPOS="906" VPOS="1798" WIDTH="142" HEIGHT="25" WC="0.91" CONTENT="rättegångs-"/>
						</TextLine>
						<TextLine ID="line_55" HPOS="204" VPOS="1827" WIDTH="843" HEIGHT="26">
							<String ID="string_463" HPOS="204" VPOS="1829" WIDTH="127" HEIGHT="19" WC="0.96" CONTENT="kostnader"/><SP WIDTH="18" VPOS="1829" HPOS="331"/>
							<String ID="string_464" HPOS="349" VPOS="1828" WIDTH="38" HEIGHT="20" WC="0.96" CONTENT="må"/><SP WIDTH="18" VPOS="1828" HPOS="387"/>
							<String ID="string_465" HPOS="405" VPOS="1828" WIDTH="120" HEIGHT="20" WC="0.96" CONTENT="avskrivas"/><SP WIDTH="18" VPOS="1828" HPOS="525"/>
							<String ID="string_466" HPOS="543" VPOS="1828" WIDTH="74" HEIGHT="20" WC="0.95" CONTENT="under"/><SP WIDTH="18" VPOS="1828" HPOS="617"/>
							<String ID="string_467" HPOS="635" VPOS="1828" WIDTH="169" HEIGHT="25" WC="0.95" CONTENT="förutsättning"/><SP WIDTH="18" VPOS="1828" HPOS="804"/>
							<String ID="string_468" HPOS="822" VPOS="1829" WIDTH="33" HEIGHT="19" WC="0.93" CONTENT="att"/><SP WIDTH="17" VPOS="1829" HPOS="855"/>
							<String ID="string_469" HPOS="872" VPOS="1827" WIDTH="24" HEIGHT="21" WC="0.89" CONTENT="G."/><SP WIDTH="17" VPOS="1827" HPOS="896"/>
							<String ID="string_470" HPOS="913" VPOS="1827" WIDTH="83" HEIGHT="21" WC="0.92" CONTENT="Avelin"/><SP WIDTH="16" VPOS="1827" HPOS="996"/>
							<String ID="string_471" HPOS="1012" VPOS="1827" WIDTH="35" HEIGHT="20" WC="0.81" CONTENT="till"/>
						</TextLine>
						<TextLine ID="line_56" HPOS="205" VPOS="1857" WIDTH="409" HEIGHT="26">
							<String ID="string_472" HPOS="205" VPOS="1858" WIDTH="91" HEIGHT="20" WC="0.96" CONTENT="kronan"/><SP WIDTH="10" VPOS="1858" HPOS="296"/>
							<String ID="string_473" HPOS="306" VPOS="1858" WIDTH="100" HEIGHT="20" WC="0.96" CONTENT="kontant"/><SP WIDTH="9" VPOS="1858" HPOS="406"/>
							<String ID="string_474" HPOS="415" VPOS="1858" WIDTH="103" HEIGHT="25" WC="0.96" CONTENT="erlägger"/><SP WIDTH="10" VPOS="1858" HPOS="518"/>
							<String ID="string_475" HPOS="528" VPOS="1857" WIDTH="42" HEIGHT="21" WC="0.96" CONTENT="500"/><SP WIDTH="10" VPOS="1857" HPOS="570"/>
							<String ID="string_476" HPOS="580" VPOS="1858" WIDTH="34" HEIGHT="19" WC="0.95" CONTENT="kr."/>
						</TextLine>
					</TextBlock>
					<TextBlock ID="block_13" HPOS="177" VPOS="1886" WIDTH="871" HEIGHT="230">
						<TextLine ID="line_57" HPOS="177" VPOS="1886" WIDTH="871" HEIGHT="27">
							<String ID="string_477" HPOS="177" VPOS="1893" WIDTH="11" HEIGHT="15" WC="0.93" CONTENT="4"/><SP WIDTH="18" VPOS="1893" HPOS="188"/>
							<String ID="string_478" HPOS="206" VPOS="1888" WIDTH="39" HEIGHT="20" WC="0.91" CONTENT="RD"/><SP WIDTH="12" VPOS="1888" HPOS="245"/>
							<String ID="string_479" HPOS="257" VPOS="1887" WIDTH="153" HEIGHT="26" WC="0.91" CONTENT="bemyndigar"/><SP WIDTH="12" VPOS="1887" HPOS="410"/>
							<String ID="string_480" HPOS="422" VPOS="1887" WIDTH="27" HEIGHT="20" WC="0.92" CONTENT="K."/><SP WIDTH="12" VPOS="1887" HPOS="449"/>
							<String ID="string_481" HPOS="461" VPOS="1887" WIDTH="46" HEIGHT="20" WC="0.96" CONTENT="M:t"/><SP WIDTH="12" VPOS="1887" HPOS="507"/>
							<String ID="string_482" HPOS="519" VPOS="1888" WIDTH="33" HEIGHT="20" WC="0.96" CONTENT="att"/><SP WIDTH="12" VPOS="1888" HPOS="552"/>
							<String ID="string_483" HPOS="564" VPOS="1887" WIDTH="74" HEIGHT="20" WC="0.96" CONTENT="under"/><SP WIDTH="12" VPOS="1887" HPOS="638"/>
							<String ID="string_484" HPOS="650" VPOS="1887" WIDTH="137" HEIGHT="25" WC="0.93" CONTENT="budgetåret"/><SP WIDTH="13" VPOS="1887" HPOS="787"/>
							<String ID="string_485" HPOS="800" VPOS="1886" WIDTH="91" HEIGHT="21" WC="0.92" CONTENT="1955/56"/><SP WIDTH="12" VPOS="1886" HPOS="891"/>
							<String ID="string_486" HPOS="903" VPOS="1887" WIDTH="85" HEIGHT="25" WC="0.96" CONTENT="avgöra"/><SP WIDTH="11" VPOS="1887" HPOS="988"/>
							<String ID="string_487" HPOS="999" VPOS="1886" WIDTH="49" HEIGHT="21" WC="0.96" CONTENT="dels"/>
						</TextLine>
						<TextLine ID="line_58" HPOS="204" VPOS="1916" WIDTH="844" HEIGHT="26">
							<String ID="string_488" HPOS="204" VPOS="1917" WIDTH="79" HEIGHT="25" WC="0.96" CONTENT="frågor"/><SP WIDTH="20" VPOS="1917" HPOS="283"/>
							<String ID="string_489" HPOS="303" VPOS="1923" WIDTH="38" HEIGHT="14" WC="0.96" CONTENT="om"/><SP WIDTH="19" VPOS="1923" HPOS="341"/>
							<String ID="string_490" HPOS="360" VPOS="1917" WIDTH="108" HEIGHT="20" WC="0.95" CONTENT="befrielse"/><SP WIDTH="19" VPOS="1917" HPOS="468"/>
							<String ID="string_491" HPOS="487" VPOS="1916" WIDTH="54" HEIGHT="21" WC="0.93" CONTENT="från"/><SP WIDTH="19" VPOS="1916" HPOS="541"/>
							<String ID="string_492" HPOS="560" VPOS="1916" WIDTH="277" HEIGHT="25" WC="0.91" CONTENT="ersättningsskyldighet"/><SP WIDTH="17" VPOS="1916" HPOS="837"/>
							<String ID="string_493" HPOS="854" VPOS="1916" WIDTH="36" HEIGHT="20" WC="0.95" CONTENT="till"/><SP WIDTH="19" VPOS="1916" HPOS="890"/>
							<String ID="string_494" HPOS="909" VPOS="1916" WIDTH="91" HEIGHT="21" WC="0.95" CONTENT="kronan"/><SP WIDTH="19" VPOS="1916" HPOS="1000"/>
							<String ID="string_495" HPOS="1019" VPOS="1916" WIDTH="29" HEIGHT="25" WC="0.95" CONTENT="på"/>
						</TextLine>
						<TextLine ID="line_59" HPOS="205" VPOS="1946" WIDTH="843" HEIGHT="26">
							<String ID="string_496" HPOS="205" VPOS="1947" WIDTH="75" HEIGHT="25" WC="0.96" CONTENT="grund"/><SP WIDTH="12" VPOS="1947" HPOS="280"/>
							<String ID="string_497" HPOS="292" VPOS="1953" WIDTH="28" HEIGHT="14" WC="0.96" CONTENT="av"/><SP WIDTH="11" VPOS="1953" HPOS="320"/>
							<String ID="string_498" HPOS="331" VPOS="1946" WIDTH="87" HEIGHT="21" WC="0.96" CONTENT="förlust"/><SP WIDTH="10" VPOS="1946" HPOS="418"/>
							<String ID="string_499" HPOS="428" VPOS="1952" WIDTH="28" HEIGHT="14" WC="0.96" CONTENT="av"/><SP WIDTH="11" VPOS="1952" HPOS="456"/>
							<String ID="string_500" HPOS="467" VPOS="1946" WIDTH="55" HEIGHT="21" WC="0.95" CONTENT="eller"/><SP WIDTH="12" VPOS="1946" HPOS="522"/>
							<String ID="string_501" HPOS="534" VPOS="1946" WIDTH="73" HEIGHT="20" WC="0.93" CONTENT="skada"/><SP WIDTH="11" VPOS="1946" HPOS="607"/>
							<String ID="string_502" HPOS="618" VPOS="1946" WIDTH="13" HEIGHT="20" WC="0.93" CONTENT="å"/><SP WIDTH="11" VPOS="1946" HPOS="631"/>
							<String ID="string_503" HPOS="642" VPOS="1946" WIDTH="112" HEIGHT="25" WC="0.96" CONTENT="egendom"/><SP WIDTH="11" VPOS="1946" HPOS="754"/>
							<String ID="string_504" HPOS="765" VPOS="1946" WIDTH="104" HEIGHT="25" WC="0.96" CONTENT="tillhörig"/><SP WIDTH="11" VPOS="1946" HPOS="869"/>
							<String ID="string_505" HPOS="880" VPOS="1946" WIDTH="168" HEIGHT="25" WC="0.96" CONTENT="krigsmakten,"/>
						</TextLine>
						<TextLine ID="line_60" HPOS="205" VPOS="1975" WIDTH="843" HEIGHT="26">
							<String ID="string_506" HPOS="205" VPOS="1976" WIDTH="49" HEIGHT="21" WC="0.96" CONTENT="dels"/><SP WIDTH="13" VPOS="1976" HPOS="254"/>
							<String ID="string_507" HPOS="267" VPOS="1976" WIDTH="45" HEIGHT="20" WC="0.96" CONTENT="ock"/><SP WIDTH="12" VPOS="1976" HPOS="312"/>
							<String ID="string_508" HPOS="324" VPOS="1976" WIDTH="79" HEIGHT="25" WC="0.88" CONTENT="frågor"/><SP WIDTH="13" VPOS="1976" HPOS="403"/>
							<String ID="string_509" HPOS="416" VPOS="1982" WIDTH="38" HEIGHT="14" WC="0.93" CONTENT="om"/><SP WIDTH="13" VPOS="1982" HPOS="454"/>
							<String ID="string_510" HPOS="467" VPOS="1976" WIDTH="198" HEIGHT="20" WC="0.91" CONTENT="efterskänkande"/><SP WIDTH="13" VPOS="1976" HPOS="665"/>
							<String ID="string_511" HPOS="678" VPOS="1982" WIDTH="28" HEIGHT="14" WC="0.96" CONTENT="av"/><SP WIDTH="12" VPOS="1982" HPOS="706"/>
							<String ID="string_512" HPOS="718" VPOS="1975" WIDTH="103" HEIGHT="24" WC="0.95" CONTENT="fordran,"/><SP WIDTH="14" VPOS="1975" HPOS="821"/>
							<String ID="string_513" HPOS="835" VPOS="1981" WIDTH="50" HEIGHT="15" WC="0.96" CONTENT="som"/><SP WIDTH="13" VPOS="1981" HPOS="885"/>
							<String ID="string_514" HPOS="898" VPOS="1976" WIDTH="104" HEIGHT="24" WC="0.96" CONTENT="grundar"/><SP WIDTH="12" VPOS="1976" HPOS="1002"/>
							<String ID="string_515" HPOS="1014" VPOS="1976" WIDTH="34" HEIGHT="25" WC="0.96" CONTENT="sig"/>
						</TextLine>
						<TextLine ID="line_61" HPOS="205" VPOS="2005" WIDTH="843" HEIGHT="26">
							<String ID="string_516" HPOS="205" VPOS="2006" WIDTH="30" HEIGHT="25" WC="0.96" CONTENT="på"/><SP WIDTH="11" VPOS="2006" HPOS="235"/>
							<String ID="string_517" HPOS="246" VPOS="2006" WIDTH="104" HEIGHT="20" WC="0.92" CONTENT="kronans"/><SP WIDTH="12" VPOS="2006" HPOS="350"/>
							<String ID="string_518" HPOS="362" VPOS="2006" WIDTH="138" HEIGHT="25" WC="0.92" CONTENT="regressrätt"/><SP WIDTH="11" VPOS="2006" HPOS="500"/>
							<String ID="string_519" HPOS="511" VPOS="2006" WIDTH="48" HEIGHT="19" WC="0.96" CONTENT="mot"/><SP WIDTH="12" VPOS="2006" HPOS="559"/>
							<String ID="string_520" HPOS="571" VPOS="2005" WIDTH="77" HEIGHT="20" WC="0.96" CONTENT="förare"/><SP WIDTH="12" VPOS="2005" HPOS="648"/>
							<String ID="string_521" HPOS="660" VPOS="2011" WIDTH="27" HEIGHT="14" WC="0.96" CONTENT="av"/><SP WIDTH="12" VPOS="2011" HPOS="687"/>
							<String ID="string_522" HPOS="699" VPOS="2005" WIDTH="102" HEIGHT="20" WC="0.96" CONTENT="kronans"/><SP WIDTH="12" VPOS="2005" HPOS="801"/>
							<String ID="string_523" HPOS="813" VPOS="2005" WIDTH="169" HEIGHT="24" WC="0.93" CONTENT="motorfordon,"/><SP WIDTH="12" VPOS="2005" HPOS="982"/>
							<String ID="string_524" HPOS="994" VPOS="2005" WIDTH="54" HEIGHT="20" WC="0.93" CONTENT="luft-"/>
						</TextLine>
						<TextLine ID="line_62" HPOS="206" VPOS="2035" WIDTH="842" HEIGHT="26">
							<String ID="string_525" HPOS="206" VPOS="2036" WIDTH="78" HEIGHT="25" WC="0.96" CONTENT="fartyg"/><SP WIDTH="12" VPOS="2036" HPOS="284"/>
							<String ID="string_526" HPOS="296" VPOS="2036" WIDTH="43" HEIGHT="20" WC="0.96" CONTENT="etc."/><SP WIDTH="13" VPOS="2036" HPOS="339"/>
							<String ID="string_527" HPOS="352" VPOS="2036" WIDTH="71" HEIGHT="24" WC="0.96" CONTENT="enligt"/><SP WIDTH="14" VPOS="2036" HPOS="423"/>
							<String ID="string_528" HPOS="437" VPOS="2035" WIDTH="27" HEIGHT="21" WC="0.96" CONTENT="de"/><SP WIDTH="12" VPOS="2035" HPOS="464"/>
							<String ID="string_529" HPOS="476" VPOS="2035" WIDTH="8" HEIGHT="20" WC="0.96" CONTENT="i"/><SP WIDTH="13" VPOS="2035" HPOS="484"/>
							<String ID="string_530" HPOS="497" VPOS="2036" WIDTH="79" HEIGHT="19" WC="0.96" CONTENT="ämnet"/><SP WIDTH="12" VPOS="2036" HPOS="576"/>
							<String ID="string_531" HPOS="588" VPOS="2035" WIDTH="107" HEIGHT="25" WC="0.93" CONTENT="gällande"/><SP WIDTH="12" VPOS="2035" HPOS="695"/>
							<String ID="string_532" HPOS="707" VPOS="2035" WIDTH="211" HEIGHT="25" WC="0.91" CONTENT="ansvarsreglerna,"/><SP WIDTH="13" VPOS="2035" HPOS="918"/>
							<String ID="string_533" HPOS="931" VPOS="2035" WIDTH="41" HEIGHT="21" WC="0.96" CONTENT="allt"/><SP WIDTH="12" VPOS="2035" HPOS="972"/>
							<String ID="string_534" HPOS="984" VPOS="2035" WIDTH="7" HEIGHT="20" WC="0.96" CONTENT="i"/><SP WIDTH="13" VPOS="2035" HPOS="991"/>
							<String ID="string_535" HPOS="1004" VPOS="2035" WIDTH="44" HEIGHT="20" WC="0.96" CONTENT="den"/>
						</TextLine>
						<TextLine ID="line_63" HPOS="206" VPOS="2064" WIDTH="842" HEIGHT="26">
							<String ID="string_536" HPOS="206" VPOS="2065" WIDTH="55" HEIGHT="21" WC="0.96" CONTENT="mån"/><SP WIDTH="13" VPOS="2065" HPOS="261"/>
							<String ID="string_537" HPOS="274" VPOS="2065" WIDTH="104" HEIGHT="21" WC="0.95" CONTENT="kronans"/><SP WIDTH="14" VPOS="2065" HPOS="378"/>
							<String ID="string_538" HPOS="392" VPOS="2065" WIDTH="97" HEIGHT="20" WC="0.96" CONTENT="fordran"/><SP WIDTH="13" VPOS="2065" HPOS="489"/>
							<String ID="string_539" HPOS="502" VPOS="2065" WIDTH="7" HEIGHT="20" WC="0.96" CONTENT="i"/><SP WIDTH="13" VPOS="2065" HPOS="509"/>
							<String ID="string_540" HPOS="522" VPOS="2065" WIDTH="39" HEIGHT="20" WC="0.96" CONTENT="det"/><SP WIDTH="13" VPOS="2065" HPOS="561"/>
							<String ID="string_541" HPOS="574" VPOS="2064" WIDTH="116" HEIGHT="21" WC="0.96" CONTENT="särskilda"/><SP WIDTH="14" VPOS="2064" HPOS="690"/>
							<String ID="string_542" HPOS="704" VPOS="2064" WIDTH="65" HEIGHT="21" WC="0.96" CONTENT="fallet"/><SP WIDTH="12" VPOS="2064" HPOS="769"/>
							<String ID="string_543" HPOS="781" VPOS="2064" WIDTH="52" HEIGHT="21" WC="0.96" CONTENT="icke"/><SP WIDTH="12" VPOS="2064" HPOS="833"/>
							<String ID="string_544" HPOS="845" VPOS="2064" WIDTH="126" HEIGHT="26" WC="0.96" CONTENT="överstiger"/><SP WIDTH="13" VPOS="2064" HPOS="971"/>
							<String ID="string_545" HPOS="984" VPOS="2064" WIDTH="13" HEIGHT="21" WC="0.96" CONTENT="5"/><SP WIDTH="9" VPOS="2064" HPOS="997"/>
							<String ID="string_546" HPOS="1006" VPOS="2064" WIDTH="42" HEIGHT="21" WC="0.96" CONTENT="000"/>
						</TextLine>
						<TextLine ID="line_64" HPOS="206" VPOS="2095" WIDTH="34" HEIGHT="21">
							<String ID="string_547" HPOS="206" VPOS="2095" WIDTH="34" HEIGHT="21" WC="0.95" CONTENT="kr."/>
						</TextLine>
					</TextBlock>
				</ComposedBlock>
				<ComposedBlock ID="cblock_6" HPOS="141" VPOS="144" WIDTH="8" HEIGHT="1981">
					<TextBlock ID="block_14" HPOS="141" VPOS="144" WIDTH="8" HEIGHT="1981">
						<TextLine ID="line_65" HPOS="141" VPOS="144" WIDTH="8" HEIGHT="1981">
							<String ID="string_548" HPOS="141" VPOS="144" WIDTH="8" HEIGHT="1981" WC="0.95" CONTENT=" "/>
						</TextLine>
					</TextBlock>
				</ComposedBlock>
				<ComposedBlock ID="cblock_7" HPOS="1178" VPOS="195" WIDTH="556" HEIGHT="4">
					<TextBlock ID="block_15" HPOS="1178" VPOS="195" WIDTH="556" HEIGHT="4">
						<TextLine ID="line_66" HPOS="1178" VPOS="195" WIDTH="556" HEIGHT="4">
							<String ID="string_549" HPOS="1178" VPOS="195" WIDTH="556" HEIGHT="4" WC="0.95" CONTENT=" "/>
						</TextLine>
					</TextBlock>
				</ComposedBlock>
				<ComposedBlock ID="cblock_8" HPOS="1060" VPOS="249" WIDTH="674" HEIGHT="5">
					<TextBlock ID="block_16" HPOS="1060" VPOS="249" WIDTH="674" HEIGHT="5">
						<TextLine ID="line_67" HPOS="1060" VPOS="249" WIDTH="674" HEIGHT="5">
							<String ID="string_550" HPOS="1060" VPOS="249" WIDTH="674" HEIGHT="5" WC="0.95" CONTENT=" "/>
						</TextLine>
					</TextBlock>
				</ComposedBlock>
				<ComposedBlock ID="cblock_9" HPOS="1054" VPOS="144" WIDTH="7" HEIGHT="1980">
					<TextBlock ID="block_17" HPOS="1054" VPOS="144" WIDTH="7" HEIGHT="1980">
						<TextLine ID="line_68" HPOS="1054" VPOS="144" WIDTH="7" HEIGHT="1980">
							<String ID="string_551" HPOS="1054" VPOS="144" WIDTH="7" HEIGHT="1980" WC="0.95" CONTENT=" "/>
						</TextLine>
					</TextBlock>
				</ComposedBlock>
				<ComposedBlock ID="cblock_10" HPOS="1066" VPOS="156" WIDTH="650" HEIGHT="1782">
					<TextBlock ID="block_18" HPOS="1066" VPOS="156" WIDTH="650" HEIGHT="1782">
						<TextLine ID="line_69" HPOS="1066" VPOS="156" WIDTH="614" HEIGHT="61">
							<String ID="string_552" HPOS="1066" VPOS="181" WIDTH="101" HEIGHT="24" WC="0.16" CONTENT="FER"/><SP WIDTH="18" VPOS="181" HPOS="1167"/>
							<String ID="string_553" HPOS="1185" VPOS="156" WIDTH="102" HEIGHT="30" WC="0.95" CONTENT="Motioner"/><SP WIDTH="58" VPOS="156" HPOS="1287"/>
							<String ID="string_554" HPOS="1345" VPOS="156" WIDTH="81" HEIGHT="30" WC="0.96" CONTENT="Utskott"/><SP WIDTH="36" VPOS="156" HPOS="1426"/>
							<String ID="string_555" HPOS="1462" VPOS="157" WIDTH="69" HEIGHT="60" WC="0.93" CONTENT="Skriv."/><SP WIDTH="45" VPOS="157" HPOS="1531"/>
							<String ID="string_556" HPOS="1576" VPOS="157" WIDTH="104" HEIGHT="30" WC="0.95" CONTENT="Protokoll"/>
						</TextLine>
						<TextLine ID="line_70" HPOS="1197" VPOS="214" WIDTH="507" HEIGHT="18">
							<String ID="string_557" HPOS="1197" VPOS="215" WIDTH="30" HEIGHT="17" WC="0.95" CONTENT="FK"/><SP WIDTH="2" VPOS="215" HPOS="1227"/>
							<String ID="string_558" HPOS="1229" VPOS="205" WIDTH="23" HEIGHT="36" WC="0.95" CONTENT="|"/><SP WIDTH="9" VPOS="205" HPOS="1252"/>
							<String ID="string_559" HPOS="1261" VPOS="215" WIDTH="32" HEIGHT="17" WC="0.93" CONTENT="AK"/><SP WIDTH="21" VPOS="215" HPOS="1293"/>
							<String ID="string_560" HPOS="1314" VPOS="214" WIDTH="87" HEIGHT="17" WC="0.11" CONTENT="ISmllAvd|"/><SP WIDTH="23" VPOS="214" HPOS="1401"/>
							<String ID="string_561" HPOS="1424" VPOS="215" WIDTH="26" HEIGHT="16" WC="0.94" CONTENT="Nr"/><SP WIDTH="121" VPOS="215" HPOS="1450"/>
							<String ID="string_562" HPOS="1571" VPOS="215" WIDTH="31" HEIGHT="17" WC="0.87" CONTENT="FK"/><SP WIDTH="69" VPOS="215" HPOS="1602"/>
							<String ID="string_563" HPOS="1671" VPOS="215" WIDTH="33" HEIGHT="17" WC="0.83" CONTENT="AK"/>
						</TextLine>
						<TextLine ID="line_71" HPOS="1071" VPOS="285" WIDTH="30" HEIGHT="23">
							<String ID="string_564" HPOS="1071" VPOS="285" WIDTH="30" HEIGHT="23" WC="0.61" CONTENT="SA"/>
						</TextLine>
						<TextLine ID="line_72" HPOS="1070" VPOS="345" WIDTH="644" HEIGHT="23">
							<String ID="string_565" HPOS="1070" VPOS="345" WIDTH="31" HEIGHT="22" WC="0.47" CONTENT="54]"/><SP WIDTH="35" VPOS="345" HPOS="1101"/>
							<String ID="string_566" HPOS="1136" VPOS="347" WIDTH="28" HEIGHT="20" WC="0.84" CONTENT="44"/><SP WIDTH="9" VPOS="347" HPOS="1164"/>
							<String ID="string_567" HPOS="1173" VPOS="341" WIDTH="23" HEIGHT="35" WC="0.63" CONTENT="|"/><SP WIDTH="14" VPOS="341" HPOS="1196"/>
							<String ID="string_568" HPOS="1210" VPOS="358" WIDTH="26" HEIGHT="3" WC="0.0" CONTENT="—1I"/><SP WIDTH="39" VPOS="358" HPOS="1236"/>
							<String ID="string_569" HPOS="1275" VPOS="359" WIDTH="27" HEIGHT="2" WC="0.38" CONTENT="1"/><SP WIDTH="39" VPOS="359" HPOS="1302"/>
							<String ID="string_570" HPOS="1341" VPOS="347" WIDTH="13" HEIGHT="20" WC="0.65" CONTENT="6)"/><SP WIDTH="22" VPOS="347" HPOS="1354"/>
							<String ID="string_571" HPOS="1376" VPOS="359" WIDTH="26" HEIGHT="2" WC="0.80" CONTENT="—I"/><SP WIDTH="30" VPOS="359" HPOS="1402"/>
							<String ID="string_572" HPOS="1432" VPOS="347" WIDTH="144" HEIGHT="21" WC="0.48" CONTENT="711174114:"/><SP WIDTH="17" VPOS="347" HPOS="1576"/>
							<String ID="string_573" HPOS="1593" VPOS="352" WIDTH="21" HEIGHT="15" WC="0.26" CONTENT="18:"/><SP WIDTH="29" VPOS="352" HPOS="1614"/>
							<String ID="string_574" HPOS="1643" VPOS="347" WIDTH="34" HEIGHT="20" WC="0.0" CONTENT="14:"/><SP WIDTH="15" VPOS="347" HPOS="1677"/>
							<String ID="string_575" HPOS="1692" VPOS="352" WIDTH="22" HEIGHT="15" WC="0.96" CONTENT="33"/>
						</TextLine>
						<TextLine ID="line_73" HPOS="1138" VPOS="380" WIDTH="323" HEIGHT="17">
							<String ID="string_576" HPOS="1138" VPOS="380" WIDTH="11" HEIGHT="16" WC="0.96" CONTENT="2"/><SP WIDTH="302" VPOS="380" HPOS="1149"/>
							<String ID="string_577" HPOS="1451" VPOS="381" WIDTH="10" HEIGHT="16" WC="0.41" CONTENT="ci"/>
						</TextLine>
						<TextLine ID="line_74" HPOS="1070" VPOS="701" WIDTH="645" HEIGHT="23">
							<String ID="string_578" HPOS="1070" VPOS="701" WIDTH="30" HEIGHT="22" WC="0.35" CONTENT="54|"/><SP WIDTH="36" VPOS="701" HPOS="1100"/>
							<String ID="string_579" HPOS="1136" VPOS="703" WIDTH="29" HEIGHT="20" WC="0.92" CONTENT="441"/><SP WIDTH="45" VPOS="703" HPOS="1165"/>
							<String ID="string_580" HPOS="1210" VPOS="715" WIDTH="27" HEIGHT="3" WC="0.51" CONTENT="—I"/><SP WIDTH="39" VPOS="715" HPOS="1237"/>
							<String ID="string_581" HPOS="1276" VPOS="716" WIDTH="26" HEIGHT="2" WC="0.0" CONTENT="—I"/><SP WIDTH="39" VPOS="716" HPOS="1302"/>
							<String ID="string_582" HPOS="1341" VPOS="703" WIDTH="13" HEIGHT="21" WC="0.59" CONTENT="6"/><SP WIDTH="23" VPOS="703" HPOS="1354"/>
							<String ID="string_583" HPOS="1377" VPOS="715" WIDTH="26" HEIGHT="3" WC="0.85" CONTENT="—I"/><SP WIDTH="30" VPOS="715" HPOS="1403"/>
							<String ID="string_584" HPOS="1433" VPOS="704" WIDTH="93" HEIGHT="20" WC="0.0" CONTENT="711174"/><SP WIDTH="17" VPOS="704" HPOS="1526"/>
							<String ID="string_585" HPOS="1543" VPOS="704" WIDTH="79" HEIGHT="20" WC="0.0" CONTENT="14:18"/><SP WIDTH="20" VPOS="704" HPOS="1622"/>
							<String ID="string_586" HPOS="1642" VPOS="703" WIDTH="35" HEIGHT="21" WC="0.76" CONTENT="114:"/><SP WIDTH="15" VPOS="703" HPOS="1677"/>
							<String ID="string_587" HPOS="1692" VPOS="708" WIDTH="23" HEIGHT="15" WC="0.96" CONTENT="33"/>
						</TextLine>
						<TextLine ID="line_75" HPOS="1108" VPOS="738" WIDTH="354" HEIGHT="15">
							<String ID="string_588" HPOS="1108" VPOS="738" WIDTH="48" HEIGHT="15" WC="0.80" CONTENT="3—5"/><SP WIDTH="295" VPOS="738" HPOS="1156"/>
							<String ID="string_589" HPOS="1451" VPOS="738" WIDTH="11" HEIGHT="15" WC="0.96" CONTENT="2"/>
						</TextLine>
						<TextLine ID="line_76" HPOS="1070" VPOS="1029" WIDTH="645" HEIGHT="22">
							<String ID="string_590" HPOS="1070" VPOS="1029" WIDTH="30" HEIGHT="21" WC="0.40" CONTENT="54|"/><SP WIDTH="36" VPOS="1029" HPOS="1100"/>
							<String ID="string_591" HPOS="1136" VPOS="1030" WIDTH="29" HEIGHT="20" WC="0.0" CONTENT="44"/><SP WIDTH="28" VPOS="1030" HPOS="1165"/>
							<String ID="string_592" HPOS="1193" VPOS="1030" WIDTH="108" HEIGHT="21" WC="0.0" CONTENT="11511218]"/><SP WIDTH="40" VPOS="1030" HPOS="1301"/>
							<String ID="string_593" HPOS="1341" VPOS="1030" WIDTH="13" HEIGHT="20" WC="0.78" CONTENT="6)"/><SP WIDTH="23" VPOS="1030" HPOS="1354"/>
							<String ID="string_594" HPOS="1377" VPOS="1042" WIDTH="26" HEIGHT="3" WC="0.81" CONTENT="—|"/><SP WIDTH="30" VPOS="1042" HPOS="1403"/>
							<String ID="string_595" HPOS="1433" VPOS="1030" WIDTH="144" HEIGHT="21" WC="0.56" CONTENT="711174114:"/><SP WIDTH="16" VPOS="1030" HPOS="1577"/>
							<String ID="string_596" HPOS="1593" VPOS="1035" WIDTH="21" HEIGHT="15" WC="0.96" CONTENT="18"/><SP WIDTH="29" VPOS="1035" HPOS="1614"/>
							<String ID="string_597" HPOS="1643" VPOS="1030" WIDTH="34" HEIGHT="20" WC="0.0" CONTENT="14:"/><SP WIDTH="16" VPOS="1030" HPOS="1677"/>
							<String ID="string_598" HPOS="1693" VPOS="1035" WIDTH="22" HEIGHT="15" WC="0.96" CONTENT="33"/>
						</TextLine>
						<TextLine ID="line_77" HPOS="1139" VPOS="1064" WIDTH="322" HEIGHT="16">
							<String ID="string_599" HPOS="1139" VPOS="1064" WIDTH="10" HEIGHT="15" WC="0.96" CONTENT="6"/><SP WIDTH="302" VPOS="1064" HPOS="1149"/>
							<String ID="string_600" HPOS="1451" VPOS="1064" WIDTH="10" HEIGHT="16" WC="0.90" CONTENT="8"/>
						</TextLine>
						<TextLine ID="line_78" HPOS="1070" VPOS="1117" WIDTH="645" HEIGHT="23">
							<String ID="string_601" HPOS="1070" VPOS="1117" WIDTH="30" HEIGHT="22" WC="0.46" CONTENT="54]"/><SP WIDTH="36" VPOS="1117" HPOS="1100"/>
							<String ID="string_602" HPOS="1136" VPOS="1119" WIDTH="29" HEIGHT="20" WC="0.86" CONTENT="441"/><SP WIDTH="45" VPOS="1119" HPOS="1165"/>
							<String ID="string_603" HPOS="1210" VPOS="1131" WIDTH="27" HEIGHT="3" WC="0.63" CONTENT="—I"/><SP WIDTH="39" VPOS="1131" HPOS="1237"/>
							<String ID="string_604" HPOS="1276" VPOS="1131" WIDTH="26" HEIGHT="3" WC="0.0" CONTENT="—I"/><SP WIDTH="39" VPOS="1131" HPOS="1302"/>
							<String ID="string_605" HPOS="1341" VPOS="1119" WIDTH="14" HEIGHT="20" WC="0.62" CONTENT="6)"/><SP WIDTH="22" VPOS="1119" HPOS="1355"/>
							<String ID="string_606" HPOS="1377" VPOS="1131" WIDTH="26" HEIGHT="3" WC="0.67" CONTENT="—I"/><SP WIDTH="30" VPOS="1131" HPOS="1403"/>
							<String ID="string_607" HPOS="1433" VPOS="1119" WIDTH="93" HEIGHT="21" WC="0.28" CONTENT="711174"/><SP WIDTH="16" VPOS="1119" HPOS="1526"/>
							<String ID="string_608" HPOS="1542" VPOS="1119" WIDTH="35" HEIGHT="20" WC="0.28" CONTENT="114:"/><SP WIDTH="16" VPOS="1119" HPOS="1577"/>
							<String ID="string_609" HPOS="1593" VPOS="1124" WIDTH="21" HEIGHT="15" WC="0.94" CONTENT="18"/><SP WIDTH="29" VPOS="1124" HPOS="1614"/>
							<String ID="string_610" HPOS="1643" VPOS="1119" WIDTH="35" HEIGHT="20" WC="0.10" CONTENT="14:"/><SP WIDTH="15" VPOS="1119" HPOS="1678"/>
							<String ID="string_611" HPOS="1693" VPOS="1124" WIDTH="22" HEIGHT="15" WC="0.96" CONTENT="33"/>
						</TextLine>
						<TextLine ID="line_79" HPOS="1108" VPOS="1153" WIDTH="354" HEIGHT="16">
							<String ID="string_612" HPOS="1108" VPOS="1153" WIDTH="48" HEIGHT="16" WC="0.84" CONTENT="7—8"/><SP WIDTH="296" VPOS="1153" HPOS="1156"/>
							<String ID="string_613" HPOS="1452" VPOS="1153" WIDTH="10" HEIGHT="16" WC="0.96" CONTENT="5"/>
						</TextLine>
						<TextLine ID="line_80" HPOS="1070" VPOS="1414" WIDTH="646" HEIGHT="22">
							<String ID="string_614" HPOS="1070" VPOS="1414" WIDTH="30" HEIGHT="22" WC="0.38" CONTENT="54)"/><SP WIDTH="36" VPOS="1414" HPOS="1100"/>
							<String ID="string_615" HPOS="1136" VPOS="1416" WIDTH="29" HEIGHT="20" WC="0.50" CONTENT="44]"/><SP WIDTH="69" VPOS="1416" HPOS="1165"/>
							<String ID="string_616" HPOS="1234" VPOS="1428" WIDTH="3" HEIGHT="2" WC="0.0" CONTENT="I"/><SP WIDTH="39" VPOS="1428" HPOS="1237"/>
							<String ID="string_617" HPOS="1276" VPOS="1428" WIDTH="26" HEIGHT="3" WC="0.0" CONTENT="—P"/><SP WIDTH="39" VPOS="1428" HPOS="1302"/>
							<String ID="string_618" HPOS="1341" VPOS="1416" WIDTH="14" HEIGHT="20" WC="0.0" CONTENT="6"/><SP WIDTH="22" VPOS="1416" HPOS="1355"/>
							<String ID="string_619" HPOS="1377" VPOS="1428" WIDTH="26" HEIGHT="2" WC="0.0" CONTENT="—]"/><SP WIDTH="30" VPOS="1428" HPOS="1403"/>
							<String ID="string_620" HPOS="1433" VPOS="1416" WIDTH="182" HEIGHT="20" WC="0.2" CONTENT="711174]14:”18"/><SP WIDTH="28" VPOS="1416" HPOS="1615"/>
							<String ID="string_621" HPOS="1643" VPOS="1415" WIDTH="35" HEIGHT="21" WC="0.88" CONTENT="14:"/><SP WIDTH="15" VPOS="1415" HPOS="1678"/>
							<String ID="string_622" HPOS="1693" VPOS="1420" WIDTH="23" HEIGHT="16" WC="0.96" CONTENT="33"/>
						</TextLine>
						<TextLine ID="line_81" HPOS="1139" VPOS="1450" WIDTH="323" HEIGHT="15">
							<String ID="string_623" HPOS="1139" VPOS="1450" WIDTH="10" HEIGHT="15" WC="0.96" CONTENT="9"/><SP WIDTH="303" VPOS="1450" HPOS="1149"/>
							<String ID="string_624" HPOS="1452" VPOS="1450" WIDTH="10" HEIGHT="15" WC="0.96" CONTENT="6"/>
						</TextLine>
						<TextLine ID="line_82" HPOS="1070" VPOS="1560" WIDTH="634" HEIGHT="22">
							<String ID="string_625" HPOS="1070" VPOS="1560" WIDTH="30" HEIGHT="22" WC="0.87" CONTENT="55l"/><SP WIDTH="36" VPOS="1560" HPOS="1100"/>
							<String ID="string_626" HPOS="1136" VPOS="1562" WIDTH="29" HEIGHT="20" WC="0.66" CONTENT="301"/><SP WIDTH="45" VPOS="1562" HPOS="1165"/>
							<String ID="string_627" HPOS="1210" VPOS="1574" WIDTH="27" HEIGHT="2" WC="0.40" CONTENT="—I"/><SP WIDTH="39" VPOS="1574" HPOS="1237"/>
							<String ID="string_628" HPOS="1276" VPOS="1574" WIDTH="26" HEIGHT="2" WC="0.0" CONTENT="—1]"/><SP WIDTH="39" VPOS="1574" HPOS="1302"/>
							<String ID="string_629" HPOS="1341" VPOS="1561" WIDTH="14" HEIGHT="21" WC="0.43" CONTENT="6)"/><SP WIDTH="22" VPOS="1561" HPOS="1355"/>
							<String ID="string_630" HPOS="1377" VPOS="1574" WIDTH="26" HEIGHT="2" WC="0.83" CONTENT="—I"/><SP WIDTH="29" VPOS="1574" HPOS="1403"/>
							<String ID="string_631" HPOS="1432" VPOS="1562" WIDTH="29" HEIGHT="20" WC="0.55" CONTENT="261"/><SP WIDTH="38" VPOS="1562" HPOS="1461"/>
							<String ID="string_632" HPOS="1499" VPOS="1561" WIDTH="27" HEIGHT="21" WC="0.89" CONTENT="721"/><SP WIDTH="30" VPOS="1561" HPOS="1526"/>
							<String ID="string_633" HPOS="1556" VPOS="1561" WIDTH="58" HEIGHT="21" WC="0.92" CONTENT="4:117"/><SP WIDTH="12" VPOS="1561" HPOS="1614"/>
							<String ID="string_634" HPOS="1626" VPOS="1556" WIDTH="23" HEIGHT="36" WC="0.86" CONTENT="|"/><SP WIDTH="8" VPOS="1556" HPOS="1649"/>
							<String ID="string_635" HPOS="1657" VPOS="1562" WIDTH="47" HEIGHT="20" WC="0.86" CONTENT="5:"/><SP WIDTH="-20" VPOS="1562" HPOS="1704"/>
							<String ID="string_636" HPOS="1684" VPOS="1556" WIDTH="24" HEIGHT="36" WC="0.96" CONTENT="8"/>
						</TextLine>
						<TextLine ID="line_83" HPOS="1070" VPOS="1679" WIDTH="646" HEIGHT="22">
							<String ID="string_637" HPOS="1070" VPOS="1679" WIDTH="30" HEIGHT="22" WC="0.80" CONTENT="55l"/><SP WIDTH="37" VPOS="1679" HPOS="1100"/>
							<String ID="string_638" HPOS="1137" VPOS="1681" WIDTH="28" HEIGHT="20" WC="0.68" CONTENT="34]"/><SP WIDTH="46" VPOS="1681" HPOS="1165"/>
							<String ID="string_639" HPOS="1211" VPOS="1692" WIDTH="26" HEIGHT="3" WC="0.72" CONTENT="—I"/><SP WIDTH="39" VPOS="1692" HPOS="1237"/>
							<String ID="string_640" HPOS="1276" VPOS="1680" WIDTH="78" HEIGHT="21" WC="0.36" CONTENT="—110"/><SP WIDTH="94" VPOS="1680" HPOS="1354"/>
							<String ID="string_641" HPOS="1448" VPOS="1680" WIDTH="154" HEIGHT="21" WC="0.22" CONTENT="31-961-5::9"/><SP WIDTH="55" VPOS="1680" HPOS="1602"/>
							<String ID="string_642" HPOS="1657" VPOS="1680" WIDTH="21" HEIGHT="21" WC="0.52" CONTENT="1-5:"/><SP WIDTH="16" VPOS="1680" HPOS="1678"/>
							<String ID="string_643" HPOS="1694" VPOS="1685" WIDTH="22" HEIGHT="15" WC="0.96" CONTENT="26"/>
						</TextLine>
						<TextLine ID="line_84" HPOS="1140" VPOS="1715" WIDTH="321" HEIGHT="15">
							<String ID="string_644" HPOS="1140" VPOS="1715" WIDTH="8" HEIGHT="15" WC="0.96" CONTENT="1"/><SP WIDTH="305" VPOS="1715" HPOS="1148"/>
							<String ID="string_645" HPOS="1453" VPOS="1715" WIDTH="8" HEIGHT="15" WC="0.96" CONTENT="1"/>
						</TextLine>
						<TextLine ID="line_85" HPOS="1070" VPOS="1768" WIDTH="646" HEIGHT="22">
							<String ID="string_646" HPOS="1070" VPOS="1768" WIDTH="30" HEIGHT="22" WC="0.68" CONTENT="55l"/><SP WIDTH="37" VPOS="1768" HPOS="1100"/>
							<String ID="string_647" HPOS="1137" VPOS="1770" WIDTH="28" HEIGHT="20" WC="0.47" CONTENT="34)"/><SP WIDTH="46" VPOS="1770" HPOS="1165"/>
							<String ID="string_648" HPOS="1211" VPOS="1782" WIDTH="26" HEIGHT="2" WC="0.40" CONTENT="—I"/><SP WIDTH="39" VPOS="1782" HPOS="1237"/>
							<String ID="string_649" HPOS="1276" VPOS="1769" WIDTH="127" HEIGHT="21" WC="0.11" CONTENT="—I10l-—]-"/><SP WIDTH="45" VPOS="1769" HPOS="1403"/>
							<String ID="string_650" HPOS="1448" VPOS="1770" WIDTH="13" HEIGHT="20" WC="0.1" CONTENT="81:"/><SP WIDTH="37" VPOS="1770" HPOS="1461"/>
							<String ID="string_651" HPOS="1498" VPOS="1769" WIDTH="104" HEIGHT="21" WC="0.1" CONTENT="961-:5:-9"/><SP WIDTH="55" VPOS="1769" HPOS="1602"/>
							<String ID="string_652" HPOS="1657" VPOS="1769" WIDTH="21" HEIGHT="21" WC="0.94" CONTENT="5:"/><SP WIDTH="16" VPOS="1769" HPOS="1678"/>
							<String ID="string_653" HPOS="1694" VPOS="1773" WIDTH="22" HEIGHT="16" WC="0.96" CONTENT="26"/>
						</TextLine>
						<TextLine ID="line_86" HPOS="1139" VPOS="1803" WIDTH="323" HEIGHT="16">
							<String ID="string_654" HPOS="1139" VPOS="1804" WIDTH="10" HEIGHT="15" WC="0.96" CONTENT="2"/><SP WIDTH="303" VPOS="1804" HPOS="1149"/>
							<String ID="string_655" HPOS="1452" VPOS="1803" WIDTH="10" HEIGHT="16" WC="0.95" CONTENT="2"/>
						</TextLine>
						<TextLine ID="line_87" HPOS="1071" VPOS="1887" WIDTH="645" HEIGHT="22">
							<String ID="string_656" HPOS="1071" VPOS="1887" WIDTH="29" HEIGHT="22" WC="0.53" CONTENT="55l"/><SP WIDTH="37" VPOS="1887" HPOS="1100"/>
							<String ID="string_657" HPOS="1137" VPOS="1888" WIDTH="26" HEIGHT="21" WC="0.57" CONTENT="41)"/><SP WIDTH="48" VPOS="1888" HPOS="1163"/>
							<String ID="string_658" HPOS="1211" VPOS="1900" WIDTH="26" HEIGHT="3" WC="0.0" CONTENT="—1]"/><SP WIDTH="39" VPOS="1900" HPOS="1237"/>
							<String ID="string_659" HPOS="1276" VPOS="1900" WIDTH="27" HEIGHT="3" WC="0.41" CONTENT="—I"/><SP WIDTH="39" VPOS="1900" HPOS="1303"/>
							<String ID="string_660" HPOS="1342" VPOS="1888" WIDTH="13" HEIGHT="20" WC="0.23" CONTENT="6"/><SP WIDTH="22" VPOS="1888" HPOS="1355"/>
							<String ID="string_661" HPOS="1377" VPOS="1900" WIDTH="27" HEIGHT="3" WC="0.0" CONTENT="—Ph"/><SP WIDTH="28" VPOS="1900" HPOS="1404"/>
							<String ID="string_662" HPOS="1432" VPOS="1888" WIDTH="94" HEIGHT="21" WC="0.81" CONTENT="4011221"/><SP WIDTH="30" VPOS="1888" HPOS="1526"/>
							<String ID="string_663" HPOS="1556" VPOS="1888" WIDTH="47" HEIGHT="20" WC="0.16" CONTENT="8::4"/><SP WIDTH="15" VPOS="1888" HPOS="1603"/>
							<String ID="string_664" HPOS="1618" VPOS="1883" WIDTH="31" HEIGHT="35" WC="0.57" CONTENT="1"/><SP WIDTH="8" VPOS="1883" HPOS="1649"/>
							<String ID="string_665" HPOS="1657" VPOS="1888" WIDTH="22" HEIGHT="20" WC="0.88" CONTENT="8:"/><SP WIDTH="16" VPOS="1888" HPOS="1679"/>
							<String ID="string_666" HPOS="1695" VPOS="1892" WIDTH="21" HEIGHT="16" WC="0.88" CONTENT="17"/>
						</TextLine>
						<TextLine ID="line_88" HPOS="1140" VPOS="1922" WIDTH="322" HEIGHT="16">
							<String ID="string_667" HPOS="1140" VPOS="1922" WIDTH="8" HEIGHT="16" WC="0.96" CONTENT="1"/><SP WIDTH="304" VPOS="1922" HPOS="1148"/>
							<String ID="string_668" HPOS="1452" VPOS="1922" WIDTH="10" HEIGHT="16" WC="0.96" CONTENT="4"/>
						</TextLine>
					</TextBlock>
				</ComposedBlock>
				<ComposedBlock ID="cblock_11" HPOS="1101" VPOS="136" WIDTH="7" HEIGHT="1985">
					<TextBlock ID="block_19" HPOS="1101" VPOS="136" WIDTH="7" HEIGHT="1985">
						<TextLine ID="line_89" HPOS="1101" VPOS="136" WIDTH="7" HEIGHT="1985">
							<String ID="string_669" HPOS="1101" VPOS="136" WIDTH="7" HEIGHT="1985" WC="0.95" CONTENT=" "/>
						</TextLine>
					</TextBlock>
				</ComposedBlock>
				<ComposedBlock ID="cblock_12" HPOS="1177" VPOS="136" WIDTH="8" HEIGHT="1985">
					<TextBlock ID="block_20" HPOS="1177" VPOS="136" WIDTH="8" HEIGHT="1985">
						<TextLine ID="line_90" HPOS="1177" VPOS="136" WIDTH="8" HEIGHT="1985">
							<String ID="string_670" HPOS="1177" VPOS="136" WIDTH="8" HEIGHT="1985" WC="0.95" CONTENT=" "/>
						</TextLine>
					</TextBlock>
				</ComposedBlock>
				<ComposedBlock ID="cblock_13" HPOS="1244" VPOS="197" WIDTH="7" HEIGHT="1923">
					<TextBlock ID="block_21" HPOS="1244" VPOS="197" WIDTH="7" HEIGHT="1923">
						<TextLine ID="line_91" HPOS="1244" VPOS="197" WIDTH="7" HEIGHT="1923">
							<String ID="string_671" HPOS="1244" VPOS="197" WIDTH="7" HEIGHT="1923" WC="0.95" CONTENT=" "/>
						</TextLine>
					</TextBlock>
				</ComposedBlock>
				<ComposedBlock ID="cblock_14" HPOS="1308" VPOS="136" WIDTH="8" HEIGHT="1984">
					<TextBlock ID="block_22" HPOS="1308" VPOS="136" WIDTH="8" HEIGHT="1984">
						<TextLine ID="line_92" HPOS="1308" VPOS="136" WIDTH="8" HEIGHT="1984">
							<String ID="string_672" HPOS="1308" VPOS="136" WIDTH="8" HEIGHT="1984" WC="0.95" CONTENT=" "/>
						</TextLine>
					</TextBlock>
				</ComposedBlock>
				<ComposedBlock ID="cblock_15" HPOS="1403" VPOS="201" WIDTH="8" HEIGHT="1919">
					<TextBlock ID="block_23" HPOS="1403" VPOS="201" WIDTH="8" HEIGHT="1919">
						<TextLine ID="line_93" HPOS="1403" VPOS="201" WIDTH="8" HEIGHT="1919">
							<String ID="string_673" HPOS="1403" VPOS="201" WIDTH="8" HEIGHT="1919" WC="0.95" CONTENT=" "/>
						</TextLine>
					</TextBlock>
				</ComposedBlock>
				<ComposedBlock ID="cblock_16" HPOS="1356" VPOS="201" WIDTH="8" HEIGHT="1922">
					<TextBlock ID="block_24" HPOS="1356" VPOS="201" WIDTH="8" HEIGHT="1922">
						<TextLine ID="line_94" HPOS="1356" VPOS="201" WIDTH="8" HEIGHT="1922">
							<String ID="string_674" HPOS="1356" VPOS="201" WIDTH="8" HEIGHT="1922" WC="0.95" CONTENT=" "/>
						</TextLine>
					</TextBlock>
				</ComposedBlock>
				<ComposedBlock ID="cblock_17" HPOS="1404" VPOS="250" WIDTH="6" HEIGHT="1870">
					<TextBlock ID="block_25" HPOS="1404" VPOS="250" WIDTH="6" HEIGHT="1870">
						<TextLine ID="line_95" HPOS="1404" VPOS="250" WIDTH="6" HEIGHT="1870">
							<String ID="string_675" HPOS="1404" VPOS="250" WIDTH="6" HEIGHT="1870" WC="0.95" CONTENT=" "/>
						</TextLine>
					</TextBlock>
				</ComposedBlock>
				<ComposedBlock ID="cblock_18" HPOS="1468" VPOS="136" WIDTH="8" HEIGHT="1984">
					<TextBlock ID="block_26" HPOS="1468" VPOS="136" WIDTH="8" HEIGHT="1984">
						<TextLine ID="line_96" HPOS="1468" VPOS="136" WIDTH="8" HEIGHT="1984">
							<String ID="string_676" HPOS="1468" VPOS="136" WIDTH="8" HEIGHT="1984" WC="0.95" CONTENT=" "/>
						</TextLine>
					</TextBlock>
				</ComposedBlock>
				<ComposedBlock ID="cblock_19" HPOS="1532" VPOS="136" WIDTH="9" HEIGHT="1984">
					<TextBlock ID="block_27" HPOS="1532" VPOS="136" WIDTH="9" HEIGHT="1984">
						<TextLine ID="line_97" HPOS="1532" VPOS="136" WIDTH="9" HEIGHT="1984">
							<String ID="string_677" HPOS="1532" VPOS="136" WIDTH="9" HEIGHT="1984" WC="0.95" CONTENT=" "/>
						</TextLine>
					</TextBlock>
				</ComposedBlock>
				<ComposedBlock ID="cblock_20" HPOS="1635" VPOS="197" WIDTH="7" HEIGHT="1924">
					<TextBlock ID="block_28" HPOS="1635" VPOS="197" WIDTH="7" HEIGHT="1924">
						<TextLine ID="line_98" HPOS="1635" VPOS="197" WIDTH="7" HEIGHT="1924">
							<String ID="string_678" HPOS="1635" VPOS="197" WIDTH="7" HEIGHT="1924" WC="0.95" CONTENT=" "/>
						</TextLine>
					</TextBlock>
				</ComposedBlock>
				<ComposedBlock ID="cblock_21" HPOS="771" VPOS="2326" WIDTH="1019" HEIGHT="7">
					<TextBlock ID="block_29" HPOS="771" VPOS="2326" WIDTH="1019" HEIGHT="7">
						<TextLine ID="line_99" HPOS="771" VPOS="2326" WIDTH="1019" HEIGHT="7">
							<String ID="string_679" HPOS="771" VPOS="2326" WIDTH="1019" HEIGHT="7" WC="0.95" CONTENT=" "/>
						</TextLine>
					</TextBlock>
				</ComposedBlock>
				<ComposedBlock ID="cblock_22" HPOS="1787" VPOS="553" WIDTH="10" HEIGHT="1231">
					<TextBlock ID="block_30" HPOS="1787" VPOS="553" WIDTH="10" HEIGHT="1231">
						<TextLine ID="line_100" HPOS="1787" VPOS="553" WIDTH="10" HEIGHT="1231">
							<String ID="string_680" HPOS="1787" VPOS="553" WIDTH="10" HEIGHT="1231" WC="0.95" CONTENT=" "/>
						</TextLine>
					</TextBlock>
				</ComposedBlock>
				<ComposedBlock ID="cblock_23" HPOS="1735" VPOS="136" WIDTH="9" HEIGHT="1984">
					<TextBlock ID="block_31" HPOS="1735" VPOS="136" WIDTH="9" HEIGHT="1984">
						<TextLine ID="line_101" HPOS="1735" VPOS="136" WIDTH="9" HEIGHT="1984">
							<String ID="string_681" HPOS="1735" VPOS="136" WIDTH="9" HEIGHT="1984" WC="0.95" CONTENT=" "/>
						</TextLine>
					</TextBlock>
				</ComposedBlock>
			</PrintSpace>
		</Page>
	</Layout>
</alto>
