1850 2359
164 148 41 26 358
865 154 157 16 SAKRÉGIS

187 446 61 26 Egna
263 446 52 20 hem.

188 479 11 16 2
214 476 42 20 RD
267 476 117 26 medgiver,
395 477 35 19 att
440 476 33 20 för
483 476 50 20 åren
546 475 52 20 1940
609 476 38 19 och
661 475 49 20 1941
723 475 123 20 räntefoten
857 475 33 20 för
900 475 125 26 egnahems-

227 506 43 23 lån,
287 512 46 14 som
349 512 28 13 av
392 507 84 19 statens
491 505 117 27 järnvägar
623 505 68 26 enligt
705 505 65 26 givna
786 505 190 26 bemyndiganden
991 506 35 19 ut-

228 536 94 20 lämnats
330 536 51 20 eller
389 536 110 20 utlämnas
507 536 33 19 till
548 536 39 20 hos
595 535 96 21 nämnda
699 535 117 26 järnvägar
824 535 44 20 fast
876 535 94 20 anställd
979 540 47 21 per-

227 572 38 14 son
281 565 34 21 för
330 565 136 27 uppförande
481 571 29 14 av
525 565 192 26 bostadsbyggnad
733 565 12 20 å
760 566 65 22 tomt,
841 571 47 14 som
903 571 28 14 av
943 570 82 15 samma

227 596 117 26 järnvägar
357 596 49 19 med
420 595 131 27 äganderätt
563 595 51 20 eller
625 596 105 19 tomträtt
743 595 107 26 upplåtits
863 595 50 20 eller
926 594 100 27 upplåtes

227 626 59 20 inom
302 625 34 21 för
351 631 54 21 egna
421 625 50 20 hem
487 627 73 18 avsett
576 625 88 20 område
680 625 12 20 å
709 625 26 20 de
750 625 34 20 till
800 626 83 19 statens
898 624 128 27 järnvägars

227 655 251 27 fastighetsförvaltning
497 655 96 20 hörande
613 655 134 26 fastigheter,
768 655 36 20 må
823 655 26 20 fr.
871 661 18 14 o.
910 660 29 15 m.
959 654 67 27 sjätte

227 685 151 21 kalenderåret
396 687 97 18 närmast
510 685 55 20 efter
582 685 44 23 det,
645 685 68 20 under
730 685 68 19 vilket
815 684 59 21 lånet
891 684 50 21 eller
957 684 68 20 första

228 715 61 20 delen
310 715 68 20 därav
399 715 165 24 utbekommits,
585 716 76 25 utgöra
683 715 48 26 fyra
752 716 90 25 procent
862 716 58 19 samt
939 715 34 19 att
993 714 34 20 för

227 751 84 15 samma
327 745 128 20 kalenderår
470 745 124 20 räntefoten
611 745 33 20 för
659 744 160 27 egnahemslån,
836 750 46 15 som
898 750 29 14 av
942 745 84 19 statens

228 775 181 20 vattenfallsverk
424 775 68 26 enligt
506 775 65 26 givna
587 774 189 27 bemyndiganden
792 774 120 20 utlämnats
927 774 50 20 eller
992 775 34 19 ut-

227 806 84 19 lämnas
331 805 24 20 åt
375 811 108 20 personer,
503 805 33 20 till
555 805 59 20 vilka
634 805 49 19 med
704 804 131 27 äganderätt
853 804 51 20 eller
922 805 104 19 tomträtt

228 835 107 27 upplåtits
348 835 51 20 eller
412 835 102 26 upplåtas
528 836 81 19 tomter
622 834 58 21 inom
694 834 34 20 för
741 839 54 22 egna
808 834 50 20 hem
872 833 95 21 avsedda
982 839 44 15 om-

227 865 67 20 råden
308 865 12 20 å
335 865 26 20 de
375 865 34 20 till
423 866 83 19 statens
520 864 192 21 vattenfallsverks
726 864 250 27 fastighetsförvaltning
989 863 38 21 hö-

228 895 66 20 rande
309 894 134 27 fastigheter,
458 895 36 20 må
509 896 77 25 utgöra
600 895 48 25 fyra
664 896 96 24 procent,
776 894 55 20 dock
846 895 34 19 att
895 894 11 20 å
921 894 43 23 lån,
979 899 46 14 som

228 925 101 26 beviljats
349 925 50 20 eller
417 924 92 27 beviljas
527 924 68 21 andra
615 926 27 18 än
661 924 180 27 kroppsarbetare
857 924 39 20 och
912 923 49 21 med
977 923 49 20 dem

227 955 118 23 likställda,
360 954 62 24 skall,
438 954 39 21 där
491 954 111 27 låntagare
617 954 19 26 ej
652 956 25 18 är
691 954 216 26 befattningshavare
921 953 7 21 i
942 954 84 20 statens

227 985 76 26 tjänst,
318 984 96 27 erläggas
427 986 64 19 ränta
505 984 55 20 efter
573 984 47 26 fyra
635 984 39 20 och
688 990 26 14 en
728 984 51 20 halv
793 985 90 25 procent
896 983 34 21 för
942 983 31 20 år.

256 1021 21 17 Se
287 1021 34 17 ock
334 1021 81 16 Arrende
424 1021 60 20 (1934:
493 1020 23 20 5);
526 1020 215 21 Bostadsproduktionen
751 1020 60 20 (1931;
822 1020 58 20 1938);
889 1020 72 16 Broms”
970 1024 56 16 egna-

232 1045 133 16 hemsstiftelse
375 1045 60 19 (1931;
446 1044 59 19 1933);
514 1044 163 20 Interpellationer
686 1044 60 20 (1931:
756 1046 27 17 14;
794 1044 50 16 1932:
852 1046 27 16 31,
888 1043 35 20 32);
933 1043 93 17 Jordbruk

232 1068 59 20 (1934:
301 1070 27 17 19;
342 1068 51 17 1936:
403 1068 35 19 14);
452 1068 241 20 Jordförmedlingsfonden;
707 1067 104 21 Järnvägar
823 1067 60 20 (1935:
892 1069 27 18 20;
930 1067 51 17 1938:
990 1066 35 20 25);

232 1092 176 20 Kronoegendomar
425 1092 59 19 (1931:
494 1094 15 17 4;
528 1092 51 16 1939:
588 1091 23 20 4);
628 1091 152 17 Låneunderstöd
796 1091 68 20 (1936);
878 1090 148 21 Olycksfallsför-

231 1116 75 20 säkring
319 1116 60 20 (1931:
389 1115 23 20 3).

185 1169 366 24 EGNAHEMSKONSULENTER;
564 1175 22 13 se
601 1168 60 26 Egna
675 1168 45 20 hem
733 1168 70 26 (1934:
816 1168 25 25 7).

186 1228 321 25 EGNAHEMSSTYRELSEN;
522 1234 22 14 se
560 1228 61 26 Egna
636 1227 52 20 hem.

186 1288 155 20 EGYPTISKA
357 1287 119 21 MUSEET.

214 1318 42 20 RD
275 1318 88 20 anvisar
381 1318 71 20 såsom
470 1317 77 26 bidrag
565 1317 33 20 till
616 1317 115 26 egyptiska
750 1318 84 19 museet
852 1318 34 19 ett
903 1316 74 27 anslag
995 1322 28 14 av

227 1348 27 20 20
262 1347 41 20 000
315 1348 32 20 kr.
361 1349 58 18 samt
431 1348 71 20 såsom
515 1347 76 26 bidrag
603 1347 33 20 till
648 1347 82 20 museal
742 1346 54 20 vård
809 1352 29 14 av
851 1346 173 26 Cypernexpedi-

227 1378 85 19 tionens
322 1377 155 26 fyndmaterial
488 1378 33 19 ett
531 1377 74 26 anslag
616 1383 28 14 av
656 1377 24 20 13
689 1376 41 20 000
741 1377 31 19 kr.

214 1437 74 20 Såsom
299 1437 76 26 bidrag
384 1437 33 20 till
427 1437 114 26 egyptiska
551 1438 84 18 museet
644 1436 87 20 anvisas
741 1438 33 18 ett
783 1436 75 26 anslag
867 1442 28 14 av
905 1435 27 21 20
940 1435 41 20 000
990 1436 32 20 kr.

214 1526 74 20 Såsom
299 1527 76 26 bidrag
384 1526 33 20 till
426 1526 115 26 egyptiska
551 1527 84 18 museet
644 1525 86 20 anvisas
740 1527 34 18 ett
783 1525 74 26 anslag
867 1531 28 14 av
906 1525 25 20 15
940 1524 41 21 500
990 1525 33 20 kr.

185 1586 161 25 EHRNBORG,
361 1586 22 20 C.
398 1586 35 24 A.;
449 1592 22 14 se
487 1585 123 26 Ersättning
625 1585 70 26 (1938:
707 1585 26 25 3).

185 1640 137 24 EHRNELL,
337 1640 35 24 A.,
386 1639 168 20 folkskollärare.

213 1669 55 26 Ang.
283 1669 90 26 pension
388 1669 24 20 åt
426 1669 54 20 hans
495 1669 64 23 änka;
575 1675 22 13 se
610 1668 115 20 Pensioner
740 1668 78 26 (1938).

186 1723 151 25 EISERMAN,
352 1723 24 20 G.
390 1723 34 24 V.;
440 1729 21 13 se
477 1722 124 26 Ersättning
616 1721 70 27 (1931:
699 1722 25 25 7).

186 1777 101 24 EJDER;
303 1783 22 13 se
340 1776 52 21 Jakt
407 1776 70 26 (1933:
490 1776 25 25 2).

185 1831 49 24 EK;
249 1837 21 13 se
289 1830 112 21 Tulltaxan
417 1830 70 26 (1934:
500 1830 32 25 15)
548 1830 40 20 och
603 1829 78 20 nedan.

186 1885 47 24 EK,
249 1885 20 19 J.
285 1885 34 23 A.,
333 1884 15 20 f.
359 1884 21 20 d.
395 1883 121 27 grenadjär.

216 1914 81 26 Avslag
310 1914 12 20 å
337 1913 84 21 motion
436 1919 35 15 om
486 1913 118 20 understöd
620 1913 24 20 åt
659 1913 86 20 honom.

186 1974 39 20 EK
240 1973 54 21 OCH
310 1973 65 25 BOK;
391 1979 21 14 se
428 1973 138 20 Ecklesiastik
585 1972 47 27 jord
646 1972 70 26 (1934:
728 1972 26 25 3);
771 1972 158 21 Storverksträd.

187 2027 122 24 EKBERG,
324 2027 37 26 Hj.
377 2027 34 24 A.,
430 2027 15 19 f.
467 2027 19 19 d.
508 2027 67 19 lärare
596 2026 36 20 vid
652 2026 150 26 gymnastiska
823 2025 200 23 certralinstitutet;

1030 153 59 17 TER

1307 226 110 30 Utskotts-
1490 230 54 16 Riks-

1105 253 56 34 Kungl.j
1215 278 4 4 :
1299 252 128 33 utlåtanden,
1482 252 70 33 dagens
1620 248 100 34 EES

1108 286 53 19 Maj:ts|
1173 278 93 16 Motioner
1293 290 95 16 inämorial
1401 290 43 16 eller
1493 290 44 16 skri
1602 278 140 21 förhandlingar

1053 311 26 19 År
1107 320 51 14 [prop:r
1303 320 132 17 betänkanden
1486 314 60 32 velser
1628 307 87 22 (protiar

1116 346 35 14 eller

1107 368 55 32 skriver]
1284 373 99 19 flv
1587 374 66 16 Första
1658 369 24 31 |
1690 374 64 17 Andra

1176 386 33 16 FK
1226 386 36 16 JAK
1284 381 16 43 å
1326 393 16 30 E
1366 386 90 17 Nummer
1454 378 11 40 |
1473 387 90 16 Nummer
1562 378 10 40 |
1586 398 69 16 kamm.
1657 378 25 40 |
1687 398 70 16 kamm.

1045 475 52 20 1940]
1115 475 35 20 161
1157 471 14 34 |
1183 487 27 2 —|
1236 487 28 2 —I
1291 475 13 20 6
1306 471 22 34 |
1327 476 74 19 —I|148
1468 475 40 20 258
1588 475 69 20 28:28
1658 471 22 34 |
1689 476 33 20 31:
1735 478 23 17 12

1670 632 2 12 |

1357 649 1 15 |
1670 648 2 18 I

1357 665 1 8 |

1356 703 2 13 I

1315 745 1 5 hör

1356 756 2 9 ng

1357 768 1 3 og

1314 778 44 18 bd

1314 800 2 27 |

1314 829 2 24 I

1314 856 2 12 I

1314 870 2 22 |

1670 946 2 27 |

1670 974 2 14 I

1314 984 2 11 I

1314 1007 1 9 I

1218 1035 2 28 |
1670 1031 2 32 |

1218 1064 1 13 I

1043 1316 52 20 1938]
1113 1315 40 21 1:38]
1181 1329 27 1 —!|
1234 1327 29 3 —I]
1289 1317 63 20 61—]|
1386 1316 71 20 8&s.11]
1494 1316 59 20 85.81
1587 1317 54 20 23:1
1653 1311 27 35 |
1688 1315 56 20 22:8

1102 1347 22 19 pt
1137 1346 20 16 31

1107 1369 46 17 —32

1669 1398 2 34 |

1042 1435 53 21 1939]
1113 1435 39 20 1:81]
1180 1448 28 2 —!|
1234 1446 28 3 —]
1289 1436 62 20 61—|
1385 1436 14 19 8
1407 1431 69 35 s.21]
1493 1435 13 20 8
1521 1438 44 17 s.12l
1588 1436 54 26 19:3
1652 1431 27 35 |
1689 1435 54 19 19:4

1102 1466 21 20 pt
1137 1465 22 17 331

1043 1524 51 21 19401
1112 1525 40 20 1:8]
1180 1536 28 3 —|
1234 1536 28 2 —1
1289 1525 62 20 6|—]|
1386 1525 13 19 8
1406 1525 53 19 s.14|
1494 1524 12 20 8
1513 1524 39 20 s.7
1557 1519 23 35 |
1589 1525 32 20 17:
1632 1527 24 17 41
1658 1519 22 35 |
1690 1523 54 20 19:8

1102 1556 21 20 pt
1137 1555 20 16 31

1043 1911 53 21 1933]
1120 1923 28 3 —
1151 1906 28 36 |
1180 1922 30 5 —
1228 1910 41 22 234]
1290 1911 13 21 81
1325 1923 28 3 —
1405 1911 25 20 37
1507 1922 29 4 —
1587 1911 34 20 39:
1633 1912 24 18 95
1659 1906 22 34 |
1688 1910 34 21 43:
1733 1912 25 18 53

215 2062 21 15 se
250 2057 115 20 Pensioner
380 2056 79 27 (1937).
