1829 2345
1625 66 42 20 249

85 239 131 26 Ersättning.

87 275 98 20 Elisabet
194 275 110 24 Hedlund,
315 275 67 21 Maria
393 276 79 20 Lovisa
484 276 76 23 Kruse,
574 276 71 26 Ingrid
656 276 73 27 Sylvia
740 277 95 20 Gunhild
846 278 131 20 Lundström

85 306 59 19 samt
153 305 87 26 Magine
249 305 68 26 Weng
327 306 86 26 ådragit
422 305 32 27 sig
464 306 69 20 under
541 306 75 20 arbete
626 306 6 20 i
642 306 169 21 civilförsvarets
821 307 158 27 flyktingverk-

86 335 93 23 samhet,
189 335 35 20 må
234 341 29 14 av
272 335 38 20 det
318 335 69 20 under
395 335 33 20 5:e
438 336 41 19 HT
488 336 107 26 uppförda
606 336 189 27 förslagsanslaget
805 337 31 20 till
846 338 134 20 statsverket

86 364 121 26 åliggande,
220 371 28 13 av
260 365 68 20 andra
340 365 70 20 medel
423 365 18 26 ej
456 366 108 25 utgående
576 366 146 26 ersättningar
734 366 6 20 i
752 366 42 20 anl.
808 373 27 13 av
848 367 113 26 olycksfall
973 367 6 20 i

86 394 75 20 arbete
169 400 29 14 m.
209 400 28 14 m.
247 394 32 20 till
287 401 67 14 envar
362 401 28 13 av
399 395 95 20 nämnda
504 401 101 20 personer
612 395 50 21 eller
671 396 61 20 deras
741 397 120 26 rättsägare
870 397 109 20 utbetalas

86 424 148 26 ersättningar
245 424 6 20 i
262 424 95 26 enlighet
367 425 49 19 med
428 425 122 25 grunderna
562 425 33 20 för
605 425 62 26 lagen
679 426 41 20 den
734 426 23 20 17
768 426 47 26 juni
828 426 52 21 1916
891 433 35 13 om
937 427 43 20 för-

87 453 87 27 säkring
185 454 34 19 för
230 454 112 26 olycksfall
354 454 6 20 i
371 455 81 19 arbete.

115 483 19 20 7.
152 483 42 20 RD
208 484 73 19 avslår
293 483 83 21 motion
390 489 49 21 ang.
454 484 133 20 skadestånd
600 485 24 19 åt
637 485 56 20 förre
706 485 197 21 fabriksarbetaren
918 486 20 20 J.
954 486 24 20 E.

87 513 131 20 Andersson.

117 554 17 19 1.
152 555 42 18 RD
212 555 117 25 medgiver,
347 556 35 18 att
399 555 32 19 till
449 555 164 26 borgmästaren
631 556 6 19 i
655 556 84 20 Skanör
755 557 49 19 med
823 557 112 19 Falsterbo
953 558 25 19 E.

86 583 97 20 Torslow
194 585 59 18 samt
264 584 133 20 rådmännen
410 584 6 20 i
427 590 83 14 samma
522 585 50 20 stad
583 585 25 20 A.
622 585 102 21 Eriksson
736 586 40 19 och
788 586 23 20 F.
824 586 28 20 M.
865 587 20 19 S.
897 587 83 25 Tegnér

86 613 35 19 må
135 613 25 19 fr.
174 619 19 14 o.
206 619 29 14 m.
249 613 41 20 den
303 614 48 26 dag,
365 614 27 19 då
405 614 111 20 föreskrift
528 620 35 14 om
575 615 89 19 stadens
676 615 118 20 förenande
806 615 6 20 i
823 616 107 25 judiciellt
942 622 37 14 av-

86 643 78 19 seende
174 643 49 20 med
234 643 53 20 Oxie
297 644 39 19 och
347 643 76 26 Skytts
433 644 103 26 domsaga
546 644 73 20 träder
628 644 6 20 i
643 644 65 24 kraft,
719 645 47 20 från
775 645 110 20 allmänna
894 645 85 27 indrag-

86 672 137 26 ningsstaten
235 673 109 20 utbetalas
354 673 53 26 årlig
417 673 122 26 ersättning
549 674 44 19 dels
604 674 32 19 till
645 674 95 20 Torslow
750 675 49 20 med
809 675 13 20 9
831 675 41 20 000
881 675 31 20 kr.
924 675 55 20 intill

86 702 42 19 den
139 702 108 26 tidpunkt
259 702 27 20 då
299 702 43 20 han
354 703 86 26 uppnår
452 703 26 20 70
489 703 35 20 års
536 703 65 23 ålder,
614 704 40 19 och
666 704 49 20 med
728 704 11 19 7
749 704 40 20 200
802 704 31 20 kr.
846 705 68 20 under
925 705 54 20 hans

86 732 96 19 därefter
195 732 138 20 återstående
348 732 81 24 livstid,
444 733 45 19 dels
503 733 40 19 ock
557 733 32 20 till
603 739 68 14 envar
683 739 28 14 av
726 734 103 20 Eriksson
844 735 40 19 och
897 734 83 27 Tegnér

86 761 49 20 med
150 761 41 20 900
204 762 32 19 kr.
251 762 69 19 under
334 762 62 20 deras
410 762 138 20 återstående
562 762 81 24 livstid,
658 763 49 20 med
721 763 143 27 iakttagande
877 770 29 14 av
919 765 35 19 att
967 764 10 20 å

87 791 137 20 förmånerna
243 791 95 26 dyrtids-
355 791 50 20 eller
422 793 69 19 annat
508 792 75 26 tillägg
600 792 46 20 icke
663 793 54 20 skall
735 793 59 26 utgå;
812 794 40 19 och
869 794 111 26 medgiver

88 821 48 22 RD,
150 822 35 19 att
197 821 34 20 till
244 821 163 26 borgmästaren
422 821 5 20 i
441 822 149 26 Söderköping
602 822 25 20 A.
642 822 24 20 E.
680 819 64 24 Öster
756 825 58 18 samt
825 823 135 20 rådmännen
973 823 6 20 i

86 856 83 14 samma
184 851 50 19 stad
248 851 28 19 K.
291 851 21 20 J.
327 851 25 19 E.
367 851 101 23 Jansson,
484 852 19 19 S.
519 852 24 19 G.
558 851 124 21 Andersson
696 853 39 19 och
750 853 25 19 E.
790 853 25 19 B.
830 853 99 20 Bokblad
943 853 35 20 må

86 880 25 19 fr.
124 886 18 13 o.
154 886 28 14 m.
195 880 41 20 den
247 880 49 26 dag,
308 880 27 20 då
346 880 111 21 föreskrift
467 887 35 14 om
513 881 89 20 stadens
612 881 118 21 förenande
741 882 5 20 i
756 882 107 26 judiciellt
872 883 107 20 avseende

86 910 50 19 med
152 910 179 23 Hammarkinds,
349 911 128 25 Stegeborgs
493 911 39 19 och
549 911 119 20 Skärkinds
684 912 103 26 domsaga
803 912 73 20 träder
890 912 7 20 i
912 913 66 23 kraft,

86 939 48 20 från
148 939 110 20 allmänna
272 939 214 27 indragningsstaten
500 940 110 20 utbetalas
623 941 53 26 årlig
689 941 127 27 ersättning,
831 941 32 20 till
877 938 64 24 Öster
953 954 27 2 —

87 968 55 20 intill
156 969 42 19 den
212 969 106 26 tidpunkt
331 969 27 20 då
373 970 42 19 han
430 970 86 26 uppnår
529 970 26 20 70
568 970 34 20 års
616 970 59 20 ålder
687 983 28 2 —
727 971 49 20 med
790 972 12 19 8
812 971 40 20 990
865 971 32 20 kr.
910 971 69 26 jämte

87 998 95 26 dyrtids-
192 999 40 19 och
242 998 120 27 kristillägg
372 999 12 20 å
395 1000 33 19 ett
438 999 79 26 belopp
527 1006 28 13 av
565 1000 12 20 9
586 1000 41 20 060
637 1000 32 20 kr.
680 1000 67 26 enligt
757 1001 26 19 de
793 1001 33 20 för
836 1001 143 26 befattnings-

87 1028 81 20 havare
177 1028 6 20 i
192 1029 84 19 statens
285 1028 71 26 tjänst
365 1029 105 26 stadgade
479 1029 101 26 grunder,
590 1029 32 20 till
632 1036 67 14 envar
707 1036 28 14 av
744 1030 83 20 Janson
837 1031 40 20 och
886 1030 93 21 Anders-

86 1064 39 13 son
138 1058 68 20 under
218 1058 62 20 deras
291 1058 139 20 återstående
441 1058 74 21 livstid
528 1059 49 20 med
589 1059 41 20 450
640 1060 33 19 kr.
685 1061 58 19 samt
754 1060 33 20 till
799 1060 100 20 Bokblad
912 1061 68 20 under

87 1087 54 20 hans
158 1087 138 20 återstående
312 1088 74 20 livstid
404 1088 49 20 med
472 1088 38 20 150
526 1089 40 23 kr.,
583 1089 49 20 med
649 1089 143 26 iakttagande
808 1096 28 14 av
852 1091 35 19 att
903 1090 11 20 å
931 1090 48 21 råd-

87 1119 105 18 männens
206 1117 110 20 förmåner
330 1117 162 27 dyrtidstillägg
505 1118 47 20 icke
566 1118 54 20 skall
635 1119 51 26 utgå
701 1121 58 18 samt
772 1121 41 21 att,
829 1120 73 20 därest
916 1116 64 24 Öster

86 1147 69 20 skulle
165 1147 78 26 övergå
253 1147 33 20 till
296 1148 45 19 ord.
352 1148 125 26 befattning
486 1148 6 20 i
502 1149 83 19 statens
595 1148 70 26 tjänst
674 1149 50 20 eller
734 1150 58 19 utses
801 1149 33 20 till
843 1150 137 20 kommunal-

87 1177 149 25 borgmästare
248 1177 6 19 i
267 1177 149 26 Söderköping
428 1177 50 20 eller
489 1177 7 20 i
507 1184 73 14 annan
592 1178 50 20 stad
654 1178 51 20 eller
716 1178 32 20 till
760 1179 95 20 ledamet
867 1185 28 14 av
906 1185 73 15 annan

86 1206 129 20 rådhusrätt
224 1207 39 19 och
272 1207 123 26 magistrat,
405 1207 43 20 han
457 1207 19 26 ej
487 1207 74 20 vidare
570 1208 54 20 skall
633 1214 53 14 vara
695 1208 7 20 i
711 1208 131 27 åtnjutande
851 1215 28 14 av
889 1209 90 20 berörda

85 1236 139 26 gottgörelse;
239 1236 39 20 och
291 1236 112 27 medgiver
415 1237 49 23 RD,
478 1238 35 19 att
525 1237 25 20 fr.
565 1244 18 13 o.
597 1243 28 15 m.
640 1238 69 26 dagen
722 1238 33 20 för
767 1238 213 27 landsrättsförlägg-

86 1265 90 27 ningens
193 1265 177 21 ikraftträdande
386 1267 36 19 må
439 1266 33 20 till
490 1267 97 27 Sveriges
604 1267 248 22 kommunalanställdas
869 1269 110 26 pensions-

86 1295 64 20 kassa
165 1296 48 19 från
228 1296 111 20 allmänna
354 1296 214 27 indragningsstaten
583 1297 34 20 för
631 1297 164 27 borgmästaren
810 1298 6 19 i
831 1298 148 27 Söderköping

86 1325 26 20 A.
127 1325 25 20 E.
167 1321 64 24 Öster
244 1325 88 27 årligen,
346 1325 56 20 intill
416 1326 48 20 dess
478 1326 42 20 han
535 1327 85 26 uppnår
633 1327 27 20 70
673 1327 34 20 års
720 1327 60 20 ålder
792 1328 51 19 eller
856 1328 124 26 skyldighet

86 1356 35 19 att
133 1355 86 26 erlägga
232 1355 173 26 pensionsavgift
417 1356 33 19 för
462 1356 80 20 honom
555 1356 63 26 eljest
630 1357 118 23 bortfaller,
761 1357 96 26 erläggas
870 1357 60 27 dylik
942 1364 38 13 av-

86 1384 42 26 gift
136 1385 49 19 med
195 1385 13 19 2
217 1385 40 19 364
267 1385 31 19 kr.
308 1384 27 20 44
344 1386 43 22 öre;
397 1385 40 20 och
446 1385 111 27 medgiver
566 1386 49 23 RD,
625 1387 35 19 att
669 1387 41 19 den
720 1387 14 19 f.
745 1387 20 20 d.
775 1387 134 20 rådmannen
919 1387 6 20 i
935 1387 44 27 Hjo

86 1414 26 20 A.
124 1414 24 20 L.
161 1414 124 20 Andersson
297 1419 78 21 genom
387 1415 74 20 KM:ts
473 1415 72 20 beslut
556 1416 41 19 den
609 1416 27 20 20
647 1416 45 20 okt.
707 1416 52 20 1944
770 1416 131 21 tillerkända
912 1417 67 26 årliga

85 1444 147 26 gottgörelsen
242 1450 29 13 av
280 1444 41 20 412
330 1444 32 20 kr.
372 1444 70 26 jämte
451 1444 76 27 rörligt
535 1445 75 26 tillägg
620 1445 52 20 därå
682 1446 67 26 enligt
759 1446 33 20 för
801 1446 88 26 statliga
899 1446 80 20 befatt-

86 1473 145 26 ningshavare
241 1473 101 26 gällande
352 1474 94 26 grunder
456 1474 61 24 skall,
528 1475 80 20 räknat
618 1475 25 20 fr.
654 1481 18 14 o.
683 1481 28 14 m.
723 1476 41 19 den
776 1476 8 19 1
798 1476 45 20 okt.
856 1476 59 23 1946,
927 1476 52 26 utgå

86 1503 48 20 från
150 1503 110 20 allmänna
276 1503 222 27 indragningsstaten;
515 1504 40 20 och
570 1505 111 26 medgiver
697 1505 49 23 RD,
762 1506 35 19 att
812 1506 42 19 den
869 1506 14 19 f.
894 1506 21 20 d.
931 1506 48 20 råd-

85 1538 96 14 mannen
192 1532 6 20 i
208 1532 113 21 Torshälla
331 1533 26 20 A.
369 1533 34 20 Fr.
416 1533 111 27 Grönberg
537 1539 77 21 genom
626 1534 74 20 KM:ts
711 1535 71 20 beslut
793 1535 40 20 den
846 1535 8 20 1
867 1535 47 26 juni
927 1535 52 21 1945

86 1562 131 20 tillerkända
227 1562 67 26 årliga
304 1563 146 26 gottgörelsen
460 1569 28 14 av
499 1563 40 21 225
549 1564 32 19 kr.
592 1564 61 23 skall,
664 1564 80 21 räknat
754 1565 25 20 fr.
790 1571 18 13 o.
819 1571 28 14 m.
859 1565 41 20 den
912 1565 8 20 1
933 1565 45 20 okt.

88 1591 59 24 1946,
161 1592 53 26 utgå
227 1592 47 20 från
287 1592 110 21 allmänna
410 1593 222 26 indragningsstaten.

114 1622 19 19 2.
150 1621 43 20 RD
203 1621 117 27 medgiver,
330 1622 50 20 att
364 1617 19 36 i
389 1622 43 20 anl.
442 1628 28 14 av
480 1623 26 20 de
515 1623 113 26 olycksfall
637 1623 40 20 och
686 1623 133 26 sjukdomar,
830 1630 46 14 som
886 1624 94 21 drabbat

87 1657 101 20 personer
196 1651 68 20 under
271 1652 75 20 arbete
354 1652 33 20 för
395 1652 215 27 omhändertagande
618 1653 41 20 och
667 1653 54 21 vård
729 1660 28 13 av
764 1654 120 26 flyktingar
892 1654 86 20 ochs.k.

86 1681 150 26 repatriander
249 1683 58 19 samt
319 1682 90 20 härmed
421 1682 110 26 jämförlig
544 1682 160 21 internationell
718 1683 125 20 humanitär
856 1684 123 26 hjälpverk-

86 1710 93 24 samhet,
189 1711 35 20 må
234 1717 28 14 av
272 1711 38 20 det
320 1711 67 20 under
396 1711 33 21 5:e
439 1712 40 19 HT
489 1712 107 26 uppförda
606 1712 190 27 förslagsanslaget
804 1713 33 20 till
846 1714 134 20 statsverket

86 1740 120 27 åliggande,
219 1746 29 14 av
260 1741 68 20 andra
340 1741 71 20 medel
423 1741 18 26 ej
456 1741 108 26 utgående
576 1742 146 27 ersättningar
733 1742 7 20 i
752 1743 42 20 anl.
807 1749 28 14 av
848 1743 112 27 olycksfall
973 1743 6 21 i

86 1770 75 20 arbete
172 1776 29 14 m.
211 1776 29 14 m.
253 1770 33 20 till
297 1776 68 15 envar
376 1777 28 13 av
416 1771 61 20 dessa
490 1777 101 20 personer
602 1772 50 20 eller
664 1772 61 20 deras
737 1774 120 25 rättsägare
870 1773 109 21 utbetalas

86 1799 122 27 ersättning
219 1800 67 26 enligt
296 1800 27 20 de
333 1800 100 26 grunder,
445 1807 46 14 som
502 1807 28 14 av
541 1801 239 26 departementschefen
791 1802 95 27 angivits
896 1802 7 21 i
914 1804 65 19 stats-

85 1829 186 26 rådsprotokollet
280 1831 52 19 över
342 1830 160 21 socialärenden
513 1831 34 20 för
557 1831 40 20 den
609 1831 26 20 27
646 1833 54 24 sept.
714 1832 59 20 1946.

116 1876 17 20 1.
150 1876 43 20 RD
205 1876 87 21 anvisar
303 1877 32 20 till
346 1877 121 27 ersättning
477 1878 34 20 för
521 1878 57 20 vissa
590 1878 151 21 bötesandelar
752 1880 12 19 2
773 1880 41 20 000
825 1880 31 19 kr.

114 1936 19 19 2.
151 1935 42 20 RD
208 1936 88 20 anvisar
309 1936 34 21 till
357 1936 121 27 ersättning
491 1937 34 20 för
538 1937 94 21 förlorad
647 1938 196 26 inteckningslösen
858 1939 36 20 vid
909 1940 70 19 stads-

86 1965 149 20 domstolarna
250 1966 38 19 137
297 1966 41 20 000
349 1966 32 20 kr.

114 1995 20 19 3.
150 1994 43 20 RD
205 1995 88 20 anvisar
304 1995 32 20 till
347 1996 122 26 ersättning
480 1996 32 20 till
523 1996 110 27 landsting
644 1997 40 20 och
695 1998 80 23 städer,
787 2004 46 14 som
844 1998 19 26 ej
876 1998 86 27 deltaga
973 1999 7 20 i

86 2024 118 26 landsting,
233 2024 34 21 för
294 2025 33 20 till
355 2026 134 20 statsverket
516 2026 105 26 indragna
649 2027 330 28 brännvinsförsäljningsmedel

86 2054 13 20 3
110 2053 39 21 100
157 2054 42 21 000
208 2054 41 24 kr.,
260 2054 33 20 till
303 2055 102 26 vederlag
414 2055 34 20 för
458 2056 106 26 nedlagda
575 2056 290 27 utskänkningsrättigheter
875 2058 12 20 9
896 2058 41 21 000
947 2058 31 20 kr.

86 2083 27 26 (f)
122 2085 59 19 samt
190 2083 33 21 till
232 2084 122 27 ersättning
362 2085 34 20 för
405 2085 214 21 skattefrälseräntor
628 2086 12 20 5
649 2087 41 20 000
699 2087 32 20 kr.
742 2086 33 26 (f).

1133 155 90 16 Motioner
1271 151 89 30 Utskott
1438 168 3 3 a
1522 156 94 16 Protokoll

999 174 25 20 År
1019 170 20 32 |
1046 178 54 20 Prop.
1438 167 23 41 a
1599 192 60 2 öns

1127 209 33 15 FK
1162 204 23 30 |
1190 208 35 17 AK
1246 209 85 16 |SmllAvd!
1355 210 26 16 Nr
1499 210 33 16 FK
1598 210 35 16 AK

998 487 29 20 46]
1068 499 26 2 —
1099 483 19 36 I
1139 488 91 20 —11641
1265 489 125 20 61—11851
1428 490 84 19 —I123:
1524 492 24 17 90
1573 489 89 20 |24:124d

999 558 27 20 461
1054 559 39 19 344
1102 554 31 35 |
1139 571 27 2 —I
1204 571 26 2 —LI
1265 561 61 18 61—
1325 554 7 35 |]
1349 560 40 20 264
1388 554 23 35 |
1414 560 40 20 495
1454 554 18 35 |
1479 561 32 19 36:
1523 563 24 17 93
1552 554 23 35 |
1579 561 33 19 36:
1626 563 37 17 116

1002 587 21 20 H

1010 1632 8 13 »
1027 1622 22 34 1
1054 1626 40 20 327
1103 1622 27 34 |
1139 1637 27 3 —|
1190 1626 40 20 564]
1265 1626 13 20 61
1299 1638 27 2 —]1
1350 1626 40 21 2821
1414 1627 41 20 5121
1479 1627 33 20 37:
1523 1627 39 20 37d|
1579 1627 34 20 37:
1624 1627 39 20 56dj

998 1880 27 20 47l
1056 1881 39 20 1:41]
1140 1893 26 3 —I
1204 1893 27 3 —I
1266 1882 60 19 61/—
1378 1883 13 19 2
1443 1882 92 20 2110:3.
1582 1883 67 20 10:17

1046 1914 21 19 pt
1078 1912 25 18 35
1345 1914 48 17 s.10]
1417 1920 15 10 s.
1444 1914 10 17 5

1009 1946 9 13 »
1026 1936 22 34 I
1056 1940 39 20 1:4]
1139 1953 27 2 —I|
1204 1953 27 2 —I
1266 1941 61 19 6)—]
1378 1942 13 19 2
1443 1942 13 19 21
1482 1941 53 20 10:3
1559 1937 14 35 1
1582 1942 67 20 10:17

1046 1973 21 20 pt
1078 1971 25 18 36
1345 1978 15 12 s.
1369 1973 24 17 10]
1417 1979 15 11 s.
1444 1973 10 17 5

1010 2005 8 13 »
1025 1995 23 35 |
1056 1999 39 20 1:9]
1139 2012 27 2 —I
1203 2012 28 2 —I
1266 2000 61 19 6I—]
1378 2000 13 20 71
1443 2001 92 20 7113:3
1582 2001 68 20 1|13:60

1046 2032 21 20 pt
1078 2030 25 18 56
1346 2032 111 18 s.321]s.12

1048 2060 55 18 —58
