1794 2333
717 72 223 20 SAKREGISTER

1588 75 39 19 483

1002 188 53 21 Prop.

1089 164 89 17 Motioner

1243 165 70 16 Utskott

1362 177 58 17 Skriv.

1480 166 90 17 Protokoll

1085 218 30 17 FK
1132 205 2 47 |
1146 201 32 55 AK

1204 205 86 43 Smilavd|
1314 219 26 16 Nr

1460 220 30 16 FK
1559 220 32 17 AK

48 258 191 27 Hypoteksbank,
250 259 104 25 Sveriges
366 258 119 21 allmänna

92 289 177 25 gäldskontoret
283 289 69 20 ställa
366 289 34 20 till
416 289 137 25 förfogande
568 289 99 20 svenska
681 289 88 20 statens
784 288 51 25 fyra
848 288 44 20 och
905 293 28 15 en

91 319 55 20 halv
161 320 96 24 procent
272 319 160 25 obligationer,
447 318 162 26 ouppsägbara
624 318 53 20 från
691 318 171 20 innehavarens
876 317 58 24 sida,

92 349 36 20 till
141 350 33 19 ett
186 349 123 21 nominellt
321 349 83 25 belopp
417 355 28 14 av
456 349 33 20 tio
502 349 109 24 miljoner
623 348 34 21 kr.
670 348 52 20 med
735 348 46 21 rätt
793 348 36 20 för
840 347 93 21 banken

92 380 34 19 att
138 380 54 24 taga
203 379 185 25 obligationerna
400 379 7 20 i
419 378 103 26 anspråk
532 379 8 20 i
551 378 102 25 enlighet
664 378 51 21 med
726 378 207 20 bestämmelserna

91 409 7 20 i
109 408 168 26 förordningen
288 414 51 20 ang.
350 408 104 26 Sveriges
465 408 119 21 allmänna
592 408 187 25 hypoteksbank.

92 456 39 20 RD
147 457 97 24 antager
259 456 138 25 förordning
411 462 38 14 om
464 456 89 20 ändrad
568 456 87 25 lydelse
669 462 28 14 av
713 456 9 23 8
739 456 13 20 4
766 455 167 25 förordningen

92 486 44 20 den
152 486 26 20 16
192 486 48 24 maj
256 486 56 20 1890
329 486 40 23 (nr
382 486 25 20 21
423 492 17 14 s.
455 486 22 24 1)
495 491 51 20 ang.
560 486 104 25 Sveriges
677 486 119 20 allmänna
809 486 124 24 hypoteks-

91 515 64 20 bank
166 517 62 19 samt
237 515 110 24 besluter,
358 516 33 20 att
402 516 76 20 staten
489 515 59 21 skall
558 527 30 3 —
597 516 36 20 för
644 515 87 26 ökning
741 522 28 14 av
779 515 104 25 Sveriges
893 515 41 21 all-

91 546 88 19 männa
194 545 192 25 hypoteksbanks
401 545 134 25 grundfond
550 557 29 2 —
593 550 83 20 genom
692 545 147 25 fullmäktige
853 545 8 20 i
875 545 58 20 riks-

92 574 176 25 gäldskontoret
282 575 69 20 ställa
365 575 35 20 till
415 574 138 25 förfogande
567 575 100 20 svenska
680 575 89 20 statens
783 574 51 26 fyra
848 574 43 20 och
905 580 28 15 en

91 604 55 20 halv
160 605 97 24 procent
271 604 161 25 obligationer,
446 604 162 25 ouppsägbara
623 604 53 20 från
690 604 171 20 innehavarens
876 604 57 23 sida,

91 634 36 20 till
142 635 33 19 ett
189 634 123 20 nominellt
326 634 84 25 belopp
424 640 28 14 av
467 634 47 20 fem
529 634 109 25 miljoner
652 634 34 20 kr.
701 634 52 20 med
768 634 46 21 rätt
828 634 37 20 för
877 634 57 20 ban-

92 663 44 20 ken
155 664 33 19 att
206 664 53 24 taga
277 663 184 25 obligationerna
478 664 8 20 i
503 663 103 25 anspråk
622 664 8 19 i
647 663 101 26 enlighet
765 664 52 20 med
834 663 100 21 bestäm-

91 693 116 20 melserna
220 693 7 20 i
240 693 168 25 förordningen
421 698 51 20 ang,
485 693 104 25 Sveriges
602 693 118 21 allmänna
732 693 186 25 hypoteksbank.

92 741 39 19 RD
147 742 97 24 antager
259 740 138 26 förordning
411 747 39 14 om
465 740 99 26 ändring
578 741 8 20 i
601 741 167 25 förordningen
783 741 44 20 den
844 741 25 21 16
884 741 47 25 maj

93 770 56 20 1890
164 770 40 24 (nr
216 770 25 21 21
256 777 17 14 s.
287 770 22 24 1)
325 776 51 20 ang.
388 771 104 25 Sveriges
504 771 119 20 allmänna
634 771 179 25 hypoteksbank
825 772 61 19 samt
895 771 38 20 be-

92 800 80 23 sluter,
184 801 34 19 att
230 801 76 19 staten
319 800 59 20 skall
389 812 30 3 —
430 800 36 20 för
477 800 89 26 ökning
577 807 28 14 av
616 801 103 25 Sveriges
731 801 119 20 allmänna
861 801 72 25 hypo-

90 830 130 20 teksbanks
235 830 134 25 grundfond
383 842 30 2 —
427 835 83 20 genom
525 830 147 25 fullmäktige
686 831 7 20 i
708 830 225 26 riksgäldskontoret

91 860 69 20 ställa
176 860 35 20 till
228 859 138 26 förfogande
382 860 99 20 svenska
497 861 88 20 statens
601 860 52 25 fyra
667 860 44 20 och
726 866 28 15 en
769 860 54 20 halv
838 861 95 25 procent

91 889 161 25 obligationer,
266 889 163 26 ouppsägbara
443 889 53 21 från
510 890 171 21 innehavarens
695 890 56 24 sida,
765 890 35 21 till
814 892 33 19 ett
860 890 74 21 nomi-

92 919 57 20 nellt
161 919 84 25 belopp
258 926 28 13 av
297 920 32 19 tio
342 920 110 24 miljoner
464 920 34 20 kr.
510 920 52 20 med
575 920 46 20 rätt
633 920 36 20 för
681 920 92 20 banken
785 921 34 20 att
830 921 54 24 taga
895 920 38 20 ob-

92 949 154 25 ligationerna
261 949 7 20 i
283 949 103 25 anspråk
399 950 8 19 i
421 949 102 25 enlighet
536 950 53 20 med
602 950 207 20 bestämmelserna
823 950 7 20 i
844 950 89 20 förord-

90 979 87 25 ningen
187 984 51 20 ang.
249 979 104 25 Sveriges
363 979 119 20 allmänna
491 979 186 25 hypoteksbank.

92 1025 39 21 RD
144 1026 97 25 antager
253 1026 138 25 förordning
402 1032 38 14 om
453 1026 104 26 Sveriges
569 1027 119 21 allmänna
699 1027 180 26 hypoteksbank
890 1028 43 20 och

91 1061 38 14 om
145 1056 322 25 landshypoteksföreningar
482 1058 61 19 samt
557 1056 103 21 besluter
675 1058 33 19 att
724 1058 75 20 staten
815 1057 67 25 skall,
897 1057 37 21 för

91 1085 88 25 ökning
194 1091 28 14 av
237 1085 104 25 Sveriges
356 1086 119 20 allmänna
489 1086 192 25 hypoteksbanks
695 1087 142 24 grundfond,
851 1092 83 20 genom

90 1114 149 26 fullmäktige
259 1115 7 20 i
287 1115 226 25 riksgäldskontoret
533 1116 69 20 ställa
621 1116 35 20 till
677 1116 138 26 förfogande
835 1117 99 20 svenska

91 1145 90 20 statens
195 1144 52 26 fyra
260 1145 44 20 och
316 1151 28 14 en
357 1145 54 20 halv
424 1147 96 23 procent
532 1145 160 26 obligationer,
705 1146 162 26 ouppsägbara
880 1147 53 20 från

91 1174 172 21 innehavarens
275 1175 58 23 sida,
344 1175 35 20 till
391 1176 32 19 ett
434 1175 122 21 nominellt
567 1175 83 26 belopp
662 1182 28 14 av
700 1176 118 25 tjugufem
829 1176 59 25 milj.
899 1176 34 21 kr.

91 1204 52 20 med
161 1204 47 20 rätt
224 1204 37 20 för
277 1204 93 21 banken
387 1206 34 19 att
436 1205 8 20 i
460 1205 101 25 enlighet
577 1206 53 20 med
646 1206 27 20 de
689 1206 7 20 i
712 1206 168 26 förordningen
896 1212 37 15 om

92 1233 104 26 Sveriges
207 1234 121 21 allmänna
338 1234 180 26 hypoteksbank
528 1235 44 20 och
582 1241 38 14 om
632 1235 302 27 landshypoteksförening-

92 1269 26 14 ar
130 1263 70 25 givna
212 1263 208 21 bestämmelserna
433 1266 53 24 taga
498 1264 184 26 obligationerna
694 1266 8 20 i
714 1266 110 25 anspråk.

92 1311 40 20 RD
146 1312 97 24 antager
256 1311 138 26 förordning
407 1317 52 20 ang.
472 1312 89 21 ändrad
574 1313 87 25 lydelse
674 1319 28 14 av
715 1313 12 21 3
742 1313 10 23 $
767 1313 166 26 förordningen

92 1341 44 20 den
151 1341 13 20 4
178 1347 63 14 mars
256 1341 56 21 1955
330 1342 39 23 (nr
384 1342 52 24 110)
453 1348 38 14 om
505 1342 104 25 Sveriges
623 1343 119 20 allmänna
755 1343 179 25 hypoteksbank

91 1371 44 20 och
151 1377 38 14 om
206 1371 321 26 landshypoteksföreningar
542 1372 44 20 och
601 1372 109 24 besluter,
726 1373 33 20 att
775 1374 76 20 staten
867 1373 67 23 skall,

91 1400 37 20 för
142 1400 89 26 ökning
245 1407 29 14 av
287 1401 104 25 Sveriges
406 1401 119 21 allmänna
538 1402 192 25 hypoteksbanks
743 1403 142 25 grundfond,
898 1408 37 20 ge-

91 1436 56 14 nom
159 1430 226 25 riksgäldskontoret
397 1431 69 20 ställa
477 1431 34 20 till
523 1431 138 26 förfogande
672 1433 100 20 svenska
783 1433 88 20 statens
882 1433 52 25 fyra

91 1460 44 20 och
146 1466 28 14 en
185 1460 55 20 halv
250 1462 97 23 procent
357 1460 160 26 obligationer,
527 1462 162 25 ouppsägbara
700 1462 53 20 från
764 1463 170 20 innehavarens

93 1490 57 23 sida,
162 1489 35 20 till
210 1491 33 19 ett
254 1490 122 21 nominellt
387 1490 93 26 bedopp
490 1497 28 14 av
529 1491 117 25 tjugufem
658 1492 109 24 miljoner
779 1492 33 20 kr.
825 1493 51 20 med
888 1493 46 20 rätt

93 1519 37 20 för
141 1519 94 20 banken
248 1520 34 20 att
293 1520 8 20 i
313 1520 101 25 enlighet
426 1521 53 20 med
491 1521 28 20 de
530 1521 7 20 i
550 1521 166 25 förordningen
728 1528 38 14 om
779 1522 103 26 Sveriges
894 1522 41 21 all-

92 1549 87 20 männa
200 1549 181 25 hypoteksbank
401 1550 44 20 och
466 1556 38 14 om
526 1550 320 27 landshypoteksföreningar
866 1552 69 25 givna

92 1578 209 21 bestämmelserna
312 1580 53 24 taga
375 1579 185 25 obligationerna
571 1581 7 19 i
589 1580 110 25 anspråk.

91 1608 28 20 Se
145 1608 44 20 ock
214 1608 218 26 Jordbrukskredit,
457 1609 153 21 Skatteväsen
639 1610 139 25 (1956:12),
803 1611 134 25 Skogsvård

96 1638 125 24 (190750):

46 1691 229 24 HYRESAVDRAG;
296 1698 24 14 se
329 1692 153 21 Skatteväsen
495 1693 79 23 (1952:
586 1694 47 23 25).

46 1744 267 22 HYRESGÄSTERNAS
330 1745 176 21 SPARKASSE-
525 1746 60 21 OCH
602 1746 315 22 BYGGNADSFÖRENING-

46 1774 55 21 ARS
113 1774 207 21 RIKSFÖRBUND
332 1775 27 21 U.
370 1775 25 21 P.
408 1776 36 24 A.;
466 1783 23 14 se
499 1777 194 25 Sparfrämjande
708 1778 90 24 (1958).

46 1828 286 25 HYRESKOSTNADER;
353 1836 23 14 se
385 1830 203 25 Interpellationer
601 1831 79 23 (1955:
692 1831 48 24 52).

47 1879 204 24 HYRESLAGEN;
273 1886 24 14 se
311 1880 77 21 Enkla
401 1880 81 25 frågor
499 1881 79 23 (1952:
590 1881 48 25 32),
651 1881 199 26 Hyresreglering,
863 1881 74 20 Inter-

93 1909 139 26 pellationer
246 1910 79 24 (1952:
337 1916 33 18 44,
382 1910 66 21 1957:
461 1916 48 19 132,
522 1911 62 24 133).

47 1957 265 24 HYRESRABATTER;
336 1964 23 14 se
368 1958 281 25 Bostadsproduktionen.

47 2005 271 20 HYRESREGLERING.

95 2035 39 20 RD
148 2036 97 24 antager
258 2035 37 25 lag
308 2040 51 20 ang.
373 2034 95 21 fortsatt
480 2035 106 25 giltighet
598 2042 28 13 av
639 2036 66 24 lagen
718 2036 44 20 den
776 2035 26 21 19
814 2035 53 25 juni
881 2035 55 21 1942

98 2065 39 22 (nr
151 2065 54 24 429)
222 2071 39 13 om
274 2065 185 25 hyresreglering
473 2071 30 14 m.
516 2071 37 17 m.,
568 2065 36 25 lag
617 2070 52 20 ang.
683 2065 94 21 fortsatt
790 2065 106 25 giltighet
909 2071 28 14 av

95 2095 67 25 lagen
176 2095 45 20 den
237 2094 26 21 19
277 2094 52 25 juni
345 2094 55 21 1942
418 2094 39 24 (nr
471 2094 53 24 430)
541 2100 38 14 om
593 2095 102 20 kontroll
709 2101 28 14 av
750 2094 130 26 upplåtelse
893 2094 43 21 och

957 455 29 22 52

957 740 29 22 53

958 1026 29 21 55)

958 1311 29 22 59

961 2036 27 22 51

1008 457 42 21 140

1022 742 27 20 67

1023 1314 28 19 85

1012 2038 42 20 168

1080 1028 43 20 360

1084 2038 41 21 157

1083 2068 43 20 219

1083 2098 42 20 487

1150 2038 41 21 130

1148 2068 44 20 293

1148 2098 44 20 623

1370 459 43 20 232

1385 743 28 21 98

1371 1029 43 21 109

1371 1314 43 20 244

1373 2039 43 20 282

1430 460 72 20 16:134
1531 460 72 20 |16:225

1430 744 34 20 11:
1480 748 22 16 55
1531 744 34 20 11:
1581 749 22 15 97

1444 1030 20 20 6:
1480 1029 42 21 33dl
1545 1030 20 20 6:
1581 1034 22 15 52

1431 1315 34 20 15:
1480 1319 23 16 34
1532 1315 33 20 115:
1582 1320 21 15 74

1432 2039 35 21 20:
1483 2040 85 20 67d|20:
1584 2040 40 20 96d
