1845 2357
167 149 42 21 536
904 157 137 16 SAKREGISTER

185 432 184 22 Folkskoleväsen.

172 469 24 15 31
215 464 38 19 RD
272 464 97 20 anhåller
387 470 35 14 om
438 464 118 27 skyndsam
571 465 115 26 utredning
701 472 46 19 ang.
765 466 91 20 behovet
872 466 39 20 och
928 466 96 26 lämplig-

230 494 64 20 heten
318 501 26 13 av
360 494 128 26 statsbidrag
503 495 8 19 i
526 495 57 20 vissa
598 495 39 20 fall
652 495 33 20 för
700 495 164 21 underlättande
880 503 26 14 av
923 496 102 26 skolgång

230 524 34 20 för
279 524 60 26 långt
353 524 48 20 från
417 524 61 21 skola
493 525 82 20 boende
592 525 139 27 skolpliktiga
746 525 59 21 barn.

172 600 24 16 32
214 595 38 20 RD
268 595 111 26 förklarar,
396 597 31 19 att
442 596 48 20 från
505 597 56 20 RD:s
577 597 47 20 sida
639 597 46 20 icke
701 597 77 21 hinder
793 599 68 19 möter
876 598 33 20 för
920 598 61 20 KM:t
993 600 31 19 att

229 625 44 21 låta
298 626 119 26 igångsätta
440 626 241 27 nybyggnadsarbetena
704 627 36 21 vid
763 627 230 22 folkskoleseminariet
1016 629 8 19 i

229 656 8 19 i
253 655 126 27 Linköping.

172 725 25 16 33
215 721 42 20 Till
281 721 128 26 statsbidrag
433 722 34 20 till
491 722 122 26 byggnader
630 722 34 21 för
678 723 210 21 folkskoleväsendet
902 724 8 20 i
925 724 57 20 vissa
998 731 26 13 av

229 751 66 21 rikets
318 751 130 26 nordligaste
466 754 120 24 gränsorter
601 753 90 26 beviljas
707 753 33 20 för
756 753 125 26 budgetåret
898 752 125 29 1924/1925

229 783 31 18 ett
282 783 60 18 extra
365 782 216 26 reservationsanslag
603 789 27 13 av
654 782 94 21 200000
764 783 41 24 kr.;
823 784 39 20 och
878 784 101 26 uppföres
995 796 29 2 —

229 811 50 20 med
298 811 137 21 uteslutande
458 818 27 14 av
508 812 62 20 det
551 807 24 37 i
592 812 115 21 riksstaten
728 813 108 26 uppförda
859 813 43 20 ord.
926 813 97 27 förslags-

229 841 96 26 anslaget
340 842 13 19 å
368 841 43 21 400
421 841 42 21 000
485 842 32 20 kr.
536 842 34 20 till
589 842 149 27 befrämjande
754 849 26 15 av
795 843 228 27 folkundervisningen

229 871 66 20 bland
314 871 26 20 de
355 871 8 20 i
378 871 66 21 rikets
463 872 129 26 nordligaste
608 873 80 20 trakter
704 873 84 20 bosatta
803 873 69 20 finnar
887 885 29 2 —
932 875 31 19 ett
978 874 44 20 ord.

227 901 165 27 förslagsanslag
415 908 27 14 av
465 901 43 20 430
518 902 42 20 000
580 902 31 20 kr.
628 902 34 21 till
677 902 240 27 folkundervisningens
933 904 89 20 befräm-

227 931 66 26 jande
308 931 8 20 i
331 931 57 21 vissa
403 938 27 14 av
445 932 66 20 rikets
527 932 129 26 nordligaste
667 934 129 25 gränsorter;
808 933 40 20 och
859 933 108 26 medgiver
978 934 44 23 RD,

228 963 32 18 att
275 961 185 21 föreståndarinna
475 962 37 20 vid
528 962 98 20 skolhem
642 962 52 21 eller
709 963 133 26 arbetsstuga
852 964 59 19 inom
922 963 26 21 de
960 963 63 21 finsk-

228 991 86 20 talande
332 991 179 27 församlingarna
526 992 8 20 i
549 992 140 21 Norrbottens
707 993 37 20 län
759 994 36 19 må
810 993 66 21 vinna
891 993 133 26 delaktighet

228 1022 7 19 i
251 1023 81 19 statens
347 1022 80 20 anstalt
442 1022 33 20 för
490 1023 151 25 pensionering
656 1029 26 15 av
697 1023 161 20 folkskollärare
874 1030 29 14 m.
920 1024 20 19 fl.

170 1091 24 16 34
213 1087 41 20 För
272 1086 171 21 iståndsättande
459 1094 27 13 av
503 1087 144 27 Skytteanska
662 1088 196 26 lappfolksskolans
874 1089 8 19 i
898 1089 69 20 Tärna
982 1089 40 20 och

228 1116 37 21 det
288 1116 50 21 med
357 1117 127 20 densamma
498 1117 101 20 förenade
615 1118 161 20 barnhemmets
792 1118 123 21 nuvarande
933 1119 89 26 byggna-

228 1146 37 21 der
289 1147 84 20 anvisas
392 1147 33 20 för
441 1147 125 25 budgetåret
583 1146 126 28 1924/1925
726 1149 30 19 ett
771 1150 61 18 extra
847 1149 176 20 reservationsan-

228 1176 46 26 slag
297 1183 26 14 av
347 1176 79 21 25000
451 1177 41 24 kr.;
517 1177 40 20 och
581 1177 97 20 anhåller
693 1178 44 24 RD,
755 1177 36 21 det
806 1178 61 20 KM:t
882 1178 82 20 täcktes
980 1178 44 20 låta

228 1206 116 20 verkställa
362 1206 116 26 utredning
493 1207 58 20 såväl
567 1207 133 20 beträffande
715 1207 161 26 ifrågavarande
893 1208 71 20 skolas
980 1215 42 13 om-

228 1236 144 26 organisation
389 1242 46 14 som
451 1237 8 19 i
474 1236 60 26 fråga
549 1243 36 13 om
601 1236 25 21 de
642 1237 67 20 totala
724 1237 255 26 byggnadskostnaderna
991 1238 33 20 för

228 1266 26 20 de
270 1266 124 20 nuvarande
409 1266 120 21 lokalernas
545 1266 131 21 försättande
692 1267 7 20 i
714 1267 88 26 fullgott
818 1267 66 21 skick.

172 1336 24 16 35
214 1332 190 20 Bankoutskottets
424 1331 110 21 utlåtande
550 1332 8 19 i
573 1332 43 20 anl.
633 1339 26 13 av
675 1332 71 20 KM:ts
762 1339 59 20 prop.
837 1339 46 20 ang.
901 1333 121 20 folkunder-

228 1362 123 26 visningens
375 1361 150 27 befrämjande
543 1362 8 19 i
572 1362 65 20 rikets
660 1362 130 26 nordligaste
813 1364 125 24 gränsorter,
958 1363 7 20 i
981 1363 42 20 vad

229 1398 60 14 avser
312 1391 133 26 delaktighet
467 1392 33 20 för
523 1391 186 21 föreståndarinna
729 1392 38 21 vid
785 1393 56 19 vissa
857 1392 98 21 skolhem
972 1393 51 20 eller

229 1422 144 25 arbetsstugor
388 1422 7 19 i
411 1423 80 19 statens
510 1421 81 21 anstalt
606 1422 33 20 för
654 1422 150 26 pensionering
819 1429 26 14 av
860 1422 163 21 folkskollärare

229 1458 28 13 m.
275 1451 20 20 fl.
313 1451 70 26 lägges
399 1451 34 21 till
448 1451 164 26 handlingarna.

171 1522 25 15 36
213 1517 38 20 RD
267 1517 125 20 hemställer
407 1517 39 20 hos
461 1517 68 25 KM:t,
546 1517 36 20 det
597 1517 62 20 KM:t
674 1517 81 20 täcktes
769 1518 53 20 efter
833 1517 64 27 nödig
908 1518 115 26 utredning

228 1547 86 26 vidtaga
332 1546 98 27 åtgärder
447 1547 34 20 för
500 1547 67 20 sådan
585 1547 91 26 ändring
691 1547 7 20 i
714 1547 89 26 stadgan
819 1548 33 19 för
867 1548 156 26 fortsättnings-

229 1576 75 21 skolan
323 1583 26 14 av
368 1577 41 20 den
426 1576 27 20 16
470 1578 52 25 sept.
541 1576 64 25 1918,
622 1579 32 18 att
669 1577 135 20 skoldistrikt
819 1577 51 20 med
885 1578 138 25 obligatorisk

229 1606 78 27 sjunde
322 1607 166 20 folkskoleklass
504 1608 36 19 må
554 1607 75 20 kunna
645 1607 95 20 anordna
753 1607 210 26 fortsättningsskola
974 1608 49 20 med

229 1637 83 25 ett-årig
327 1636 58 21 kurs.

186 1713 8 15 1
213 1707 41 20 AK
277 1707 70 21 avslår
370 1708 82 20 motion
476 1715 47 19 ang.
540 1708 91 20 särskild
648 1708 123 26 utbildning
785 1708 34 20 för
834 1708 66 21 lärare
916 1708 36 20 vid
968 1708 55 20 folk-

228 1737 72 20 skolor
315 1744 26 14 av
357 1738 32 24 B-,
406 1738 23 19 C-
445 1738 40 20 och
501 1738 141 20 D-formerna.

185 1813 10 15 2
213 1808 106 21 Motioner
334 1816 35 13 om
385 1809 113 21 införande
514 1816 26 14 av
555 1809 163 26 proportionellt
733 1809 78 21 valsätt
827 1809 36 21 vid
879 1809 34 21 val
929 1816 26 14 av
966 1809 57 21 leda-

227 1840 69 19 möter
313 1839 7 20 i
336 1839 196 27 folkskolestyrelse
549 1839 74 20 avslås.

186 1939 9 15 3
213 1934 47 20 Den
276 1935 8 19 i
300 1934 36 21 det
351 1941 161 20 gemensamma
528 1934 43 21 ord.
589 1935 236 26 reservationsanslaget
841 1935 34 20 till
886 1935 137 20 folkskolese-

229 1965 130 20 minarierna
368 1965 105 26 ingående
484 1966 85 25 posten:
586 1964 269 21 Folkskoleseminarierna
867 1965 96 20 minskas
974 1965 51 20 med

229 1994 42 21 106
281 1994 42 20 700
340 1995 31 20 kr.
388 1995 34 20 till
439 1995 11 20 1
461 1994 42 21 773
513 1994 42 21 700
571 1995 42 23 kr.;
631 1995 39 19 och
686 1995 102 26 uppföres
803 1995 34 20 till
848 1995 145 26 ålderstillägg
1003 1995 22 20 åt

228 2024 66 21 lärare
305 2024 37 21 vid
352 2024 260 21 folkskoleseminarierna
623 2026 31 19 ett
664 2024 44 21 ord.
720 2024 164 27 förslagsanslag
894 2031 27 14 av
930 2024 42 21 150
982 2024 42 21 000

230 2054 31 20 kr.

1140 221 17 18 2
1500 228 54 18 Riks-

1116 238 12 10 e

1062 250 17 26 3
1116 240 35 45 så
1215 275 4 3 -
1322 242 106 42 iDeskotte:
1491 258 72 22 dagens
1620 259 117 17 Kamrarnas

1062 280 17 26 Sö
1140 280 17 36 2
1159 271 110 31 Motioner
1321 276 112 34 utlätenden
1505 273 22 36 Bik
1605 289 145 22 förhandlingar

1061 310 18 28 =
1116 308 41 29 är
1297 305 47 18 eller
1356 306 100 17 memorial
1497 318 63 18 dälser

1057 342 16 11 2
1115 339 40 22 lå:

1062 357 11 9 -
1116 363 35 18 og
1295 360 6 28 Rp
1615 374 3 3 s
1745 378 3 4 ;

1061 371 90 50 23153
1176 382 88 18 TEE
1289 383 113 27 AA
1445 373 71 45 ES
1547 373 18 46 a
1590 373 71 46 arten
1691 372 71 42 lime

1040 461 56 35 1924
1225 437 92 51 a
1336 468 11 20 I
1400 468 12 20 9
1485 465 42 34 210
1579 469 34 21 36:
1623 469 49 21 118d|
1688 469 33 20 20:
1732 469 42 20 39d

1279 497 67 21 18ET
1399 498 12 20 3

1063 605 9 11 >
1239 599 66 21 9816)
1335 600 76 20 ITA
1485 600 41 21 183
1592 602 70 20 37:36
1664 596 19 36 |
1694 600 34 20 36:
1739 605 25 16 60

1063 732 8 10 >
1112 724 42 20 [170
1292 725 12 20 Fr
1485 726 41 20 184
1591 726 70 21 37:36
1663 722 22 34 |
1694 726 33 20 36:
1739 731 25 15 60

1062 1096 8 10 >
1170 1088 40 21 167
1292 1089 119 21 61:11:76
1485 1089 41 21 185
1592 1089 69 21 37:86
1664 1085 22 34 |
1694 1089 33 20 36:
1738 1094 25 16 60

1062 1340 8 10 >
1112 1332 41 21 1170
1292 1333 12 19 8
1384 1333 27 20 66
1592 1333 34 20 41:
1638 1338 24 16 79
1664 1329 22 34 |
1693 1333 34 20 41:
1739 1338 24 16 52

1061 1525 9 11 >
1237 1518 66 20 20112!
1334 1517 11 20 11
1385 1517 26 20 10
1484 1517 41 21 307
1592 1518 34 20 43:
1637 1523 25 16 68
1664 1514 19 35 |
1686 1518 34 20 35:
1732 1522 39 16 128

1278 1547 66 21 13:51
1399 1547 11 20 vå

1039 1707 56 22 1925
1238 1708 67 21 39113]
1335 1708 11 20 1
1400 1708 10 20 1
1688 1708 32 20 12:
1732 1708 40 20 49d

1063 1817 8 11 >
1200 1809 66 21 511981
1293 1810 12 20 5
1399 1809 12 20 3
1594 1810 32 20 14:
1638 1810 26 20 7d
1666 1804 19 35 |
1695 1808 33 21 16:
1739 1809 26 21 ed

1170 1839 96 20 140199

1171 1869 41 20 141

1063 1935 91 20 FA
1293 1935 12 20 6)
1336 1935 76 20 11-81
1444 1940 25 16 o8)8
1488 1935 74 20 Als]
1594 1935 68 20 19:82)
1695 1935 69 20 21:56

1096 1965 26 31 ip.
1128 1969 34 18 150
