1859 2371
815 158 136 16 SAKREGISTER

1642 156 41 20 217

964 251 23 146 18S3EpsKIA

1023 299 17 104 198[9ALIYS
1022 239 18 48 19[[9

1042 369 17 54 doad
1042 317 22 45 sy:le
1042 240 22 45 [Bun

1080 276 95 17 Motioner

1237 246 95 18 Utskotts-

1226 276 112 18 utlåtanden

1202 306 48 18 eller
1262 306 99 18 memorial

1525 260 118 18 Kamrarnas

1510 289 146 23 förhandlingar

1083 384 34 17 FK
1136 384 34 17 AK

1195 366 18 57 "Tueg

1238 372 17 48 ”PAV

1292 384 17 16 g

1292 402 11 9 =

1352 375 17 44 eps

1499 373 67 18 Första
1573 369 20 32 |
1600 374 65 17 Andra

1496 398 70 17 kamm,
1565 394 28 31 |
1597 398 70 17 kamm.

95 436 167 28 Avsöndringar
277 443 27 14 m.
321 444 27 14 m.

139 497 30 21 tal
185 497 100 21 Tåstebol
301 504 26 13 nr
344 498 10 20 1
371 498 7 20 i
394 498 35 27 Ny
444 498 78 20 socken
538 498 40 20 och
594 497 50 21 med
655 498 12 20 å
677 498 128 26 lägenheten
816 497 116 27 befintliga,

139 528 81 19 kronan
245 527 109 27 tillhöriga
378 527 122 27 byggnader
523 528 99 26 försäljas
637 527 51 21 med
703 529 42 19 rätt
761 528 34 20 för
810 527 124 21 nuvarande

139 557 138 20 arrendatorn
294 558 28 20 M.
339 557 84 27 Edgren
439 559 32 19 att
486 557 81 21 erhålla
582 557 103 21 hembud.

115 623 63 20 Inom
198 622 78 21 Örebro
293 622 45 21 län:

81 657 25 16 69
124 653 38 19 RD
178 652 115 26 medgiver,
311 652 45 21 dels
372 654 32 19 att
419 654 31 19 ett
465 653 7 20 i
489 652 232 27 statsrådsprotokollet
737 652 131 25 omförmält,
884 652 51 20 med

139 682 146 26 ägofigurerna
308 689 24 13 nr
349 682 86 21 55—59
452 682 115 21 betecknat
582 682 86 20 område
684 689 35 13 om
737 681 63 21 1.237
817 682 76 21 hektar
908 689 26 13 av

140 712 199 26 kronoegendomen
362 712 11 20 1
399 712 81 20 mantal
504 712 80 27 Björka
607 719 25 13 nr
652 712 12 20 2
681 712 7 20 i
709 712 80 20 Kumla
805 712 77 21 socken
899 713 36 19 må

140 742 67 26 jämte
223 742 93 20 kronans
332 742 63 20 andel
412 742 7 20 i
433 742 79 27 Björka
522 742 40 27 bys
573 742 145 26 samfällighet
728 741 97 27 försäljas
836 742 33 20 till
880 742 22 20 P.
914 742 19 20 J.

141 772 90 20 Larsson
254 774 46 18 mot
323 779 26 13 en
373 772 145 27 köpeskilling
533 779 26 13 av
576 771 63 30 1235
656 772 39 24 kr.,
712 771 46 21 dels
773 772 40 20 ock
829 773 32 19 att
876 772 36 20 det
927 772 8 20 i

140 801 232 27 statsrådsprotokollet
387 802 96 24 berörda,
500 802 66 20 Södra
580 798 75 29 Ängen
669 801 122 21 benämnda
801 801 87 21 område
899 808 35 14 om

141 832 63 20 6.516
222 832 76 20 hektar
314 839 26 13 av
356 831 95 21 nämnda
466 832 172 26 kronoegendom
654 832 37 20 må
705 832 100 26 upplåtas
816 832 67 25 enligt
893 831 41 27 gäl-

140 861 63 20 lande
219 861 92 26 grunder
326 862 33 20 för
370 862 131 26 upplåtande
516 869 25 13 av
553 861 239 27 egnahemslägenheter
802 862 48 20 från
860 861 75 20 krono-

140 891 135 26 egendomar.

111 951 62 20 Inom
195 950 171 22 Västmanlands
382 951 44 20 län:

84 985 25 16 70
127 981 37 19 RD
188 980 109 26 medgiver
315 981 121 26 upplåtelse
455 981 51 20 eller
522 981 127 27 försäljning
665 988 25 13 av
706 981 199 26 kronoegendomen
924 981 10 19 1

142 1010 82 21 mantal
240 1011 76 26 Ekeby
332 1018 25 13 nr
375 1011 10 20 1
403 1011 6 19 i
426 1011 110 26 Dingtuna
551 1011 84 20 socken.

85 1074 22 16 71
128 1070 37 20 RD
181 1070 115 26 medgiver,
313 1072 31 18 att
360 1077 26 13 av
401 1070 199 26 kronoegendomen
618 1069 27 28 1/;
662 1070 82 20 mantal
760 1070 88 20 Ramsta
864 1076 25 14 nr
905 1070 31 20 2i

143 1100 100 26 Björksta
265 1100 78 20 socken
367 1100 45 20 dels
431 1100 67 20 lotten
517 1100 40 20 litt.
576 1100 37 24 Ba,
630 1100 132 24 hemskiftet,
779 1100 36 20 må
830 1100 106 26 försäljas,

78 1128 1 17 |
143 1129 45 20 dels
204 1130 39 20 ock
259 1130 93 20 lotterna
368 1130 40 20 litt.
425 1130 32 20 Bb
473 1130 39 20 och
529 1130 29 20 Be
574 1137 37 13 var
621 1130 33 20 för
665 1130 31 26 sig
707 1130 36 20 må
754 1130 100 26 upplåtas
866 1130 70 20 såsom

143 1159 169 26 åbolägenheter.

113 1219 62 20 Inom
192 1218 152 28 Kopparbergs
360 1219 44 20 län:

85 1253 24 16 72
128 1249 37 20 RD
181 1249 115 26 medgiver,
313 1251 31 19 att
360 1249 26 21 de
401 1249 164 26 telegrafverket
580 1249 108 26 tillhöriga
704 1250 105 19 tomterna
825 1256 25 13 nr
861 1249 20 25 6,
894 1249 19 25 7,
925 1249 13 20 8

143 1279 39 20 och
199 1279 12 19 9
228 1279 7 20 i
251 1279 107 21 kvarteret
373 1286 25 13 nr
408 1280 65 20 XXII
484 1279 124 26 Telegrafen
619 1280 7 19 i
637 1279 82 26 Krylbo
729 1280 68 26 jämte
808 1279 130 20 tillhörande

143 1309 113 25 gatumark
277 1310 35 19 må
328 1309 99 27 försäljas
442 1309 33 20 för
491 1311 30 19 ett
536 1309 78 27 belopp
630 1316 26 13 av
673 1309 27 20 10
710 1309 42 20 000
768 1309 31 20 kr.
816 1309 40 20 och
872 1309 68 20 under

145 1339 25 20 de
187 1339 78 20 villkor
280 1339 7 20 i
303 1339 74 26 övrigt,
398 1345 46 14 som
460 1346 26 14 av
502 1339 61 20 KM:t
578 1339 134 26 godkännas;
729 1339 39 20 och
785 1339 94 20 besluter
894 1339 44 24 RD,

144 1370 31 19 att
198 1369 171 26 köpeskillingen
387 1370 68 26 jämte
475 1371 30 19 ett
521 1369 77 27 belopp
615 1376 26 14 av
658 1369 26 20 10
694 1368 43 21 000
753 1369 31 19 kr.
801 1375 27 14 av
844 1369 95 26 telegraf-

144 1398 83 21 verkets
246 1399 161 27 förnyelsefond
426 1399 55 21 skall
500 1399 126 20 inlevereras
642 1399 34 20 till
692 1398 205 27 riksgäldskontoret
913 1399 28 26 på

144 1430 43 19 sätt
205 1429 7 20 i
229 1429 233 26 statsrådsprotokollet
485 1431 50 18 över
555 1428 294 21 kommunikationsärenden
868 1428 42 20 den
928 1429 10 19 1

144 1459 53 20 febr.
216 1457 56 22 1929
289 1459 126 26 föreslagits.

88 1522 24 16 73
130 1518 37 20 RD
184 1517 114 27 medgiver,
311 1520 31 18 att
353 1519 34 26 sju
399 1518 32 20 till
443 1517 177 21 hemmansdelen
632 1517 114 21 Utmeland
759 1517 26 21 70
795 1517 8 12 ?
814 1524 34 14 om
862 1517 77 21 13.315

145 1547 111 27 kappland
279 1548 115 20 reducerad
415 1547 49 27 jord
480 1548 7 20 i
503 1548 60 20 Mora
586 1547 78 21 socken
683 1547 94 21 hörande
797 1547 144 26 skogsskiften

146 1578 42 23 må,
212 1577 68 20 under
303 1577 26 21 de
347 1578 78 20 villkor
441 1577 61 21 KM:t
520 1577 122 25 fastställer,
660 1579 46 19 vart
721 1577 33 20 för
770 1577 31 26 sig
817 1578 12 19 å
844 1577 98 26 offentlig

147 1607 88 21 auktion
260 1607 98 27 försäljas
377 1607 34 21 till
430 1607 41 20 den
487 1607 182 26 högstbjudande;
686 1607 39 20 och
742 1607 93 20 besluter
851 1607 43 24 RD,
910 1609 32 18 att

147 1637 26 20 de
197 1637 7 20 i
224 1637 43 20 anl.
291 1644 26 13 av
336 1637 154 26 försäljningen
506 1637 117 26 inflytande
640 1637 85 20 medlen
741 1637 61 20 skola
817 1636 124 27 disponeras

146 1667 7 19 i
170 1667 94 25 enlighet
287 1667 51 20 med
357 1667 26 20 de
398 1667 7 20 i
422 1666 232 27 statsrådsprotokollet
669 1668 50 19 över
734 1666 207 21 kommunikations-

147 1696 92 21 ärenden
256 1696 41 21 den
315 1696 11 20 1
343 1697 53 20 febr.
415 1697 56 20 1929
487 1697 92 26 angivna
595 1696 97 26 grunder.

90 1761 24 16 74
132 1757 38 19 RD
194 1756 115 26 medgiver,
325 1758 31 19 att
372 1758 31 19 ett
418 1757 13 19 å
446 1763 26 14 en
488 1757 7 19 i
511 1756 233 27 statsrådsprotokollet
759 1756 106 26 åberopad
882 1756 61 20 karta

148 1786 50 21 med
223 1786 10 20 1
258 1786 40 20 och
323 1786 12 20 2
360 1786 113 21 betecknat
492 1786 93 24 område,
602 1785 133 22 omfattande
751 1792 27 14 en
794 1786 149 26 sammanlagd

147 1816 76 27 ytvidd
239 1823 27 13 av
282 1816 99 26 omkring
397 1816 49 21 0.38
464 1816 75 21 hektar
555 1823 25 14 av
597 1816 63 20 Bisen
677 1815 66 21 Södra
758 1822 26 14 nr
800 1814 49 29 12!/,
861 1816 83 20 mantal

147 1845 47 27 (12!)
210 1846 7 20 i
233 1846 120 26 Malingsbo
370 1846 84 24 socken,
471 1847 36 19 må
522 1846 113 26 avstyckas
648 1846 48 20 från
707 1846 186 26 stamfastigheten
904 1846 40 20 och

148 1876 50 20 med
213 1876 149 20 tillträdesrätt
378 1876 41 20 den
437 1876 27 20 14
480 1882 57 14 mars
554 1876 56 20 1930
627 1875 98 26 försäljas
740 1875 34 21 till
791 1876 22 20 C.
830 1876 24 19 E.
872 1876 72 20 Söder-

149 1907 66 19 ström
231 1906 33 20 för
280 1912 26 14 en
322 1906 144 27 köpeskilling
482 1913 26 14 av
524 1906 43 20 200
583 1906 32 20 kr.

120 1965 62 20 Inom
204 1964 195 22 Västernorrlands
415 1965 45 20 län:

92 1999 24 16 75
134 1995 38 20 RD
188 1995 115 26 medgiver,
320 1996 32 19 att
367 1995 42 20 den
425 1995 61 20 KM:t
501 1995 40 20 och
557 1995 82 20 kronan
655 1994 166 21 tillkommande
832 1997 69 18 rätten
912 1995 33 20 till

150 2025 64 25 högre
231 2025 110 20 allmänna
356 2025 129 21 läroverkets
501 2025 8 20 i
522 2024 129 21 Härnösand
663 2024 122 27 byggnader
795 2025 36 20 må
842 2025 104 20 överlåtas

151 2055 27 25 på
193 2054 140 21 Härnösands
349 2054 54 25 stad,
420 2054 68 21 under
503 2054 78 21 villkor
597 2056 31 19 att
638 2055 141 20 Härnösands
790 2055 57 20 stifts
858 2056 88 25 präster-

89 2106 28 18 28.
134 2108 90 19 Sakregister
233 2109 13 15 I.

139 467 56 21 areal
211 474 26 14 av
253 468 144 26 sammanlagt
414 468 76 20 16.883
509 468 82 24 hektar,
608 468 36 20 må
653 467 113 27 avstyckas
776 468 48 20 från
836 466 27 29 1/,
875 474 58 14 man-
949 468 55 20 |1929

1021 653 42 20 225

1020 687 46 23 p-34

1035 1518 28 21 50

1032 1553 34 23 p4

1038 1756 27 21 94

1028 1791 45 23 p.21

1040 1995 28 20 93

1294 654 27 20 64

1296 982 28 20 64

1296 1071 28 20 64

1297 1251 27 19 42

1303 1757 27 20 36

1306 1995 27 20 65

1353 659 24 15 28

1356 1077 25 15 30

1364 1762 23 16 14

1393 654 42 21 283

1398 1251 41 20 103

1401 1519 41 20 103

1405 1757 41 20 154

1407 1995 41 21 140

1501 654 54 21 29:5
1582 641 95 35 |86:111

1504 983 53 20 29:65
1568 979 62 34 136:
1636 979 43 34 111

1504 1072 56 20 29:85
1599 1073 81 20 136:111

1497 1251 34 20 21:
1543 1256 38 16 1031
1599 1252 33 20 28:
1644 1256 38 16 115

1500 1520 33 20 21:
1545 1525 39 15 1031
1601 1520 33 20 28:
1648 1525 37 15 115

1504 1758 33 20 21:
1550 1763 36 15 104/
1604 1759 34 20 28:
1650 1763 38 16 123

1514 1997 68 19 24:88
1584 1992 22 34 |
1615 1996 33 21 30:
1659 2001 25 16 74
