<?xml version="1.0" encoding="UTF-8"?>
<alto xmlns="http://www.loc.gov/standards/alto/ns-v3#" xmlns:xlink="http://www.w3.org/1999/xlink" xmlns:xsi="http://www.w3.org/2001/XMLSchema-instance" xsi:schemaLocation="http://www.loc.gov/standards/alto/ns-v3# http://www.loc.gov/alto/v3/alto-3-0.xsd">
	<Description>
		<MeasurementUnit>pixel</MeasurementUnit>
		<sourceImageInformation>
			<fileName></fileName>
		</sourceImageInformation>
		<OCRProcessing ID="OCR_0">
			<ocrProcessingStep>
				<processingSoftware>
					<softwareName>tesseract 4.1.1</softwareName>
				</processingSoftware>
			</ocrProcessingStep>
		</OCRProcessing>
	</Description>
	<Layout>
		<Page WIDTH="1845" HEIGHT="2359" PHYSICAL_IMG_NR="0" ID="page_0">
			<PrintSpace HPOS="0" VPOS="0" WIDTH="1845" HEIGHT="2359">
				<ComposedBlock ID="cblock_0" HPOS="170" VPOS="153" WIDTH="869" HEIGHT="21">
					<TextBlock ID="block_0" HPOS="170" VPOS="153" WIDTH="869" HEIGHT="21">
						<TextLine ID="line_0" HPOS="170" VPOS="153" WIDTH="869" HEIGHT="21">
							<String ID="string_0" HPOS="170" VPOS="153" WIDTH="43" HEIGHT="21" WC="0.96" CONTENT="194"/><SP WIDTH="690" VPOS="153" HPOS="213"/>
							<String ID="string_1" HPOS="903" VPOS="157" WIDTH="136" HEIGHT="14" WC="0.91" CONTENT="SAKREGISTER"/>
						</TextLine>
					</TextBlock>
				</ComposedBlock>
				<ComposedBlock ID="cblock_1" HPOS="1101" VPOS="198" WIDTH="652" HEIGHT="12">
					<TextBlock ID="block_1" HPOS="1101" VPOS="198" WIDTH="652" HEIGHT="12">
						<TextLine ID="line_1" HPOS="1101" VPOS="198" WIDTH="652" HEIGHT="12">
							<String ID="string_2" HPOS="1101" VPOS="198" WIDTH="652" HEIGHT="12" WC="0.95" CONTENT=" "/>
						</TextLine>
					</TextBlock>
				</ComposedBlock>
				<ComposedBlock ID="cblock_2" HPOS="172" VPOS="201" WIDTH="1581" HEIGHT="10">
					<TextBlock ID="block_2" HPOS="172" VPOS="201" WIDTH="1581" HEIGHT="10">
						<TextLine ID="line_2" HPOS="172" VPOS="201" WIDTH="1581" HEIGHT="10">
							<String ID="string_3" HPOS="172" VPOS="201" WIDTH="1581" HEIGHT="10" WC="0.95" CONTENT=" "/>
						</TextLine>
					</TextBlock>
				</ComposedBlock>
				<ComposedBlock ID="cblock_3" HPOS="172" VPOS="200" WIDTH="1606" HEIGHT="15">
					<TextBlock ID="block_3" HPOS="172" VPOS="200" WIDTH="1606" HEIGHT="15">
						<TextLine ID="line_3" HPOS="172" VPOS="200" WIDTH="1606" HEIGHT="15">
							<String ID="string_4" HPOS="172" VPOS="200" WIDTH="1606" HEIGHT="15" WC="0.95" CONTENT=" "/>
						</TextLine>
					</TextBlock>
				</ComposedBlock>
				<ComposedBlock ID="cblock_4" HPOS="172" VPOS="202" WIDTH="1581" HEIGHT="16">
					<TextBlock ID="block_4" HPOS="172" VPOS="202" WIDTH="1581" HEIGHT="16">
						<TextLine ID="line_4" HPOS="172" VPOS="202" WIDTH="1581" HEIGHT="16">
							<String ID="string_5" HPOS="172" VPOS="202" WIDTH="1581" HEIGHT="16" WC="0.95" CONTENT=" "/>
						</TextLine>
					</TextBlock>
				</ComposedBlock>
				<ComposedBlock ID="cblock_5" HPOS="172" VPOS="204" WIDTH="1581" HEIGHT="13">
					<TextBlock ID="block_5" HPOS="172" VPOS="204" WIDTH="1581" HEIGHT="13">
						<TextLine ID="line_5" HPOS="172" VPOS="204" WIDTH="1581" HEIGHT="13">
							<String ID="string_6" HPOS="172" VPOS="204" WIDTH="1581" HEIGHT="13" WC="0.95" CONTENT=" "/>
						</TextLine>
					</TextBlock>
				</ComposedBlock>
				<ComposedBlock ID="cblock_6" HPOS="1488" VPOS="225" WIDTH="260" HEIGHT="108">
					<TextBlock ID="block_6" HPOS="1488" VPOS="225" WIDTH="248" HEIGHT="52">
						<TextLine ID="line_6" HPOS="1498" VPOS="225" WIDTH="53" HEIGHT="18">
							<String ID="string_7" HPOS="1498" VPOS="225" WIDTH="53" HEIGHT="18" WC="0.89" CONTENT="Riks-"/>
						</TextLine>
						<TextLine ID="line_7" HPOS="1488" VPOS="251" WIDTH="248" HEIGHT="30">
							<String ID="string_8" HPOS="1488" VPOS="251" WIDTH="72" HEIGHT="30" WC="0.96" CONTENT="dagens"/><SP WIDTH="57" VPOS="251" HPOS="1560"/>
							<String ID="string_9" HPOS="1617" VPOS="255" WIDTH="119" HEIGHT="18" WC="0.91" CONTENT="Kamrarnas"/>
						</TextLine>
					</TextBlock>
					<TextBlock ID="block_7" HPOS="1494" VPOS="281" WIDTH="254" HEIGHT="52">
						<TextLine ID="line_8" HPOS="1502" VPOS="281" WIDTH="246" HEIGHT="29">
							<String ID="string_10" HPOS="1502" VPOS="281" WIDTH="46" HEIGHT="29" WC="0.92" CONTENT="skri-"/><SP WIDTH="55" VPOS="281" HPOS="1548"/>
							<String ID="string_11" HPOS="1603" VPOS="285" WIDTH="145" HEIGHT="22" WC="0.96" CONTENT="förhandlingar"/>
						</TextLine>
						<TextLine ID="line_9" HPOS="1494" VPOS="315" WIDTH="63" HEIGHT="18">
							<String ID="string_12" HPOS="1494" VPOS="315" WIDTH="63" HEIGHT="18" WC="0.92" CONTENT="velser"/>
						</TextLine>
					</TextBlock>
				</ComposedBlock>
				<ComposedBlock ID="cblock_7" HPOS="1173" VPOS="243" WIDTH="280" HEIGHT="77">
					<TextBlock ID="block_8" HPOS="1173" VPOS="243" WIDTH="280" HEIGHT="77">
						<TextLine ID="line_10" HPOS="1331" VPOS="243" WIDTH="95" HEIGHT="17">
							<String ID="string_13" HPOS="1331" VPOS="243" WIDTH="95" HEIGHT="17" WC="0.92" CONTENT="Utskotts-"/>
						</TextLine>
						<TextLine ID="line_11" HPOS="1173" VPOS="273" WIDTH="259" HEIGHT="17">
							<String ID="string_14" HPOS="1173" VPOS="273" WIDTH="95" HEIGHT="17" WC="0.96" CONTENT="Motioner"/><SP WIDTH="52" VPOS="273" HPOS="1268"/>
							<String ID="string_15" HPOS="1320" VPOS="273" WIDTH="112" HEIGHT="17" WC="0.96" CONTENT="utlåtanden"/>
						</TextLine>
						<TextLine ID="line_12" HPOS="1295" VPOS="302" WIDTH="158" HEIGHT="18">
							<String ID="string_16" HPOS="1295" VPOS="303" WIDTH="47" HEIGHT="17" WC="0.96" CONTENT="eller"/><SP WIDTH="12" VPOS="303" HPOS="1342"/>
							<String ID="string_17" HPOS="1354" VPOS="302" WIDTH="99" HEIGHT="18" WC="0.96" CONTENT="memorial"/>
						</TextLine>
					</TextBlock>
				</ComposedBlock>
				<ComposedBlock ID="cblock_8" HPOS="1169" VPOS="352" WIDTH="602" HEIGHT="2">
					<TextBlock ID="block_9" HPOS="1169" VPOS="352" WIDTH="602" HEIGHT="2">
						<TextLine ID="line_13" HPOS="1169" VPOS="352" WIDTH="602" HEIGHT="2">
							<String ID="string_18" HPOS="1169" VPOS="352" WIDTH="602" HEIGHT="2" WC="0.95" CONTENT=" "/>
						</TextLine>
					</TextBlock>
				</ComposedBlock>
				<ComposedBlock ID="cblock_9" HPOS="1583" VPOS="358" WIDTH="174" HEIGHT="39">
					<TextBlock ID="block_10" HPOS="1583" VPOS="358" WIDTH="174" HEIGHT="39">
						<TextLine ID="line_14" HPOS="1583" VPOS="358" WIDTH="174" HEIGHT="39">
							<String ID="string_19" HPOS="1583" VPOS="366" WIDTH="74" HEIGHT="31" WC="0.96" CONTENT="Första"/><SP WIDTH="15" VPOS="366" HPOS="1657"/>
							<String ID="string_20" HPOS="1672" VPOS="358" WIDTH="2" HEIGHT="35" WC="0.89" CONTENT="|"/><SP WIDTH="18" VPOS="358" HPOS="1674"/>
							<String ID="string_21" HPOS="1692" VPOS="370" WIDTH="65" HEIGHT="17" WC="0.96" CONTENT="Andra"/>
						</TextLine>
					</TextBlock>
				</ComposedBlock>
				<ComposedBlock ID="cblock_10" HPOS="1587" VPOS="390" WIDTH="172" HEIGHT="38">
					<TextBlock ID="block_11" HPOS="1587" VPOS="390" WIDTH="172" HEIGHT="38">
						<TextLine ID="line_15" HPOS="1587" VPOS="390" WIDTH="172" HEIGHT="38">
							<String ID="string_22" HPOS="1587" VPOS="390" WIDTH="70" HEIGHT="30" WC="0.90" CONTENT="kamm."/><SP WIDTH="15" VPOS="390" HPOS="1657"/>
							<String ID="string_23" HPOS="1672" VPOS="402" WIDTH="1" HEIGHT="26" WC="0.85" CONTENT="|"/><SP WIDTH="16" VPOS="402" HPOS="1673"/>
							<String ID="string_24" HPOS="1689" VPOS="394" WIDTH="70" HEIGHT="18" WC="0.83" CONTENT="kamm."/>
						</TextLine>
					</TextBlock>
				</ComposedBlock>
				<ComposedBlock ID="cblock_11" HPOS="1056" VPOS="249" WIDTH="22" HEIGHT="146">
					<TextBlock ID="block_12" HPOS="1056" VPOS="249" WIDTH="22" HEIGHT="146">
						<TextLine ID="line_16" HPOS="1056" VPOS="249" WIDTH="22" HEIGHT="146">
							<String ID="string_25" HPOS="1056" VPOS="249" WIDTH="22" HEIGHT="146" WC="0.0" CONTENT="18S3LpsAIA"/>
						</TextLine>
					</TextBlock>
				</ComposedBlock>
				<ComposedBlock ID="cblock_12" HPOS="1113" VPOS="219" WIDTH="42" HEIGHT="202">
					<TextBlock ID="block_13" HPOS="1113" VPOS="219" WIDTH="42" HEIGHT="202">
						<TextLine ID="line_17" HPOS="1113" VPOS="236" WIDTH="18" HEIGHT="165">
							<String ID="string_26" HPOS="1114" VPOS="296" WIDTH="17" HEIGHT="105" WC="0.0" CONTENT="198[9ALLYS"/><SP WIDTH="-18" VPOS="296" HPOS="1131"/>
							<String ID="string_27" HPOS="1113" VPOS="236" WIDTH="18" HEIGHT="48" WC="0.0" CONTENT="I9T[9"/>
						</TextLine>
						<TextLine ID="line_18" HPOS="1133" VPOS="219" WIDTH="22" HEIGHT="202">
							<String ID="string_28" HPOS="1133" VPOS="367" WIDTH="17" HEIGHT="54" WC="0.0" CONTENT="&quot;doad"/><SP WIDTH="-17" VPOS="367" HPOS="1150"/>
							<String ID="string_29" HPOS="1133" VPOS="294" WIDTH="22" HEIGHT="66" WC="0.0" CONTENT="s1:le"/><SP WIDTH="-22" VPOS="294" HPOS="1155"/>
							<String ID="string_30" HPOS="1133" VPOS="219" WIDTH="22" HEIGHT="70" WC="0.34" CONTENT="[Bun"/>
						</TextLine>
					</TextBlock>
				</ComposedBlock>
				<ComposedBlock ID="cblock_13" HPOS="1176" VPOS="381" WIDTH="87" HEIGHT="17">
					<TextBlock ID="block_14" HPOS="1176" VPOS="381" WIDTH="87" HEIGHT="17">
						<TextLine ID="line_19" HPOS="1176" VPOS="381" WIDTH="87" HEIGHT="17">
							<String ID="string_31" HPOS="1176" VPOS="381" WIDTH="87" HEIGHT="17" WC="0.83" CONTENT="FKIAK"/>
						</TextLine>
					</TextBlock>
				</ComposedBlock>
				<ComposedBlock ID="cblock_14" HPOS="1329" VPOS="369" WIDTH="17" HEIGHT="48">
					<TextBlock ID="block_15" HPOS="1329" VPOS="369" WIDTH="17" HEIGHT="48">
						<TextLine ID="line_20" HPOS="1329" VPOS="369" WIDTH="17" HEIGHT="48">
							<String ID="string_32" HPOS="1329" VPOS="369" WIDTH="17" HEIGHT="48" WC="0.57" CONTENT="&quot;PAV"/>
						</TextLine>
					</TextBlock>
				</ComposedBlock>
				<ComposedBlock ID="cblock_15" HPOS="1384" VPOS="380" WIDTH="16" HEIGHT="28">
					<TextBlock ID="block_16" HPOS="1384" VPOS="380" WIDTH="16" HEIGHT="28">
						<TextLine ID="line_21" HPOS="1384" VPOS="380" WIDTH="16" HEIGHT="17">
							<String ID="string_33" HPOS="1391" VPOS="375" WIDTH="6" HEIGHT="30" WC="0.27" CONTENT="Ag"/>
						</TextLine>
						<TextLine ID="line_22" HPOS="1384" VPOS="399" WIDTH="11" HEIGHT="9">
							<String ID="string_34" HPOS="1384" VPOS="399" WIDTH="11" HEIGHT="9" WC="0.11" CONTENT="="/>
						</TextLine>
					</TextBlock>
				</ComposedBlock>
				<ComposedBlock ID="cblock_16" HPOS="1288" VPOS="363" WIDTH="273" HEIGHT="57">
					<TextBlock ID="block_17" HPOS="1288" VPOS="363" WIDTH="273" HEIGHT="57">
						<TextLine ID="line_23" HPOS="1288" VPOS="363" WIDTH="17" HEIGHT="57">
							<String ID="string_35" HPOS="1288" VPOS="363" WIDTH="17" HEIGHT="57" WC="0.58" CONTENT="Tues"/>
						</TextLine>
						<TextLine ID="line_24" HPOS="1443" VPOS="371" WIDTH="17" HEIGHT="45">
							<String ID="string_36" HPOS="1443" VPOS="371" WIDTH="17" HEIGHT="45" WC="0.41" CONTENT="BvpIs"/>
						</TextLine>
						<TextLine ID="line_25" HPOS="1497" VPOS="380" WIDTH="16" HEIGHT="28">
							<String ID="string_37" HPOS="1497" VPOS="380" WIDTH="16" HEIGHT="28" WC="0.90" CONTENT="IN"/>
						</TextLine>
						<TextLine ID="line_26" HPOS="1544" VPOS="372" WIDTH="17" HEIGHT="44">
							<String ID="string_38" HPOS="1544" VPOS="372" WIDTH="17" HEIGHT="44" WC="0.21" CONTENT="BvpIs"/>
						</TextLine>
					</TextBlock>
				</ComposedBlock>
				<ComposedBlock ID="cblock_17" HPOS="1033" VPOS="428" WIDTH="735" HEIGHT="6">
					<TextBlock ID="block_18" HPOS="1033" VPOS="428" WIDTH="735" HEIGHT="6">
						<TextLine ID="line_27" HPOS="1033" VPOS="428" WIDTH="735" HEIGHT="6">
							<String ID="string_39" HPOS="1033" VPOS="428" WIDTH="735" HEIGHT="6" WC="0.95" CONTENT=" "/>
						</TextLine>
					</TextBlock>
				</ComposedBlock>
				<ComposedBlock ID="cblock_18" HPOS="184" VPOS="437" WIDTH="840" HEIGHT="147">
					<TextBlock ID="block_19" HPOS="184" VPOS="437" WIDTH="840" HEIGHT="147">
						<TextLine ID="line_28" HPOS="184" VPOS="437" WIDTH="255" HEIGHT="27">
							<String ID="string_40" HPOS="184" VPOS="437" WIDTH="169" HEIGHT="27" WC="0.89" CONTENT="Avsöndringar"/><SP WIDTH="16" VPOS="437" HPOS="353"/>
							<String ID="string_41" HPOS="369" VPOS="444" WIDTH="26" HEIGHT="14" WC="0.92" CONTENT="m."/><SP WIDTH="17" VPOS="444" HPOS="395"/>
							<String ID="string_42" HPOS="412" VPOS="444" WIDTH="27" HEIGHT="14" WC="0.89" CONTENT="m."/>
						</TextLine>
						<TextLine ID="line_29" HPOS="230" VPOS="465" WIDTH="794" HEIGHT="30">
							<String ID="string_43" HPOS="230" VPOS="468" WIDTH="27" HEIGHT="21" WC="0.96" CONTENT="29"/><SP WIDTH="17" VPOS="468" HPOS="257"/>
							<String ID="string_44" HPOS="274" VPOS="469" WIDTH="43" HEIGHT="26" WC="0.96" CONTENT="maj"/><SP WIDTH="20" VPOS="469" HPOS="317"/>
							<String ID="string_45" HPOS="337" VPOS="468" WIDTH="56" HEIGHT="20" WC="0.96" CONTENT="1874"/><SP WIDTH="17" VPOS="468" HPOS="393"/>
							<String ID="string_46" HPOS="410" VPOS="467" WIDTH="101" HEIGHT="27" WC="0.96" CONTENT="stadgade"/><SP WIDTH="16" VPOS="467" HPOS="511"/>
							<String ID="string_47" HPOS="527" VPOS="467" WIDTH="77" HEIGHT="20" WC="0.96" CONTENT="villkor"/><SP WIDTH="15" VPOS="467" HPOS="604"/>
							<String ID="string_48" HPOS="619" VPOS="466" WIDTH="50" HEIGHT="21" WC="0.93" CONTENT="med"/><SP WIDTH="16" VPOS="466" HPOS="669"/>
							<String ID="string_49" HPOS="685" VPOS="466" WIDTH="146" HEIGHT="21" WC="0.90" CONTENT="tillträdesrätt"/><SP WIDTH="19" VPOS="466" HPOS="831"/>
							<String ID="string_50" HPOS="850" VPOS="466" WIDTH="33" HEIGHT="20" WC="0.96" CONTENT="för"/><SP WIDTH="10" VPOS="466" HPOS="883"/>
							<String ID="string_51" HPOS="893" VPOS="465" WIDTH="78" HEIGHT="27" WC="0.96" CONTENT="köpare"/><SP WIDTH="12" VPOS="465" HPOS="971"/>
							<String ID="string_52" HPOS="983" VPOS="465" WIDTH="41" HEIGHT="21" WC="0.96" CONTENT="den"/>
						</TextLine>
						<TextLine ID="line_30" HPOS="231" VPOS="495" WIDTH="791" HEIGHT="28">
							<String ID="string_53" HPOS="231" VPOS="499" WIDTH="27" HEIGHT="20" WC="0.95" CONTENT="14"/><SP WIDTH="24" VPOS="499" HPOS="258"/>
							<String ID="string_54" HPOS="282" VPOS="505" WIDTH="57" HEIGHT="14" WC="0.95" CONTENT="mars"/><SP WIDTH="25" VPOS="505" HPOS="339"/>
							<String ID="string_55" HPOS="364" VPOS="497" WIDTH="63" HEIGHT="26" WC="0.96" CONTENT="1928,"/><SP WIDTH="25" VPOS="497" HPOS="427"/>
							<String ID="string_56" HPOS="452" VPOS="497" WIDTH="45" HEIGHT="21" WC="0.96" CONTENT="dels"/><SP WIDTH="25" VPOS="497" HPOS="497"/>
							<String ID="string_57" HPOS="522" VPOS="497" WIDTH="40" HEIGHT="20" WC="0.96" CONTENT="ock"/><SP WIDTH="23" VPOS="497" HPOS="562"/>
							<String ID="string_58" HPOS="585" VPOS="498" WIDTH="69" HEIGHT="25" WC="0.93" CONTENT="torpet"/><SP WIDTH="16" VPOS="498" HPOS="654"/>
							<String ID="string_59" HPOS="670" VPOS="496" WIDTH="205" HEIGHT="26" WC="0.90" CONTENT="Allmänningsbron"/><SP WIDTH="16" VPOS="496" HPOS="875"/>
							<String ID="string_60" HPOS="891" VPOS="502" WIDTH="35" HEIGHT="14" WC="0.95" CONTENT="om"/><SP WIDTH="18" VPOS="502" HPOS="926"/>
							<String ID="string_61" HPOS="944" VPOS="495" WIDTH="78" HEIGHT="21" WC="0.95" CONTENT="13.315"/>
						</TextLine>
						<TextLine ID="line_31" HPOS="229" VPOS="525" WIDTH="794" HEIGHT="29">
							<String ID="string_62" HPOS="229" VPOS="529" WIDTH="76" HEIGHT="20" WC="0.96" CONTENT="hektar"/><SP WIDTH="16" VPOS="529" HPOS="305"/>
							<String ID="string_63" HPOS="321" VPOS="528" WIDTH="66" HEIGHT="26" WC="0.96" CONTENT="enligt"/><SP WIDTH="15" VPOS="528" HPOS="387"/>
							<String ID="string_64" HPOS="402" VPOS="527" WIDTH="98" HEIGHT="27" WC="0.96" CONTENT="gällande"/><SP WIDTH="16" VPOS="527" HPOS="500"/>
							<String ID="string_65" HPOS="516" VPOS="527" WIDTH="92" HEIGHT="26" WC="0.96" CONTENT="grunder"/><SP WIDTH="10" VPOS="527" HPOS="608"/>
							<String ID="string_66" HPOS="618" VPOS="527" WIDTH="34" HEIGHT="20" WC="0.96" CONTENT="för"/><SP WIDTH="10" VPOS="527" HPOS="652"/>
							<String ID="string_67" HPOS="662" VPOS="526" WIDTH="132" HEIGHT="27" WC="0.96" CONTENT="upplåtande"/><SP WIDTH="8" VPOS="526" HPOS="794"/>
							<String ID="string_68" HPOS="802" VPOS="532" WIDTH="26" HEIGHT="14" WC="0.93" CONTENT="av"/><SP WIDTH="11" VPOS="532" HPOS="828"/>
							<String ID="string_69" HPOS="839" VPOS="525" WIDTH="184" HEIGHT="27" WC="0.92" CONTENT="egnahemslägen-"/>
						</TextLine>
						<TextLine ID="line_32" HPOS="229" VPOS="557" WIDTH="339" HEIGHT="27">
							<String ID="string_70" HPOS="229" VPOS="559" WIDTH="59" HEIGHT="20" WC="0.96" CONTENT="heter"/><SP WIDTH="16" VPOS="559" HPOS="288"/>
							<String ID="string_71" HPOS="304" VPOS="558" WIDTH="47" HEIGHT="20" WC="0.93" CONTENT="från"/><SP WIDTH="17" VPOS="558" HPOS="351"/>
							<String ID="string_72" HPOS="368" VPOS="557" WIDTH="200" HEIGHT="27" WC="0.91" CONTENT="kronoegendomar."/>
						</TextLine>
					</TextBlock>
				</ComposedBlock>
				<ComposedBlock ID="cblock_19" HPOS="1040" VPOS="466" WIDTH="53" HEIGHT="20">
					<TextBlock ID="block_20" HPOS="1040" VPOS="466" WIDTH="53" HEIGHT="20">
						<TextLine ID="line_33" HPOS="1040" VPOS="466" WIDTH="7" HEIGHT="20">
							<String ID="string_73" HPOS="1040" VPOS="466" WIDTH="7" HEIGHT="20" WC="0.0" CONTENT="SA"/>
						</TextLine>
						<TextLine ID="line_34" HPOS="1053" VPOS="466" WIDTH="12" HEIGHT="20">
							<String ID="string_74" HPOS="1049" VPOS="472" WIDTH="24" HEIGHT="5" WC="0.29" CONTENT="Oo"/>
						</TextLine>
						<TextLine ID="line_35" HPOS="1068" VPOS="467" WIDTH="11" HEIGHT="19">
							<String ID="string_75" HPOS="1068" VPOS="467" WIDTH="11" HEIGHT="19" WC="0.20" CONTENT="NN"/>
						</TextLine>
						<TextLine ID="line_36" HPOS="1083" VPOS="466" WIDTH="10" HEIGHT="20">
							<String ID="string_76" HPOS="1083" VPOS="466" WIDTH="10" HEIGHT="20" WC="0.13" CONTENT="-"/>
						</TextLine>
					</TextBlock>
				</ComposedBlock>
				<ComposedBlock ID="cblock_20" HPOS="1419" VPOS="612" WIDTH="2" HEIGHT="36">
					<TextBlock ID="block_21" HPOS="1419" VPOS="612" WIDTH="2" HEIGHT="36">
						<TextLine ID="line_37" HPOS="1419" VPOS="612" WIDTH="2" HEIGHT="36">
							<String ID="string_77" HPOS="1419" VPOS="612" WIDTH="2" HEIGHT="36" WC="0.95" CONTENT=" "/>
						</TextLine>
					</TextBlock>
				</ComposedBlock>
				<ComposedBlock ID="cblock_21" HPOS="171" VPOS="621" WIDTH="1589" HEIGHT="270">
					<TextBlock ID="block_22" HPOS="171" VPOS="621" WIDTH="1589" HEIGHT="270">
						<TextLine ID="line_38" HPOS="171" VPOS="621" WIDTH="1589" HEIGHT="30">
							<String ID="string_78" HPOS="171" VPOS="630" WIDTH="25" HEIGHT="16" WC="0.81" CONTENT="58"/><SP WIDTH="17" VPOS="630" HPOS="196"/>
							<String ID="string_79" HPOS="213" VPOS="625" WIDTH="38" HEIGHT="20" WC="0.91" CONTENT="RD"/><SP WIDTH="15" VPOS="625" HPOS="251"/>
							<String ID="string_80" HPOS="266" VPOS="624" WIDTH="115" HEIGHT="27" WC="0.91" CONTENT="medgiver,"/><SP WIDTH="15" VPOS="624" HPOS="381"/>
							<String ID="string_81" HPOS="396" VPOS="625" WIDTH="31" HEIGHT="19" WC="0.96" CONTENT="att"/><SP WIDTH="13" VPOS="625" HPOS="427"/>
							<String ID="string_82" HPOS="440" VPOS="623" WIDTH="65" HEIGHT="21" WC="0.96" CONTENT="sedan"/><SP WIDTH="11" VPOS="623" HPOS="505"/>
							<String ID="string_83" HPOS="516" VPOS="622" WIDTH="137" HEIGHT="21" WC="0.96" CONTENT="arrendatorn"/><SP WIDTH="11" VPOS="622" HPOS="653"/>
							<String ID="string_84" HPOS="664" VPOS="629" WIDTH="26" HEIGHT="14" WC="0.93" CONTENT="av"/><SP WIDTH="11" VPOS="629" HPOS="690"/>
							<String ID="string_85" HPOS="701" VPOS="621" WIDTH="199" HEIGHT="27" WC="0.91" CONTENT="kronoegendomen"/><SP WIDTH="13" VPOS="621" HPOS="900"/>
							<String ID="string_86" HPOS="913" VPOS="621" WIDTH="110" HEIGHT="26" WC="0.46" CONTENT="Tegalund"/><SP WIDTH="-1" VPOS="621" HPOS="1023"/>
							<String ID="string_87" HPOS="1022" VPOS="617" WIDTH="10" HEIGHT="38" WC="0.46" CONTENT="|"/><SP WIDTH="29" VPOS="617" HPOS="1032"/>
							<String ID="string_88" HPOS="1061" VPOS="630" WIDTH="9" HEIGHT="10" WC="0.25" CONTENT="&gt;»"/><SP WIDTH="40" VPOS="630" HPOS="1070"/>
							<String ID="string_89" HPOS="1110" VPOS="622" WIDTH="42" HEIGHT="21" WC="0.28" CONTENT="1215"/><SP WIDTH="125" VPOS="622" HPOS="1152"/>
							<String ID="string_90" HPOS="1277" VPOS="622" WIDTH="26" HEIGHT="20" WC="0.96" CONTENT="10"/><SP WIDTH="77" VPOS="622" HPOS="1303"/>
							<String ID="string_91" HPOS="1380" VPOS="622" WIDTH="28" HEIGHT="20" WC="0.92" CONTENT="46"/><SP WIDTH="0" VPOS="622" HPOS="1408"/>
							<String ID="string_92" HPOS="1408" VPOS="615" WIDTH="23" HEIGHT="35" WC="0.92" CONTENT="|"/><SP WIDTH="10" VPOS="615" HPOS="1431"/>
							<String ID="string_93" HPOS="1441" VPOS="622" WIDTH="118" HEIGHT="21" WC="0.0" CONTENT="1381327/10]"/><SP WIDTH="31" VPOS="622" HPOS="1559"/>
							<String ID="string_94" HPOS="1590" VPOS="623" WIDTH="69" HEIGHT="20" WC="0.82" CONTENT="27:18"/><SP WIDTH="3" VPOS="623" HPOS="1659"/>
							<String ID="string_95" HPOS="1662" VPOS="615" WIDTH="19" HEIGHT="35" WC="0.92" CONTENT="|"/><SP WIDTH="10" VPOS="615" HPOS="1681"/>
							<String ID="string_96" HPOS="1691" VPOS="622" WIDTH="69" HEIGHT="21" WC="0.94" CONTENT="28:16"/>
						</TextLine>
						<TextLine ID="line_39" HPOS="229" VPOS="649" WIDTH="926" HEIGHT="31">
							<String ID="string_97" HPOS="229" VPOS="662" WIDTH="25" HEIGHT="13" WC="0.95" CONTENT="nr"/><SP WIDTH="20" VPOS="662" HPOS="254"/>
							<String ID="string_98" HPOS="274" VPOS="655" WIDTH="10" HEIGHT="20" WC="0.95" CONTENT="1"/><SP WIDTH="18" VPOS="655" HPOS="284"/>
							<String ID="string_99" HPOS="302" VPOS="655" WIDTH="40" HEIGHT="20" WC="0.95" CONTENT="och"/><SP WIDTH="17" VPOS="655" HPOS="342"/>
							<String ID="string_100" HPOS="359" VPOS="655" WIDTH="12" HEIGHT="19" WC="0.96" CONTENT="2"/><SP WIDTH="17" VPOS="655" HPOS="371"/>
							<String ID="string_101" HPOS="388" VPOS="661" WIDTH="35" HEIGHT="13" WC="0.96" CONTENT="om"/><SP WIDTH="17" VPOS="661" HPOS="423"/>
							<String ID="string_102" HPOS="440" VPOS="654" WIDTH="12" HEIGHT="20" WC="0.96" CONTENT="2"/><SP WIDTH="17" VPOS="654" HPOS="452"/>
							<String ID="string_103" HPOS="469" VPOS="653" WIDTH="82" HEIGHT="21" WC="0.96" CONTENT="mantal"/><SP WIDTH="11" VPOS="653" HPOS="551"/>
							<String ID="string_104" HPOS="562" VPOS="652" WIDTH="50" HEIGHT="21" WC="0.96" CONTENT="med"/><SP WIDTH="11" VPOS="652" HPOS="612"/>
							<String ID="string_105" HPOS="623" VPOS="651" WIDTH="161" HEIGHT="28" WC="0.96" CONTENT="underlydande"/><SP WIDTH="9" VPOS="651" HPOS="784"/>
							<String ID="string_106" HPOS="793" VPOS="652" WIDTH="124" HEIGHT="20" WC="0.93" CONTENT="hemmanet"/><SP WIDTH="13" VPOS="652" HPOS="917"/>
							<String ID="string_107" HPOS="930" VPOS="649" WIDTH="26" HEIGHT="30" WC="0.92" CONTENT="!/,"/><SP WIDTH="9" VPOS="649" HPOS="956"/>
							<String ID="string_108" HPOS="965" VPOS="658" WIDTH="58" HEIGHT="13" WC="0.90" CONTENT="man-"/><SP WIDTH="85" VPOS="658" HPOS="1023"/>
							<String ID="string_109" HPOS="1108" VPOS="657" WIDTH="47" HEIGHT="23" WC="0.84" CONTENT="p.30"/>
						</TextLine>
						<TextLine ID="line_40" HPOS="229" VPOS="681" WIDTH="793" HEIGHT="27">
							<String ID="string_110" HPOS="229" VPOS="685" WIDTH="30" HEIGHT="20" WC="0.93" CONTENT="tal"/><SP WIDTH="16" VPOS="685" HPOS="259"/>
							<String ID="string_111" HPOS="275" VPOS="685" WIDTH="81" HEIGHT="20" WC="0.92" CONTENT="Gnicke"/><SP WIDTH="16" VPOS="685" HPOS="356"/>
							<String ID="string_112" HPOS="372" VPOS="684" WIDTH="51" HEIGHT="20" WC="0.93" CONTENT="eller"/><SP WIDTH="16" VPOS="684" HPOS="423"/>
							<String ID="string_113" HPOS="439" VPOS="683" WIDTH="155" HEIGHT="21" WC="0.92" CONTENT="Kvarnkroken"/><SP WIDTH="16" VPOS="683" HPOS="594"/>
							<String ID="string_114" HPOS="610" VPOS="689" WIDTH="25" HEIGHT="14" WC="0.95" CONTENT="nr"/><SP WIDTH="17" VPOS="689" HPOS="635"/>
							<String ID="string_115" HPOS="652" VPOS="682" WIDTH="19" HEIGHT="26" WC="0.95" CONTENT="1,"/><SP WIDTH="17" VPOS="682" HPOS="671"/>
							<String ID="string_116" HPOS="688" VPOS="682" WIDTH="38" HEIGHT="20" WC="0.96" CONTENT="allt"/><SP WIDTH="15" VPOS="682" HPOS="726"/>
							<String ID="string_117" HPOS="741" VPOS="682" WIDTH="7" HEIGHT="20" WC="0.93" CONTENT="i"/><SP WIDTH="16" VPOS="682" HPOS="748"/>
							<String ID="string_118" HPOS="764" VPOS="681" WIDTH="102" HEIGHT="27" WC="0.92" CONTENT="Fåglums"/><SP WIDTH="16" VPOS="681" HPOS="866"/>
							<String ID="string_119" HPOS="882" VPOS="683" WIDTH="84" HEIGHT="23" WC="0.92" CONTENT="socken,"/><SP WIDTH="15" VPOS="683" HPOS="966"/>
							<String ID="string_120" HPOS="981" VPOS="688" WIDTH="41" HEIGHT="14" WC="0.89" CONTENT="me-"/>
						</TextLine>
						<TextLine ID="line_41" HPOS="229" VPOS="711" WIDTH="794" HEIGHT="29">
							<String ID="string_121" HPOS="229" VPOS="715" WIDTH="55" HEIGHT="21" WC="0.92" CONTENT="delst"/><SP WIDTH="16" VPOS="715" HPOS="284"/>
							<String ID="string_122" HPOS="300" VPOS="714" WIDTH="94" HEIGHT="26" WC="0.96" CONTENT="skriftlig"/><SP WIDTH="15" VPOS="714" HPOS="394"/>
							<String ID="string_123" HPOS="409" VPOS="714" WIDTH="104" HEIGHT="26" WC="0.96" CONTENT="handling"/><SP WIDTH="15" VPOS="714" HPOS="513"/>
							<String ID="string_124" HPOS="528" VPOS="713" WIDTH="111" HEIGHT="20" WC="0.96" CONTENT="förbundit"/><SP WIDTH="16" VPOS="713" HPOS="639"/>
							<String ID="string_125" HPOS="655" VPOS="713" WIDTH="32" HEIGHT="26" WC="0.96" CONTENT="sig"/><SP WIDTH="15" VPOS="713" HPOS="687"/>
							<String ID="string_126" HPOS="702" VPOS="714" WIDTH="32" HEIGHT="19" WC="0.96" CONTENT="att"/><SP WIDTH="15" VPOS="714" HPOS="734"/>
							<String ID="string_127" HPOS="749" VPOS="711" WIDTH="41" HEIGHT="21" WC="0.96" CONTENT="den"/><SP WIDTH="18" VPOS="711" HPOS="790"/>
							<String ID="string_128" HPOS="808" VPOS="711" WIDTH="27" HEIGHT="20" WC="0.96" CONTENT="14"/><SP WIDTH="16" VPOS="711" HPOS="835"/>
							<String ID="string_129" HPOS="851" VPOS="718" WIDTH="57" HEIGHT="14" WC="0.90" CONTENT="mars"/><SP WIDTH="9" VPOS="718" HPOS="908"/>
							<String ID="string_130" HPOS="917" VPOS="711" WIDTH="56" HEIGHT="21" WC="0.90" CONTENT="1928"/><SP WIDTH="17" VPOS="711" HPOS="973"/>
							<String ID="string_131" HPOS="990" VPOS="711" WIDTH="33" HEIGHT="21" WC="0.96" CONTENT="till"/>
						</TextLine>
						<TextLine ID="line_42" HPOS="228" VPOS="741" WIDTH="794" HEIGHT="30">
							<String ID="string_132" HPOS="228" VPOS="745" WIDTH="83" HEIGHT="20" WC="0.96" CONTENT="kronan"/><SP WIDTH="15" VPOS="745" HPOS="311"/>
							<String ID="string_133" HPOS="326" VPOS="745" WIDTH="60" HEIGHT="20" WC="0.96" CONTENT="avstå"/><SP WIDTH="15" VPOS="745" HPOS="386"/>
							<String ID="string_134" HPOS="401" VPOS="745" WIDTH="33" HEIGHT="19" WC="0.96" CONTENT="sin"/><SP WIDTH="17" VPOS="745" HPOS="434"/>
							<String ID="string_135" HPOS="451" VPOS="743" WIDTH="158" HEIGHT="28" WC="0.96" CONTENT="nyttjanderätt"/><SP WIDTH="15" VPOS="743" HPOS="609"/>
							<String ID="string_136" HPOS="624" VPOS="742" WIDTH="34" HEIGHT="21" WC="0.96" CONTENT="till"/><SP WIDTH="16" VPOS="742" HPOS="658"/>
							<String ID="string_137" HPOS="674" VPOS="744" WIDTH="30" HEIGHT="19" WC="0.96" CONTENT="ett"/><SP WIDTH="15" VPOS="744" HPOS="704"/>
							<String ID="string_138" HPOS="719" VPOS="742" WIDTH="8" HEIGHT="20" WC="0.93" CONTENT="i"/><SP WIDTH="11" VPOS="742" HPOS="727"/>
							<String ID="string_139" HPOS="738" VPOS="741" WIDTH="232" HEIGHT="27" WC="0.91" CONTENT="statsrådsprotokollet"/><SP WIDTH="10" VPOS="741" HPOS="970"/>
							<String ID="string_140" HPOS="980" VPOS="748" WIDTH="42" HEIGHT="14" WC="0.93" CONTENT="om-"/>
						</TextLine>
						<TextLine ID="line_43" HPOS="228" VPOS="771" WIDTH="794" HEIGHT="24">
							<String ID="string_141" HPOS="228" VPOS="775" WIDTH="88" HEIGHT="20" WC="0.92" CONTENT="förmält"/><SP WIDTH="16" VPOS="775" HPOS="316"/>
							<String ID="string_142" HPOS="332" VPOS="774" WIDTH="86" HEIGHT="21" WC="0.96" CONTENT="område"/><SP WIDTH="16" VPOS="774" HPOS="418"/>
							<String ID="string_143" HPOS="434" VPOS="780" WIDTH="35" HEIGHT="14" WC="0.96" CONTENT="om"/><SP WIDTH="18" VPOS="780" HPOS="469"/>
							<String ID="string_144" HPOS="487" VPOS="773" WIDTH="47" HEIGHT="21" WC="0.93" CONTENT="21.8"/><SP WIDTH="18" VPOS="773" HPOS="534"/>
							<String ID="string_145" HPOS="552" VPOS="773" WIDTH="75" HEIGHT="20" WC="0.96" CONTENT="hektar"/><SP WIDTH="11" VPOS="773" HPOS="627"/>
							<String ID="string_146" HPOS="638" VPOS="779" WIDTH="26" HEIGHT="14" WC="0.96" CONTENT="av"/><SP WIDTH="16" VPOS="779" HPOS="664"/>
							<String ID="string_147" HPOS="680" VPOS="773" WIDTH="125" HEIGHT="20" WC="0.93" CONTENT="hemmanet"/><SP WIDTH="15" VPOS="773" HPOS="805"/>
							<String ID="string_148" HPOS="820" VPOS="771" WIDTH="82" HEIGHT="21" WC="0.90" CONTENT="Gnicke"/><SP WIDTH="16" VPOS="771" HPOS="902"/>
							<String ID="string_149" HPOS="918" VPOS="773" WIDTH="45" HEIGHT="19" WC="0.93" CONTENT="mot"/><SP WIDTH="11" VPOS="773" HPOS="963"/>
							<String ID="string_150" HPOS="974" VPOS="771" WIDTH="48" HEIGHT="20" WC="0.92" CONTENT="ned-"/>
						</TextLine>
						<TextLine ID="line_44" HPOS="229" VPOS="801" WIDTH="794" HEIGHT="30">
							<String ID="string_151" HPOS="229" VPOS="805" WIDTH="95" HEIGHT="26" WC="0.95" CONTENT="sättning"/><SP WIDTH="14" VPOS="805" HPOS="324"/>
							<String ID="string_152" HPOS="338" VPOS="805" WIDTH="34" HEIGHT="20" WC="0.96" CONTENT="för"/><SP WIDTH="15" VPOS="805" HPOS="372"/>
							<String ID="string_153" HPOS="387" VPOS="804" WIDTH="59" HEIGHT="21" WC="0.96" CONTENT="tiden"/><SP WIDTH="16" VPOS="804" HPOS="446"/>
							<String ID="string_154" HPOS="462" VPOS="804" WIDTH="47" HEIGHT="20" WC="0.96" CONTENT="från"/><SP WIDTH="12" VPOS="804" HPOS="509"/>
							<String ID="string_155" HPOS="521" VPOS="802" WIDTH="134" HEIGHT="22" WC="0.96" CONTENT="sistnämnda"/><SP WIDTH="10" VPOS="802" HPOS="655"/>
							<String ID="string_156" HPOS="665" VPOS="802" WIDTH="41" HEIGHT="26" WC="0.96" CONTENT="dag"/><SP WIDTH="10" VPOS="802" HPOS="706"/>
							<String ID="string_157" HPOS="716" VPOS="802" WIDTH="77" HEIGHT="20" WC="0.96" CONTENT="räknat"/><SP WIDTH="10" VPOS="802" HPOS="793"/>
							<String ID="string_158" HPOS="803" VPOS="809" WIDTH="26" HEIGHT="13" WC="0.93" CONTENT="av"/><SP WIDTH="11" VPOS="809" HPOS="829"/>
							<String ID="string_159" HPOS="840" VPOS="801" WIDTH="183" HEIGHT="26" WC="0.91" CONTENT="arrendeavgiften"/>
						</TextLine>
						<TextLine ID="line_45" HPOS="228" VPOS="831" WIDTH="794" HEIGHT="30">
							<String ID="string_160" HPOS="228" VPOS="835" WIDTH="34" HEIGHT="20" WC="0.96" CONTENT="för"/><SP WIDTH="15" VPOS="835" HPOS="262"/>
							<String ID="string_161" HPOS="277" VPOS="834" WIDTH="131" HEIGHT="27" WC="0.96" CONTENT="egendomen"/><SP WIDTH="16" VPOS="834" HPOS="408"/>
							<String ID="string_162" HPOS="424" VPOS="834" WIDTH="33" HEIGHT="21" WC="0.96" CONTENT="till"/><SP WIDTH="17" VPOS="834" HPOS="457"/>
							<String ID="string_163" HPOS="474" VPOS="833" WIDTH="13" HEIGHT="21" WC="0.95" CONTENT="3"/><SP WIDTH="9" VPOS="833" HPOS="487"/>
							<String ID="string_164" HPOS="496" VPOS="833" WIDTH="43" HEIGHT="21" WC="0.95" CONTENT="400"/><SP WIDTH="16" VPOS="833" HPOS="539"/>
							<String ID="string_165" HPOS="555" VPOS="834" WIDTH="30" HEIGHT="19" WC="0.96" CONTENT="kr."/><SP WIDTH="10" VPOS="834" HPOS="585"/>
							<String ID="string_166" HPOS="595" VPOS="833" WIDTH="40" HEIGHT="20" WC="0.96" CONTENT="och"/><SP WIDTH="11" VPOS="833" HPOS="635"/>
							<String ID="string_167" HPOS="646" VPOS="832" WIDTH="97" HEIGHT="21" WC="0.96" CONTENT="området"/><SP WIDTH="11" VPOS="832" HPOS="743"/>
							<String ID="string_168" HPOS="754" VPOS="832" WIDTH="63" HEIGHT="20" WC="0.96" CONTENT="blivit"/><SP WIDTH="9" VPOS="832" HPOS="817"/>
							<String ID="string_169" HPOS="826" VPOS="838" WIDTH="77" HEIGHT="20" WC="0.93" CONTENT="genom"/><SP WIDTH="11" VPOS="838" HPOS="903"/>
							<String ID="string_170" HPOS="914" VPOS="831" WIDTH="108" HEIGHT="27" WC="0.92" CONTENT="ägostyck-"/>
						</TextLine>
						<TextLine ID="line_46" HPOS="229" VPOS="861" WIDTH="794" HEIGHT="30">
							<String ID="string_171" HPOS="229" VPOS="865" WIDTH="52" HEIGHT="26" WC="0.93" CONTENT="ning"/><SP WIDTH="18" VPOS="865" HPOS="281"/>
							<String ID="string_172" HPOS="299" VPOS="864" WIDTH="101" HEIGHT="21" WC="0.91" CONTENT="frånskilt"/><SP WIDTH="18" VPOS="864" HPOS="400"/>
							<String ID="string_173" HPOS="418" VPOS="864" WIDTH="131" HEIGHT="25" WC="0.96" CONTENT="hemmanet,"/><SP WIDTH="16" VPOS="864" HPOS="549"/>
							<String ID="string_174" HPOS="565" VPOS="863" WIDTH="97" HEIGHT="21" WC="0.96" CONTENT="området"/><SP WIDTH="15" VPOS="863" HPOS="662"/>
							<String ID="string_175" HPOS="677" VPOS="863" WIDTH="35" HEIGHT="20" WC="0.93" CONTENT="må"/><SP WIDTH="16" VPOS="863" HPOS="712"/>
							<String ID="string_176" HPOS="728" VPOS="862" WIDTH="99" HEIGHT="27" WC="0.91" CONTENT="försäljas"/><SP WIDTH="16" VPOS="862" HPOS="827"/>
							<String ID="string_177" HPOS="843" VPOS="861" WIDTH="50" HEIGHT="21" WC="0.93" CONTENT="med"/><SP WIDTH="16" VPOS="861" HPOS="893"/>
							<String ID="string_178" HPOS="909" VPOS="861" WIDTH="114" HEIGHT="21" WC="0.91" CONTENT="hembuds-"/>
						</TextLine>
					</TextBlock>
				</ComposedBlock>
				<ComposedBlock ID="cblock_22" HPOS="229" VPOS="894" WIDTH="315" HEIGHT="22">
					<TextBlock ID="block_23" HPOS="229" VPOS="894" WIDTH="315" HEIGHT="22">
						<TextLine ID="line_47" HPOS="229" VPOS="894" WIDTH="315" HEIGHT="22">
							<String ID="string_179" HPOS="229" VPOS="897" WIDTH="42" HEIGHT="19" WC="0.96" CONTENT="rätt"/><SP WIDTH="15" VPOS="897" HPOS="271"/>
							<String ID="string_180" HPOS="286" VPOS="895" WIDTH="33" HEIGHT="20" WC="0.93" CONTENT="för"/><SP WIDTH="15" VPOS="895" HPOS="319"/>
							<String ID="string_181" HPOS="334" VPOS="895" WIDTH="23" HEIGHT="20" WC="0.89" CONTENT="P."/><SP WIDTH="16" VPOS="895" HPOS="357"/>
							<String ID="string_182" HPOS="373" VPOS="894" WIDTH="25" HEIGHT="21" WC="0.92" CONTENT="E."/><SP WIDTH="18" VPOS="894" HPOS="398"/>
							<String ID="string_183" HPOS="416" VPOS="894" WIDTH="128" HEIGHT="20" WC="0.96" CONTENT="Andersson."/>
						</TextLine>
					</TextBlock>
				</ComposedBlock>
				<ComposedBlock ID="cblock_23" HPOS="171" VPOS="957" WIDTH="1589" HEIGHT="263">
					<TextBlock ID="block_24" HPOS="171" VPOS="957" WIDTH="1589" HEIGHT="263">
						<TextLine ID="line_48" HPOS="171" VPOS="957" WIDTH="1589" HEIGHT="30">
							<String ID="string_184" HPOS="171" VPOS="967" WIDTH="24" HEIGHT="16" WC="0.93" CONTENT="59"/><SP WIDTH="18" VPOS="967" HPOS="195"/>
							<String ID="string_185" HPOS="213" VPOS="962" WIDTH="38" HEIGHT="20" WC="0.89" CONTENT="RD"/><SP WIDTH="16" VPOS="962" HPOS="251"/>
							<String ID="string_186" HPOS="267" VPOS="961" WIDTH="109" HEIGHT="26" WC="0.91" CONTENT="medgiver"/><SP WIDTH="15" VPOS="961" HPOS="376"/>
							<String ID="string_187" HPOS="391" VPOS="960" WIDTH="46" HEIGHT="21" WC="0.96" CONTENT="dels"/><SP WIDTH="15" VPOS="960" HPOS="437"/>
							<String ID="string_188" HPOS="452" VPOS="962" WIDTH="32" HEIGHT="18" WC="0.96" CONTENT="att"/><SP WIDTH="15" VPOS="962" HPOS="484"/>
							<String ID="string_189" HPOS="499" VPOS="960" WIDTH="7" HEIGHT="20" WC="0.93" CONTENT="i"/><SP WIDTH="16" VPOS="960" HPOS="506"/>
							<String ID="string_190" HPOS="522" VPOS="958" WIDTH="232" HEIGHT="28" WC="0.90" CONTENT="statsrådsprotokollet"/><SP WIDTH="15" VPOS="958" HPOS="754"/>
							<String ID="string_191" HPOS="769" VPOS="957" WIDTH="142" HEIGHT="21" WC="0.91" CONTENT="omförmälda"/><SP WIDTH="15" VPOS="957" HPOS="911"/>
							<String ID="string_192" HPOS="926" VPOS="957" WIDTH="96" HEIGHT="26" WC="0.87" CONTENT="lägenhe-|"/><SP WIDTH="39" VPOS="957" HPOS="1022"/>
							<String ID="string_193" HPOS="1061" VPOS="966" WIDTH="9" HEIGHT="10" WC="0.86" CONTENT="»"/><SP WIDTH="40" VPOS="966" HPOS="1070"/>
							<String ID="string_194" HPOS="1110" VPOS="958" WIDTH="42" HEIGHT="20" WC="0.79" CONTENT="|215"/><SP WIDTH="125" VPOS="958" HPOS="1152"/>
							<String ID="string_195" HPOS="1277" VPOS="958" WIDTH="26" HEIGHT="21" WC="0.96" CONTENT="10"/><SP WIDTH="78" VPOS="958" HPOS="1303"/>
							<String ID="string_196" HPOS="1381" VPOS="958" WIDTH="28" HEIGHT="20" WC="0.77" CONTENT="46"/><SP WIDTH="-1" VPOS="958" HPOS="1409"/>
							<String ID="string_197" HPOS="1408" VPOS="951" WIDTH="18" HEIGHT="34" WC="0.77" CONTENT="|"/><SP WIDTH="16" VPOS="951" HPOS="1426"/>
							<String ID="string_198" HPOS="1442" VPOS="957" WIDTH="117" HEIGHT="22" WC="0.0" CONTENT="14|32710]"/><SP WIDTH="30" VPOS="957" HPOS="1559"/>
							<String ID="string_199" HPOS="1589" VPOS="957" WIDTH="70" HEIGHT="21" WC="0.49" CONTENT="27:13"/><SP WIDTH="2" VPOS="957" HPOS="1659"/>
							<String ID="string_200" HPOS="1661" VPOS="951" WIDTH="14" HEIGHT="34" WC="0.49" CONTENT="|"/><SP WIDTH="16" VPOS="951" HPOS="1675"/>
							<String ID="string_201" HPOS="1691" VPOS="957" WIDTH="69" HEIGHT="21" WC="0.96" CONTENT="28:16"/>
						</TextLine>
						<TextLine ID="line_49" HPOS="229" VPOS="988" WIDTH="923" HEIGHT="28">
							<String ID="string_202" HPOS="229" VPOS="993" WIDTH="60" HEIGHT="19" WC="0.96" CONTENT="terna"/><SP WIDTH="16" VPOS="993" HPOS="289"/>
							<String ID="string_203" HPOS="305" VPOS="991" WIDTH="69" HEIGHT="20" WC="0.96" CONTENT="Tivoli"/><SP WIDTH="17" VPOS="991" HPOS="374"/>
							<String ID="string_204" HPOS="391" VPOS="991" WIDTH="39" HEIGHT="20" WC="0.93" CONTENT="och"/><SP WIDTH="16" VPOS="991" HPOS="430"/>
							<String ID="string_205" HPOS="446" VPOS="990" WIDTH="129" HEIGHT="20" WC="0.92" CONTENT="Hörbäcken"/><SP WIDTH="15" VPOS="990" HPOS="575"/>
							<String ID="string_206" HPOS="590" VPOS="990" WIDTH="37" HEIGHT="19" WC="0.97" CONTENT="må"/><SP WIDTH="15" VPOS="990" HPOS="627"/>
							<String ID="string_207" HPOS="642" VPOS="995" WIDTH="37" HEIGHT="14" WC="0.95" CONTENT="var"/><SP WIDTH="15" VPOS="995" HPOS="679"/>
							<String ID="string_208" HPOS="694" VPOS="989" WIDTH="33" HEIGHT="20" WC="0.95" CONTENT="för"/><SP WIDTH="16" VPOS="989" HPOS="727"/>
							<String ID="string_209" HPOS="743" VPOS="988" WIDTH="31" HEIGHT="26" WC="0.96" CONTENT="sig"/><SP WIDTH="16" VPOS="988" HPOS="774"/>
							<String ID="string_210" HPOS="790" VPOS="988" WIDTH="50" HEIGHT="20" WC="0.96" CONTENT="med"/><SP WIDTH="16" VPOS="988" HPOS="840"/>
							<String ID="string_211" HPOS="856" VPOS="988" WIDTH="92" HEIGHT="26" WC="0.93" CONTENT="angivna"/><SP WIDTH="8" VPOS="988" HPOS="948"/>
							<String ID="string_212" HPOS="956" VPOS="988" WIDTH="66" HEIGHT="20" WC="0.93" CONTENT="områ-"/><SP WIDTH="86" VPOS="988" HPOS="1022"/>
							<String ID="string_213" HPOS="1108" VPOS="993" WIDTH="44" HEIGHT="23" WC="0.83" CONTENT="p.31"/>
						</TextLine>
						<TextLine ID="line_50" HPOS="228" VPOS="1017" WIDTH="793" HEIGHT="30">
							<String ID="string_214" HPOS="228" VPOS="1022" WIDTH="41" HEIGHT="20" WC="0.96" CONTENT="den"/><SP WIDTH="16" VPOS="1022" HPOS="269"/>
							<String ID="string_215" HPOS="285" VPOS="1021" WIDTH="48" HEIGHT="20" WC="0.93" CONTENT="från"/><SP WIDTH="16" VPOS="1021" HPOS="333"/>
							<String ID="string_216" HPOS="349" VPOS="1020" WIDTH="198" HEIGHT="26" WC="0.92" CONTENT="kronoegendomen"/><SP WIDTH="17" VPOS="1020" HPOS="547"/>
							<String ID="string_217" HPOS="564" VPOS="1018" WIDTH="28" HEIGHT="29" WC="0.50" CONTENT="!/,"/><SP WIDTH="16" VPOS="1018" HPOS="592"/>
							<String ID="string_218" HPOS="608" VPOS="1019" WIDTH="81" HEIGHT="20" WC="0.91" CONTENT="mantal"/><SP WIDTH="17" VPOS="1019" HPOS="689"/>
							<String ID="string_219" HPOS="706" VPOS="1018" WIDTH="77" HEIGHT="27" WC="0.91" CONTENT="Sjöryd"/><SP WIDTH="16" VPOS="1018" HPOS="783"/>
							<String ID="string_220" HPOS="799" VPOS="1025" WIDTH="25" HEIGHT="13" WC="0.96" CONTENT="nr"/><SP WIDTH="16" VPOS="1025" HPOS="824"/>
							<String ID="string_221" HPOS="840" VPOS="1018" WIDTH="13" HEIGHT="20" WC="0.96" CONTENT="2"/><SP WIDTH="17" VPOS="1018" HPOS="853"/>
							<String ID="string_222" HPOS="870" VPOS="1017" WIDTH="54" HEIGHT="21" WC="0.93" CONTENT="Olov"/><SP WIDTH="7" VPOS="1017" HPOS="924"/>
							<String ID="string_223" HPOS="931" VPOS="1017" WIDTH="90" HEIGHT="21" WC="0.91" CONTENT="Anders-"/>
						</TextLine>
						<TextLine ID="line_51" HPOS="229" VPOS="1042" WIDTH="793" HEIGHT="35">
							<String ID="string_224" HPOS="229" VPOS="1051" WIDTH="51" HEIGHT="26" WC="0.96" CONTENT="gård"/><SP WIDTH="16" VPOS="1051" HPOS="280"/>
							<String ID="string_225" HPOS="296" VPOS="1051" WIDTH="39" HEIGHT="20" WC="0.93" CONTENT="och"/><SP WIDTH="17" VPOS="1051" HPOS="335"/>
							<String ID="string_226" HPOS="352" VPOS="1049" WIDTH="27" HEIGHT="28" WC="0.51" CONTENT="!/,"/><SP WIDTH="17" VPOS="1049" HPOS="379"/>
							<String ID="string_227" HPOS="396" VPOS="1050" WIDTH="82" HEIGHT="20" WC="0.93" CONTENT="mantal"/><SP WIDTH="17" VPOS="1050" HPOS="478"/>
							<String ID="string_228" HPOS="495" VPOS="1049" WIDTH="76" HEIGHT="27" WC="0.92" CONTENT="Sjöryd"/><SP WIDTH="17" VPOS="1049" HPOS="571"/>
							<String ID="string_229" HPOS="588" VPOS="1056" WIDTH="24" HEIGHT="12" WC="0.95" CONTENT="nr"/><SP WIDTH="17" VPOS="1056" HPOS="612"/>
							<String ID="string_230" HPOS="629" VPOS="1049" WIDTH="12" HEIGHT="19" WC="0.96" CONTENT="3"/><SP WIDTH="16" VPOS="1049" HPOS="641"/>
							<String ID="string_231" HPOS="657" VPOS="1048" WIDTH="46" HEIGHT="20" WC="0.93" CONTENT="Nils"/><SP WIDTH="17" VPOS="1048" HPOS="703"/>
							<String ID="string_232" HPOS="720" VPOS="1048" WIDTH="151" HEIGHT="25" WC="0.92" CONTENT="Gunnarsgård"/><SP WIDTH="16" VPOS="1048" HPOS="871"/>
							<String ID="string_233" HPOS="887" VPOS="1048" WIDTH="7" HEIGHT="19" WC="0.96" CONTENT="i"/><SP WIDTH="11" VPOS="1048" HPOS="894"/>
							<String ID="string_234" HPOS="905" VPOS="1042" WIDTH="29" HEIGHT="25" WC="0.96" CONTENT="Ås"/><SP WIDTH="11" VPOS="1042" HPOS="934"/>
							<String ID="string_235" HPOS="945" VPOS="1048" WIDTH="77" HEIGHT="19" WC="0.96" CONTENT="socken"/>
						</TextLine>
						<TextLine ID="line_52" HPOS="228" VPOS="1077" WIDTH="794" HEIGHT="30">
							<String ID="string_236" HPOS="228" VPOS="1080" WIDTH="99" HEIGHT="27" WC="0.90" CONTENT="försäljas"/><SP WIDTH="19" VPOS="1080" HPOS="327"/>
							<String ID="string_237" HPOS="346" VPOS="1080" WIDTH="67" HEIGHT="25" WC="0.96" CONTENT="enligt"/><SP WIDTH="14" VPOS="1080" HPOS="413"/>
							<String ID="string_238" HPOS="427" VPOS="1078" WIDTH="99" HEIGHT="27" WC="0.96" CONTENT="gällande"/><SP WIDTH="15" VPOS="1078" HPOS="526"/>
							<String ID="string_239" HPOS="541" VPOS="1078" WIDTH="92" HEIGHT="26" WC="0.96" CONTENT="grunder"/><SP WIDTH="15" VPOS="1078" HPOS="633"/>
							<String ID="string_240" HPOS="648" VPOS="1078" WIDTH="33" HEIGHT="20" WC="0.96" CONTENT="för"/><SP WIDTH="15" VPOS="1078" HPOS="681"/>
							<String ID="string_241" HPOS="696" VPOS="1077" WIDTH="131" HEIGHT="27" WC="0.96" CONTENT="upplåtande"/><SP WIDTH="17" VPOS="1077" HPOS="827"/>
							<String ID="string_242" HPOS="844" VPOS="1083" WIDTH="26" HEIGHT="15" WC="0.93" CONTENT="av"/><SP WIDTH="8" VPOS="1083" HPOS="870"/>
							<String ID="string_243" HPOS="878" VPOS="1077" WIDTH="144" HEIGHT="26" WC="0.92" CONTENT="egnahemslä-"/>
						</TextLine>
						<TextLine ID="line_53" HPOS="228" VPOS="1107" WIDTH="795" HEIGHT="29">
							<String ID="string_244" HPOS="228" VPOS="1110" WIDTH="101" HEIGHT="26" WC="0.92" CONTENT="genheter"/><SP WIDTH="15" VPOS="1110" HPOS="329"/>
							<String ID="string_245" HPOS="344" VPOS="1110" WIDTH="48" HEIGHT="20" WC="0.92" CONTENT="från"/><SP WIDTH="15" VPOS="1110" HPOS="392"/>
							<String ID="string_246" HPOS="407" VPOS="1108" WIDTH="202" HEIGHT="26" WC="0.91" CONTENT="kronoegendomar,"/><SP WIDTH="17" VPOS="1108" HPOS="609"/>
							<String ID="string_247" HPOS="626" VPOS="1107" WIDTH="45" HEIGHT="21" WC="0.96" CONTENT="dels"/><SP WIDTH="16" VPOS="1107" HPOS="671"/>
							<String ID="string_248" HPOS="687" VPOS="1107" WIDTH="39" HEIGHT="20" WC="0.96" CONTENT="ock"/><SP WIDTH="16" VPOS="1107" HPOS="726"/>
							<String ID="string_249" HPOS="742" VPOS="1109" WIDTH="32" HEIGHT="18" WC="0.96" CONTENT="att"/><SP WIDTH="15" VPOS="1109" HPOS="774"/>
							<String ID="string_250" HPOS="789" VPOS="1107" WIDTH="132" HEIGHT="26" WC="0.96" CONTENT="egendomen"/><SP WIDTH="18" VPOS="1107" HPOS="921"/>
							<String ID="string_251" HPOS="939" VPOS="1107" WIDTH="5" HEIGHT="19" WC="0.52" CONTENT="i"/><SP WIDTH="-1" VPOS="1107" HPOS="944"/>
							<String ID="string_252" HPOS="943" VPOS="1107" WIDTH="80" HEIGHT="25" WC="0.52" CONTENT="övrigt"/>
						</TextLine>
						<TextLine ID="line_54" HPOS="229" VPOS="1136" WIDTH="793" HEIGHT="29">
							<String ID="string_253" HPOS="229" VPOS="1141" WIDTH="36" HEIGHT="19" WC="0.93" CONTENT="må"/><SP WIDTH="16" VPOS="1141" HPOS="265"/>
							<String ID="string_254" HPOS="281" VPOS="1141" WIDTH="12" HEIGHT="19" WC="0.75" CONTENT="å"/><SP WIDTH="15" VPOS="1141" HPOS="293"/>
							<String ID="string_255" HPOS="308" VPOS="1139" WIDTH="98" HEIGHT="26" WC="0.96" CONTENT="offentlig"/><SP WIDTH="23" VPOS="1139" HPOS="406"/>
							<String ID="string_256" HPOS="429" VPOS="1139" WIDTH="88" HEIGHT="20" WC="0.96" CONTENT="auktion"/><SP WIDTH="24" VPOS="1139" HPOS="517"/>
							<String ID="string_257" HPOS="541" VPOS="1138" WIDTH="68" HEIGHT="20" WC="0.96" CONTENT="under"/><SP WIDTH="23" VPOS="1138" HPOS="609"/>
							<String ID="string_258" HPOS="632" VPOS="1137" WIDTH="26" HEIGHT="21" WC="0.96" CONTENT="de"/><SP WIDTH="18" VPOS="1137" HPOS="658"/>
							<String ID="string_259" HPOS="676" VPOS="1138" WIDTH="8" HEIGHT="19" WC="0.96" CONTENT="i"/><SP WIDTH="17" VPOS="1138" HPOS="684"/>
							<String ID="string_260" HPOS="701" VPOS="1137" WIDTH="72" HEIGHT="20" WC="0.96" CONTENT="brevet"/><SP WIDTH="21" VPOS="1137" HPOS="773"/>
							<String ID="string_261" HPOS="794" VPOS="1137" WIDTH="41" HEIGHT="20" WC="0.96" CONTENT="den"/><SP WIDTH="24" VPOS="1137" HPOS="835"/>
							<String ID="string_262" HPOS="859" VPOS="1136" WIDTH="27" HEIGHT="21" WC="0.96" CONTENT="29"/><SP WIDTH="17" VPOS="1136" HPOS="886"/>
							<String ID="string_263" HPOS="903" VPOS="1137" WIDTH="44" HEIGHT="26" WC="0.96" CONTENT="maj"/><SP WIDTH="19" VPOS="1137" HPOS="947"/>
							<String ID="string_264" HPOS="966" VPOS="1136" WIDTH="56" HEIGHT="20" WC="0.96" CONTENT="1874"/>
						</TextLine>
						<TextLine ID="line_55" HPOS="228" VPOS="1166" WIDTH="794" HEIGHT="29">
							<String ID="string_265" HPOS="228" VPOS="1169" WIDTH="101" HEIGHT="26" WC="0.96" CONTENT="stadgade"/><SP WIDTH="16" VPOS="1169" HPOS="329"/>
							<String ID="string_266" HPOS="345" VPOS="1169" WIDTH="78" HEIGHT="20" WC="0.96" CONTENT="villkor"/><SP WIDTH="14" VPOS="1169" HPOS="423"/>
							<String ID="string_267" HPOS="437" VPOS="1169" WIDTH="34" HEIGHT="20" WC="0.96" CONTENT="till"/><SP WIDTH="16" VPOS="1169" HPOS="471"/>
							<String ID="string_268" HPOS="487" VPOS="1168" WIDTH="41" HEIGHT="20" WC="0.96" CONTENT="den"/><SP WIDTH="16" VPOS="1168" HPOS="528"/>
							<String ID="string_269" HPOS="544" VPOS="1167" WIDTH="172" HEIGHT="27" WC="0.92" CONTENT="högstbjudande"/><SP WIDTH="15" VPOS="1167" HPOS="716"/>
							<String ID="string_270" HPOS="731" VPOS="1167" WIDTH="98" HEIGHT="27" WC="0.92" CONTENT="försäljas"/><SP WIDTH="16" VPOS="1167" HPOS="829"/>
							<String ID="string_271" HPOS="845" VPOS="1166" WIDTH="50" HEIGHT="21" WC="0.89" CONTENT="med"/><SP WIDTH="15" VPOS="1166" HPOS="895"/>
							<String ID="string_272" HPOS="910" VPOS="1166" WIDTH="112" HEIGHT="20" WC="0.89" CONTENT="tillträdes-"/>
						</TextLine>
						<TextLine ID="line_56" HPOS="229" VPOS="1198" WIDTH="297" HEIGHT="22">
							<String ID="string_273" HPOS="229" VPOS="1201" WIDTH="42" HEIGHT="19" WC="0.96" CONTENT="rätt"/><SP WIDTH="16" VPOS="1201" HPOS="271"/>
							<String ID="string_274" HPOS="287" VPOS="1199" WIDTH="41" HEIGHT="21" WC="0.96" CONTENT="den"/><SP WIDTH="18" VPOS="1199" HPOS="328"/>
							<String ID="string_275" HPOS="346" VPOS="1199" WIDTH="27" HEIGHT="20" WC="0.96" CONTENT="14"/><SP WIDTH="16" VPOS="1199" HPOS="373"/>
							<String ID="string_276" HPOS="389" VPOS="1205" WIDTH="56" HEIGHT="14" WC="0.96" CONTENT="mars"/><SP WIDTH="18" VPOS="1205" HPOS="445"/>
							<String ID="string_277" HPOS="463" VPOS="1198" WIDTH="63" HEIGHT="20" WC="0.95" CONTENT="1928."/>
						</TextLine>
					</TextBlock>
				</ComposedBlock>
				<ComposedBlock ID="cblock_24" HPOS="171" VPOS="1255" WIDTH="1589" HEIGHT="359">
					<TextBlock ID="block_25" HPOS="171" VPOS="1255" WIDTH="1589" HEIGHT="359">
						<TextLine ID="line_57" HPOS="171" VPOS="1255" WIDTH="1589" HEIGHT="30">
							<String ID="string_278" HPOS="171" VPOS="1264" WIDTH="25" HEIGHT="16" WC="0.93" CONTENT="60"/><SP WIDTH="17" VPOS="1264" HPOS="196"/>
							<String ID="string_279" HPOS="213" VPOS="1260" WIDTH="38" HEIGHT="20" WC="0.91" CONTENT="RD"/><SP WIDTH="16" VPOS="1260" HPOS="251"/>
							<String ID="string_280" HPOS="267" VPOS="1259" WIDTH="114" HEIGHT="26" WC="0.92" CONTENT="medgiver,"/><SP WIDTH="17" VPOS="1259" HPOS="381"/>
							<String ID="string_281" HPOS="398" VPOS="1260" WIDTH="32" HEIGHT="19" WC="0.96" CONTENT="att"/><SP WIDTH="15" VPOS="1260" HPOS="430"/>
							<String ID="string_282" HPOS="445" VPOS="1258" WIDTH="65" HEIGHT="20" WC="0.92" CONTENT="sedan"/><SP WIDTH="16" VPOS="1258" HPOS="510"/>
							<String ID="string_283" HPOS="526" VPOS="1257" WIDTH="199" HEIGHT="26" WC="0.92" CONTENT="kronoegendomen"/><SP WIDTH="17" VPOS="1257" HPOS="725"/>
							<String ID="string_284" HPOS="742" VPOS="1256" WIDTH="11" HEIGHT="20" WC="0.96" CONTENT="1"/><SP WIDTH="17" VPOS="1256" HPOS="753"/>
							<String ID="string_285" HPOS="770" VPOS="1256" WIDTH="82" HEIGHT="20" WC="0.93" CONTENT="mantal"/><SP WIDTH="16" VPOS="1256" HPOS="852"/>
							<String ID="string_286" HPOS="868" VPOS="1255" WIDTH="110" HEIGHT="21" WC="0.92" CONTENT="Bessliden"/><SP WIDTH="19" VPOS="1255" HPOS="978"/>
							<String ID="string_287" HPOS="997" VPOS="1262" WIDTH="26" HEIGHT="13" WC="0.39" CONTENT="nr!"/><SP WIDTH="37" VPOS="1262" HPOS="1023"/>
							<String ID="string_288" HPOS="1060" VPOS="1264" WIDTH="9" HEIGHT="10" WC="0.33" CONTENT="&gt;»"/><SP WIDTH="40" VPOS="1264" HPOS="1069"/>
							<String ID="string_289" HPOS="1109" VPOS="1256" WIDTH="42" HEIGHT="21" WC="0.74" CONTENT="1215"/><SP WIDTH="127" VPOS="1256" HPOS="1151"/>
							<String ID="string_290" HPOS="1278" VPOS="1256" WIDTH="24" HEIGHT="21" WC="0.96" CONTENT="10"/><SP WIDTH="78" VPOS="1256" HPOS="1302"/>
							<String ID="string_291" HPOS="1380" VPOS="1255" WIDTH="28" HEIGHT="20" WC="0.85" CONTENT="46"/><SP WIDTH="0" VPOS="1255" HPOS="1408"/>
							<String ID="string_292" HPOS="1408" VPOS="1249" WIDTH="20" HEIGHT="32" WC="0.85" CONTENT="|"/><SP WIDTH="13" VPOS="1249" HPOS="1428"/>
							<String ID="string_293" HPOS="1441" VPOS="1255" WIDTH="117" HEIGHT="21" WC="0.0" CONTENT="14|/327/10]"/><SP WIDTH="31" VPOS="1255" HPOS="1558"/>
							<String ID="string_294" HPOS="1589" VPOS="1255" WIDTH="70" HEIGHT="21" WC="0.44" CONTENT="27:13)"/><SP WIDTH="32" VPOS="1255" HPOS="1659"/>
							<String ID="string_295" HPOS="1691" VPOS="1255" WIDTH="69" HEIGHT="21" WC="0.96" CONTENT="28:16"/>
						</TextLine>
						<TextLine ID="line_58" HPOS="231" VPOS="1286" WIDTH="922" HEIGHT="30">
							<String ID="string_296" HPOS="231" VPOS="1289" WIDTH="9" HEIGHT="20" WC="0.17" CONTENT="1"/><SP WIDTH="18" VPOS="1289" HPOS="240"/>
							<String ID="string_297" HPOS="258" VPOS="1289" WIDTH="7" HEIGHT="20" WC="0.17" CONTENT="i"/><SP WIDTH="16" VPOS="1289" HPOS="265"/>
							<String ID="string_298" HPOS="281" VPOS="1289" WIDTH="45" HEIGHT="27" WC="0.96" CONTENT="Hjo"/><SP WIDTH="23" VPOS="1289" HPOS="326"/>
							<String ID="string_299" HPOS="349" VPOS="1288" WIDTH="78" HEIGHT="21" WC="0.96" CONTENT="socken"/><SP WIDTH="24" VPOS="1288" HPOS="427"/>
							<String ID="string_300" HPOS="451" VPOS="1288" WIDTH="61" HEIGHT="20" WC="0.95" CONTENT="blivit"/><SP WIDTH="16" VPOS="1288" HPOS="512"/>
							<String ID="string_301" HPOS="528" VPOS="1287" WIDTH="96" HEIGHT="21" WC="0.96" CONTENT="fördelad"/><SP WIDTH="16" VPOS="1287" HPOS="624"/>
							<String ID="string_302" HPOS="640" VPOS="1287" WIDTH="8" HEIGHT="20" WC="0.96" CONTENT="i"/><SP WIDTH="16" VPOS="1287" HPOS="648"/>
							<String ID="string_303" HPOS="664" VPOS="1288" WIDTH="30" HEIGHT="19" WC="0.96" CONTENT="tre"/><SP WIDTH="15" VPOS="1288" HPOS="694"/>
							<String ID="string_304" HPOS="709" VPOS="1287" WIDTH="7" HEIGHT="19" WC="0.93" CONTENT="i"/><SP WIDTH="17" VPOS="1287" HPOS="716"/>
							<String ID="string_305" HPOS="733" VPOS="1286" WIDTH="231" HEIGHT="26" WC="0.92" CONTENT="statsrådsprotokollet"/><SP WIDTH="15" VPOS="1286" HPOS="964"/>
							<String ID="string_306" HPOS="979" VPOS="1292" WIDTH="42" HEIGHT="13" WC="0.92" CONTENT="om-"/><SP WIDTH="86" VPOS="1292" HPOS="1021"/>
							<String ID="string_307" HPOS="1107" VPOS="1291" WIDTH="46" HEIGHT="23" WC="0.79" CONTENT="p.32"/>
						</TextLine>
						<TextLine ID="line_59" HPOS="228" VPOS="1315" WIDTH="793" HEIGHT="27">
							<String ID="string_308" HPOS="228" VPOS="1319" WIDTH="106" HEIGHT="21" WC="0.92" CONTENT="förmälda"/><SP WIDTH="16" VPOS="1319" HPOS="334"/>
							<String ID="string_309" HPOS="350" VPOS="1318" WIDTH="50" HEIGHT="21" WC="0.96" CONTENT="med"/><SP WIDTH="15" VPOS="1318" HPOS="400"/>
							<String ID="string_310" HPOS="415" VPOS="1318" WIDTH="41" HEIGHT="21" WC="0.93" CONTENT="litt."/><SP WIDTH="17" VPOS="1318" HPOS="456"/>
							<String ID="string_311" HPOS="473" VPOS="1318" WIDTH="26" HEIGHT="24" WC="0.90" CONTENT="A,"/><SP WIDTH="17" VPOS="1318" HPOS="499"/>
							<String ID="string_312" HPOS="516" VPOS="1318" WIDTH="16" HEIGHT="19" WC="0.93" CONTENT="B"/><SP WIDTH="17" VPOS="1318" HPOS="532"/>
							<String ID="string_313" HPOS="549" VPOS="1317" WIDTH="39" HEIGHT="20" WC="0.93" CONTENT="och"/><SP WIDTH="17" VPOS="1317" HPOS="588"/>
							<String ID="string_314" HPOS="605" VPOS="1317" WIDTH="16" HEIGHT="20" WC="0.91" CONTENT="C"/><SP WIDTH="17" VPOS="1317" HPOS="621"/>
							<String ID="string_315" HPOS="638" VPOS="1316" WIDTH="129" HEIGHT="21" WC="0.96" CONTENT="betecknade"/><SP WIDTH="17" VPOS="1316" HPOS="767"/>
							<String ID="string_316" HPOS="784" VPOS="1316" WIDTH="69" HEIGHT="25" WC="0.96" CONTENT="lotter,"/><SP WIDTH="17" VPOS="1316" HPOS="853"/>
							<String ID="string_317" HPOS="870" VPOS="1316" WIDTH="66" HEIGHT="20" WC="0.95" CONTENT="lotten"/><SP WIDTH="16" VPOS="1316" HPOS="936"/>
							<String ID="string_318" HPOS="952" VPOS="1315" WIDTH="41" HEIGHT="21" WC="0.92" CONTENT="litt."/><SP WIDTH="10" VPOS="1315" HPOS="993"/>
							<String ID="string_319" HPOS="1003" VPOS="1316" WIDTH="18" HEIGHT="19" WC="0.90" CONTENT="A"/>
						</TextLine>
						<TextLine ID="line_60" HPOS="228" VPOS="1345" WIDTH="793" HEIGHT="30">
							<String ID="string_320" HPOS="228" VPOS="1350" WIDTH="36" HEIGHT="19" WC="0.91" CONTENT="må"/><SP WIDTH="22" VPOS="1350" HPOS="264"/>
							<String ID="string_321" HPOS="286" VPOS="1349" WIDTH="99" HEIGHT="26" WC="0.90" CONTENT="försäljas"/><SP WIDTH="23" VPOS="1349" HPOS="385"/>
							<String ID="string_322" HPOS="408" VPOS="1348" WIDTH="101" HEIGHT="26" WC="0.96" CONTENT="antingen"/><SP WIDTH="24" VPOS="1348" HPOS="509"/>
							<String ID="string_323" HPOS="533" VPOS="1347" WIDTH="33" HEIGHT="20" WC="0.96" CONTENT="till"/><SP WIDTH="16" VPOS="1347" HPOS="566"/>
							<String ID="string_324" HPOS="582" VPOS="1346" WIDTH="85" HEIGHT="21" WC="0.93" CONTENT="avlidne"/><SP WIDTH="16" VPOS="1346" HPOS="667"/>
							<String ID="string_325" HPOS="683" VPOS="1346" WIDTH="19" HEIGHT="21" WC="0.90" CONTENT="J."/><SP WIDTH="18" VPOS="1346" HPOS="702"/>
							<String ID="string_326" HPOS="720" VPOS="1347" WIDTH="25" HEIGHT="19" WC="0.89" CONTENT="A."/><SP WIDTH="17" VPOS="1347" HPOS="745"/>
							<String ID="string_327" HPOS="762" VPOS="1346" WIDTH="101" HEIGHT="20" WC="0.93" CONTENT="Larssons"/><SP WIDTH="15" VPOS="1346" HPOS="863"/>
							<String ID="string_328" HPOS="878" VPOS="1345" WIDTH="143" HEIGHT="21" WC="0.92" CONTENT="stärbhusdel-"/>
						</TextLine>
						<TextLine ID="line_61" HPOS="229" VPOS="1375" WIDTH="792" HEIGHT="30">
							<String ID="string_329" HPOS="229" VPOS="1381" WIDTH="60" HEIGHT="24" WC="0.95" CONTENT="ägare"/><SP WIDTH="23" VPOS="1381" HPOS="289"/>
							<String ID="string_330" HPOS="312" VPOS="1379" WIDTH="33" HEIGHT="20" WC="0.96" CONTENT="för"/><SP WIDTH="23" VPOS="1379" HPOS="345"/>
							<String ID="string_331" HPOS="368" VPOS="1385" WIDTH="27" HEIGHT="14" WC="0.96" CONTENT="en"/><SP WIDTH="23" VPOS="1385" HPOS="395"/>
							<String ID="string_332" HPOS="418" VPOS="1377" WIDTH="143" HEIGHT="28" WC="0.96" CONTENT="köpeskilling"/><SP WIDTH="23" VPOS="1377" HPOS="561"/>
							<String ID="string_333" HPOS="584" VPOS="1384" WIDTH="26" HEIGHT="13" WC="0.96" CONTENT="av"/><SP WIDTH="24" VPOS="1384" HPOS="610"/>
							<String ID="string_334" HPOS="634" VPOS="1376" WIDTH="80" HEIGHT="21" WC="0.83" CONTENT="36500"/><SP WIDTH="16" VPOS="1376" HPOS="714"/>
							<String ID="string_335" HPOS="730" VPOS="1376" WIDTH="30" HEIGHT="20" WC="0.96" CONTENT="kr."/><SP WIDTH="18" VPOS="1376" HPOS="760"/>
							<String ID="string_336" HPOS="778" VPOS="1378" WIDTH="31" HEIGHT="18" WC="0.96" CONTENT="att"/><SP WIDTH="16" VPOS="1378" HPOS="809"/>
							<String ID="string_337" HPOS="825" VPOS="1376" WIDTH="93" HEIGHT="26" WC="0.96" CONTENT="erläggas"/><SP WIDTH="11" VPOS="1376" HPOS="918"/>
							<String ID="string_338" HPOS="929" VPOS="1375" WIDTH="50" HEIGHT="21" WC="0.96" CONTENT="med"/><SP WIDTH="16" VPOS="1375" HPOS="979"/>
							<String ID="string_339" HPOS="995" VPOS="1382" WIDTH="26" HEIGHT="13" WC="0.96" CONTENT="en"/>
						</TextLine>
						<TextLine ID="line_62" HPOS="229" VPOS="1405" WIDTH="792" HEIGHT="31">
							<String ID="string_340" HPOS="229" VPOS="1409" WIDTH="99" HEIGHT="27" WC="0.92" CONTENT="sjättedel"/><SP WIDTH="22" VPOS="1409" HPOS="328"/>
							<String ID="string_341" HPOS="350" VPOS="1408" WIDTH="36" HEIGHT="21" WC="0.95" CONTENT="vid"/><SP WIDTH="15" VPOS="1408" HPOS="386"/>
							<String ID="string_342" HPOS="401" VPOS="1407" WIDTH="104" HEIGHT="22" WC="0.96" CONTENT="tillträdet"/><SP WIDTH="16" VPOS="1407" HPOS="505"/>
							<String ID="string_343" HPOS="521" VPOS="1407" WIDTH="41" HEIGHT="21" WC="0.96" CONTENT="den"/><SP WIDTH="17" VPOS="1407" HPOS="562"/>
							<String ID="string_344" HPOS="579" VPOS="1407" WIDTH="28" HEIGHT="20" WC="0.96" CONTENT="14"/><SP WIDTH="15" VPOS="1407" HPOS="607"/>
							<String ID="string_345" HPOS="622" VPOS="1413" WIDTH="57" HEIGHT="14" WC="0.96" CONTENT="mars"/><SP WIDTH="14" VPOS="1413" HPOS="679"/>
							<String ID="string_346" HPOS="693" VPOS="1406" WIDTH="57" HEIGHT="20" WC="0.96" CONTENT="1928"/><SP WIDTH="16" VPOS="1406" HPOS="750"/>
							<String ID="string_347" HPOS="766" VPOS="1406" WIDTH="40" HEIGHT="20" WC="0.96" CONTENT="och"/><SP WIDTH="16" VPOS="1406" HPOS="806"/>
							<String ID="string_348" HPOS="822" VPOS="1413" WIDTH="26" HEIGHT="13" WC="0.93" CONTENT="en"/><SP WIDTH="16" VPOS="1413" HPOS="848"/>
							<String ID="string_349" HPOS="864" VPOS="1405" WIDTH="99" HEIGHT="27" WC="0.92" CONTENT="sjättedel"/><SP WIDTH="17" VPOS="1405" HPOS="963"/>
							<String ID="string_350" HPOS="980" VPOS="1405" WIDTH="41" HEIGHT="20" WC="0.96" CONTENT="den"/>
						</TextLine>
						<TextLine ID="line_63" HPOS="230" VPOS="1436" WIDTH="792" HEIGHT="29">
							<String ID="string_351" HPOS="230" VPOS="1439" WIDTH="28" HEIGHT="20" WC="0.96" CONTENT="14"/><SP WIDTH="15" VPOS="1439" HPOS="258"/>
							<String ID="string_352" HPOS="273" VPOS="1445" WIDTH="57" HEIGHT="14" WC="0.96" CONTENT="mars"/><SP WIDTH="15" VPOS="1445" HPOS="330"/>
							<String ID="string_353" HPOS="345" VPOS="1439" WIDTH="59" HEIGHT="26" WC="0.96" CONTENT="varje"/><SP WIDTH="16" VPOS="1439" HPOS="404"/>
							<String ID="string_354" HPOS="420" VPOS="1445" WIDTH="26" HEIGHT="13" WC="0.96" CONTENT="av"/><SP WIDTH="15" VPOS="1445" HPOS="446"/>
							<String ID="string_355" HPOS="461" VPOS="1437" WIDTH="145" HEIGHT="27" WC="0.96" CONTENT="nästföljande"/><SP WIDTH="16" VPOS="1437" HPOS="606"/>
							<String ID="string_356" HPOS="622" VPOS="1437" WIDTH="44" HEIGHT="20" WC="0.96" CONTENT="fem"/><SP WIDTH="16" VPOS="1437" HPOS="666"/>
							<String ID="string_357" HPOS="682" VPOS="1437" WIDTH="23" HEIGHT="19" WC="0.96" CONTENT="år"/><SP WIDTH="14" VPOS="1437" HPOS="705"/>
							<String ID="string_358" HPOS="719" VPOS="1438" WIDTH="56" HEIGHT="18" WC="0.96" CONTENT="samt"/><SP WIDTH="10" VPOS="1438" HPOS="775"/>
							<String ID="string_359" HPOS="785" VPOS="1436" WIDTH="68" HEIGHT="20" WC="0.96" CONTENT="under"/><SP WIDTH="10" VPOS="1436" HPOS="853"/>
							<String ID="string_360" HPOS="863" VPOS="1436" WIDTH="57" HEIGHT="20" WC="0.96" CONTENT="vissa"/><SP WIDTH="11" VPOS="1436" HPOS="920"/>
							<String ID="string_361" HPOS="931" VPOS="1436" WIDTH="91" HEIGHT="25" WC="0.96" CONTENT="angivna"/>
						</TextLine>
						<TextLine ID="line_64" HPOS="228" VPOS="1465" WIDTH="794" HEIGHT="28">
							<String ID="string_362" HPOS="228" VPOS="1469" WIDTH="85" HEIGHT="24" WC="0.96" CONTENT="villkor,"/><SP WIDTH="19" VPOS="1469" HPOS="313"/>
							<String ID="string_363" HPOS="332" VPOS="1468" WIDTH="57" HEIGHT="25" WC="0.96" CONTENT="eller,"/><SP WIDTH="20" VPOS="1468" HPOS="389"/>
							<String ID="string_364" HPOS="409" VPOS="1468" WIDTH="71" HEIGHT="20" WC="0.93" CONTENT="därest"/><SP WIDTH="15" VPOS="1468" HPOS="480"/>
							<String ID="string_365" HPOS="495" VPOS="1467" WIDTH="100" HEIGHT="21" WC="0.92" CONTENT="bemälda"/><SP WIDTH="16" VPOS="1467" HPOS="595"/>
							<String ID="string_366" HPOS="611" VPOS="1466" WIDTH="197" HEIGHT="26" WC="0.91" CONTENT="stärbhusdelägare"/><SP WIDTH="16" VPOS="1466" HPOS="808"/>
							<String ID="string_367" HPOS="824" VPOS="1466" WIDTH="47" HEIGHT="20" WC="0.96" CONTENT="icke"/><SP WIDTH="14" VPOS="1466" HPOS="871"/>
							<String ID="string_368" HPOS="885" VPOS="1466" WIDTH="95" HEIGHT="25" WC="0.96" CONTENT="begagna"/><SP WIDTH="11" VPOS="1466" HPOS="980"/>
							<String ID="string_369" HPOS="991" VPOS="1465" WIDTH="31" HEIGHT="26" WC="0.96" CONTENT="sig"/>
						</TextLine>
						<TextLine ID="line_65" HPOS="229" VPOS="1495" WIDTH="792" HEIGHT="28">
							<String ID="string_370" HPOS="229" VPOS="1505" WIDTH="27" HEIGHT="14" WC="0.93" CONTENT="av"/><SP WIDTH="15" VPOS="1505" HPOS="256"/>
							<String ID="string_371" HPOS="271" VPOS="1498" WIDTH="143" HEIGHT="21" WC="0.91" CONTENT="omförmälda"/><SP WIDTH="15" VPOS="1498" HPOS="414"/>
							<String ID="string_372" HPOS="429" VPOS="1497" WIDTH="141" HEIGHT="26" WC="0.96" CONTENT="medgivande"/><SP WIDTH="12" VPOS="1497" HPOS="570"/>
							<String ID="string_373" HPOS="582" VPOS="1498" WIDTH="31" HEIGHT="19" WC="0.96" CONTENT="att"/><SP WIDTH="8" VPOS="1498" HPOS="613"/>
							<String ID="string_374" HPOS="621" VPOS="1496" WIDTH="98" HEIGHT="21" WC="0.93" CONTENT="förvärva"/><SP WIDTH="8" VPOS="1496" HPOS="719"/>
							<String ID="string_375" HPOS="727" VPOS="1496" WIDTH="106" HEIGHT="25" WC="0.90" CONTENT="ägolotten"/><SP WIDTH="10" VPOS="1496" HPOS="833"/>
							<String ID="string_376" HPOS="843" VPOS="1496" WIDTH="33" HEIGHT="20" WC="0.93" CONTENT="för"/><SP WIDTH="6" VPOS="1496" HPOS="876"/>
							<String ID="string_377" HPOS="882" VPOS="1495" WIDTH="139" HEIGHT="20" WC="0.91" CONTENT="förenämnda"/>
						</TextLine>
						<TextLine ID="line_66" HPOS="228" VPOS="1524" WIDTH="794" HEIGHT="30">
							<String ID="string_378" HPOS="228" VPOS="1528" WIDTH="149" HEIGHT="26" WC="0.93" CONTENT="köpeskilling,"/><SP WIDTH="24" VPOS="1528" HPOS="377"/>
							<String ID="string_379" HPOS="401" VPOS="1528" WIDTH="13" HEIGHT="20" WC="0.83" CONTENT="å"/><SP WIDTH="15" VPOS="1528" HPOS="414"/>
							<String ID="string_380" HPOS="429" VPOS="1527" WIDTH="98" HEIGHT="26" WC="0.96" CONTENT="offentlig"/><SP WIDTH="22" VPOS="1527" HPOS="527"/>
							<String ID="string_381" HPOS="549" VPOS="1526" WIDTH="88" HEIGHT="21" WC="0.94" CONTENT="auktion"/><SP WIDTH="27" VPOS="1526" HPOS="637"/>
							<String ID="string_382" HPOS="664" VPOS="1526" WIDTH="33" HEIGHT="20" WC="0.94" CONTENT="till"/><SP WIDTH="23" VPOS="1526" HPOS="697"/>
							<String ID="string_383" HPOS="720" VPOS="1526" WIDTH="41" HEIGHT="20" WC="0.96" CONTENT="den"/><SP WIDTH="16" VPOS="1526" HPOS="761"/>
							<String ID="string_384" HPOS="777" VPOS="1524" WIDTH="172" HEIGHT="28" WC="0.96" CONTENT="högstbjudande"/><SP WIDTH="17" VPOS="1524" HPOS="949"/>
							<String ID="string_385" HPOS="966" VPOS="1528" WIDTH="56" HEIGHT="17" WC="0.96" CONTENT="samt"/>
						</TextLine>
						<TextLine ID="line_67" HPOS="228" VPOS="1554" WIDTH="792" HEIGHT="29">
							<String ID="string_386" HPOS="228" VPOS="1558" WIDTH="68" HEIGHT="20" WC="0.96" CONTENT="lotten"/><SP WIDTH="23" VPOS="1558" HPOS="296"/>
							<String ID="string_387" HPOS="319" VPOS="1558" WIDTH="40" HEIGHT="20" WC="0.93" CONTENT="litt."/><SP WIDTH="17" VPOS="1558" HPOS="359"/>
							<String ID="string_388" HPOS="376" VPOS="1558" WIDTH="17" HEIGHT="19" WC="0.92" CONTENT="B"/><SP WIDTH="16" VPOS="1558" HPOS="393"/>
							<String ID="string_389" HPOS="409" VPOS="1557" WIDTH="66" HEIGHT="26" WC="0.95" CONTENT="enligt"/><SP WIDTH="23" VPOS="1557" HPOS="475"/>
							<String ID="string_390" HPOS="498" VPOS="1556" WIDTH="98" HEIGHT="26" WC="0.95" CONTENT="gällande"/><SP WIDTH="18" VPOS="1556" HPOS="596"/>
							<String ID="string_391" HPOS="614" VPOS="1556" WIDTH="92" HEIGHT="26" WC="0.96" CONTENT="grunder"/><SP WIDTH="15" VPOS="1556" HPOS="706"/>
							<String ID="string_392" HPOS="721" VPOS="1556" WIDTH="33" HEIGHT="19" WC="0.96" CONTENT="för"/><SP WIDTH="16" VPOS="1556" HPOS="754"/>
							<String ID="string_393" HPOS="770" VPOS="1554" WIDTH="132" HEIGHT="28" WC="0.96" CONTENT="upplåtande"/><SP WIDTH="16" VPOS="1554" HPOS="902"/>
							<String ID="string_394" HPOS="918" VPOS="1561" WIDTH="26" HEIGHT="14" WC="0.93" CONTENT="av"/><SP WIDTH="16" VPOS="1561" HPOS="944"/>
							<String ID="string_395" HPOS="960" VPOS="1561" WIDTH="60" HEIGHT="19" WC="0.91" CONTENT="egna-"/>
						</TextLine>
						<TextLine ID="line_68" HPOS="228" VPOS="1586" WIDTH="463" HEIGHT="28">
							<String ID="string_396" HPOS="228" VPOS="1588" WIDTH="184" HEIGHT="26" WC="0.91" CONTENT="hemslägenheter"/><SP WIDTH="15" VPOS="1588" HPOS="412"/>
							<String ID="string_397" HPOS="427" VPOS="1587" WIDTH="47" HEIGHT="20" WC="0.93" CONTENT="från"/><SP WIDTH="16" VPOS="1587" HPOS="474"/>
							<String ID="string_398" HPOS="490" VPOS="1586" WIDTH="201" HEIGHT="26" WC="0.91" CONTENT="kronoegendomar."/>
						</TextLine>
					</TextBlock>
				</ComposedBlock>
				<ComposedBlock ID="cblock_25" HPOS="170" VPOS="1657" WIDTH="1589" HEIGHT="214">
					<TextBlock ID="block_26" HPOS="170" VPOS="1657" WIDTH="1589" HEIGHT="88">
						<TextLine ID="line_69" HPOS="197" VPOS="1657" WIDTH="271" HEIGHT="22">
							<String ID="string_399" HPOS="197" VPOS="1659" WIDTH="63" HEIGHT="20" WC="0.96" CONTENT="Inom"/><SP WIDTH="22" VPOS="1659" HPOS="260"/>
							<String ID="string_400" HPOS="282" VPOS="1657" WIDTH="131" HEIGHT="22" WC="0.95" CONTENT="Värmlands"/><SP WIDTH="10" VPOS="1657" HPOS="413"/>
							<String ID="string_401" HPOS="423" VPOS="1658" WIDTH="45" HEIGHT="20" WC="0.96" CONTENT="län:"/>
						</TextLine>
						<TextLine ID="line_70" HPOS="170" VPOS="1684" WIDTH="1589" HEIGHT="30">
							<String ID="string_402" HPOS="170" VPOS="1694" WIDTH="24" HEIGHT="16" WC="0.93" CONTENT="61"/><SP WIDTH="19" VPOS="1694" HPOS="194"/>
							<String ID="string_403" HPOS="213" VPOS="1689" WIDTH="37" HEIGHT="20" WC="0.91" CONTENT="RD"/><SP WIDTH="16" VPOS="1689" HPOS="250"/>
							<String ID="string_404" HPOS="266" VPOS="1688" WIDTH="114" HEIGHT="26" WC="0.89" CONTENT="medgiver,"/><SP WIDTH="17" VPOS="1688" HPOS="380"/>
							<String ID="string_405" HPOS="397" VPOS="1690" WIDTH="32" HEIGHT="18" WC="0.96" CONTENT="att"/><SP WIDTH="15" VPOS="1690" HPOS="429"/>
							<String ID="string_406" HPOS="444" VPOS="1688" WIDTH="41" HEIGHT="20" WC="0.93" CONTENT="den"/><SP WIDTH="16" VPOS="1688" HPOS="485"/>
							<String ID="string_407" HPOS="501" VPOS="1688" WIDTH="13" HEIGHT="19" WC="0.93" CONTENT="å"/><SP WIDTH="15" VPOS="1688" HPOS="514"/>
							<String ID="string_408" HPOS="529" VPOS="1687" WIDTH="42" HEIGHT="20" WC="0.96" CONTENT="den"/><SP WIDTH="15" VPOS="1687" HPOS="571"/>
							<String ID="string_409" HPOS="586" VPOS="1687" WIDTH="8" HEIGHT="20" WC="0.96" CONTENT="i"/><SP WIDTH="15" VPOS="1687" HPOS="594"/>
							<String ID="string_410" HPOS="609" VPOS="1686" WIDTH="88" HEIGHT="21" WC="0.93" CONTENT="ärendet"/><SP WIDTH="15" VPOS="1686" HPOS="697"/>
							<String ID="string_411" HPOS="712" VPOS="1686" WIDTH="111" HEIGHT="21" WC="0.92" CONTENT="företedda"/><SP WIDTH="15" VPOS="1686" HPOS="823"/>
							<String ID="string_412" HPOS="838" VPOS="1687" WIDTH="76" HEIGHT="20" WC="0.96" CONTENT="kartan"/><SP WIDTH="16" VPOS="1687" HPOS="914"/>
							<String ID="string_413" HPOS="930" VPOS="1687" WIDTH="92" HEIGHT="25" WC="0.2" CONTENT="angivna!"/><SP WIDTH="37" VPOS="1687" HPOS="1022"/>
							<String ID="string_414" HPOS="1059" VPOS="1693" WIDTH="9" HEIGHT="10" WC="0.74" CONTENT="&gt;»"/><SP WIDTH="41" VPOS="1693" HPOS="1068"/>
							<String ID="string_415" HPOS="1109" VPOS="1685" WIDTH="42" HEIGHT="21" WC="0.83" CONTENT="1215"/><SP WIDTH="124" VPOS="1685" HPOS="1151"/>
							<String ID="string_416" HPOS="1275" VPOS="1685" WIDTH="27" HEIGHT="21" WC="0.96" CONTENT="10"/><SP WIDTH="78" VPOS="1685" HPOS="1302"/>
							<String ID="string_417" HPOS="1380" VPOS="1684" WIDTH="28" HEIGHT="21" WC="0.83" CONTENT="46"/><SP WIDTH="0" VPOS="1684" HPOS="1408"/>
							<String ID="string_418" HPOS="1408" VPOS="1680" WIDTH="19" HEIGHT="35" WC="0.83" CONTENT="|"/><SP WIDTH="13" VPOS="1680" HPOS="1427"/>
							<String ID="string_419" HPOS="1440" VPOS="1684" WIDTH="116" HEIGHT="21" WC="0.0" CONTENT="15|327l11]"/><SP WIDTH="32" VPOS="1684" HPOS="1556"/>
							<String ID="string_420" HPOS="1588" VPOS="1684" WIDTH="69" HEIGHT="21" WC="0.94" CONTENT="27:13"/><SP WIDTH="3" VPOS="1684" HPOS="1657"/>
							<String ID="string_421" HPOS="1660" VPOS="1680" WIDTH="23" HEIGHT="35" WC="0.94" CONTENT="|"/><SP WIDTH="7" VPOS="1680" HPOS="1683"/>
							<String ID="string_422" HPOS="1690" VPOS="1685" WIDTH="69" HEIGHT="20" WC="0.96" CONTENT="28:16"/>
						</TextLine>
						<TextLine ID="line_71" HPOS="227" VPOS="1716" WIDTH="926" HEIGHT="29">
							<String ID="string_423" HPOS="227" VPOS="1719" WIDTH="125" HEIGHT="26" WC="0.92" CONTENT="lägenheten"/><SP WIDTH="16" VPOS="1719" HPOS="352"/>
							<String ID="string_424" HPOS="368" VPOS="1718" WIDTH="112" HEIGHT="20" WC="0.92" CONTENT="Ranviken"/><SP WIDTH="16" VPOS="1718" HPOS="480"/>
							<String ID="string_425" HPOS="496" VPOS="1717" WIDTH="50" HEIGHT="20" WC="0.96" CONTENT="med"/><SP WIDTH="16" VPOS="1717" HPOS="546"/>
							<String ID="string_426" HPOS="562" VPOS="1724" WIDTH="26" HEIGHT="13" WC="0.96" CONTENT="en"/><SP WIDTH="16" VPOS="1724" HPOS="588"/>
							<String ID="string_427" HPOS="604" VPOS="1717" WIDTH="56" HEIGHT="20" WC="0.96" CONTENT="areal"/><SP WIDTH="16" VPOS="1717" HPOS="660"/>
							<String ID="string_428" HPOS="676" VPOS="1723" WIDTH="26" HEIGHT="14" WC="0.96" CONTENT="av"/><SP WIDTH="16" VPOS="1723" HPOS="702"/>
							<String ID="string_429" HPOS="718" VPOS="1717" WIDTH="49" HEIGHT="20" WC="0.93" CONTENT="8.95"/><SP WIDTH="18" VPOS="1717" HPOS="767"/>
							<String ID="string_430" HPOS="785" VPOS="1716" WIDTH="75" HEIGHT="21" WC="0.96" CONTENT="hektar"/><SP WIDTH="15" VPOS="1716" HPOS="860"/>
							<String ID="string_431" HPOS="875" VPOS="1717" WIDTH="36" HEIGHT="19" WC="0.93" CONTENT="må"/><SP WIDTH="12" VPOS="1717" HPOS="911"/>
							<String ID="string_432" HPOS="923" VPOS="1716" WIDTH="99" HEIGHT="20" WC="0.91" CONTENT="frånskil-"/><SP WIDTH="85" VPOS="1716" HPOS="1022"/>
							<String ID="string_433" HPOS="1107" VPOS="1720" WIDTH="46" HEIGHT="23" WC="0.48" CONTENT="p.33"/>
						</TextLine>
					</TextBlock>
					<TextBlock ID="block_27" HPOS="227" VPOS="1746" WIDTH="1301" HEIGHT="125">
						<TextLine ID="line_72" HPOS="228" VPOS="1746" WIDTH="793" HEIGHT="29">
							<String ID="string_434" HPOS="228" VPOS="1749" WIDTH="33" HEIGHT="26" WC="0.92" CONTENT="jas"/><SP WIDTH="18" VPOS="1749" HPOS="261"/>
							<String ID="string_435" HPOS="279" VPOS="1748" WIDTH="185" HEIGHT="26" WC="0.91" CONTENT="stamfastigheten"/><SP WIDTH="20" VPOS="1748" HPOS="464"/>
							<String ID="string_436" HPOS="484" VPOS="1747" WIDTH="11" HEIGHT="20" WC="0.96" CONTENT="1"/><SP WIDTH="18" VPOS="1747" HPOS="495"/>
							<String ID="string_437" HPOS="513" VPOS="1747" WIDTH="81" HEIGHT="20" WC="0.96" CONTENT="mantal"/><SP WIDTH="17" VPOS="1747" HPOS="594"/>
							<String ID="string_438" HPOS="611" VPOS="1746" WIDTH="66" HEIGHT="21" WC="0.96" CONTENT="Södra"/><SP WIDTH="15" VPOS="1746" HPOS="677"/>
							<String ID="string_439" HPOS="692" VPOS="1746" WIDTH="96" HEIGHT="26" WC="0.96" CONTENT="Edsberg"/><SP WIDTH="14" VPOS="1746" HPOS="788"/>
							<String ID="string_440" HPOS="802" VPOS="1753" WIDTH="26" HEIGHT="13" WC="0.96" CONTENT="nr"/><SP WIDTH="17" VPOS="1753" HPOS="828"/>
							<String ID="string_441" HPOS="845" VPOS="1746" WIDTH="10" HEIGHT="20" WC="0.96" CONTENT="1"/><SP WIDTH="21" VPOS="1746" HPOS="855"/>
							<String ID="string_442" HPOS="876" VPOS="1747" WIDTH="7" HEIGHT="19" WC="0.96" CONTENT="i"/><SP WIDTH="16" VPOS="1747" HPOS="883"/>
							<String ID="string_443" HPOS="899" VPOS="1746" WIDTH="122" HEIGHT="26" WC="0.94" CONTENT="Segerstads"/>
						</TextLine>
						<TextLine ID="line_73" HPOS="227" VPOS="1776" WIDTH="1301" HEIGHT="29">
							<String ID="string_444" HPOS="227" VPOS="1778" WIDTH="77" HEIGHT="21" WC="0.96" CONTENT="socken"/><SP WIDTH="16" VPOS="1778" HPOS="304"/>
							<String ID="string_445" HPOS="320" VPOS="1779" WIDTH="40" HEIGHT="20" WC="0.96" CONTENT="och"/><SP WIDTH="16" VPOS="1779" HPOS="360"/>
							<String ID="string_446" HPOS="376" VPOS="1778" WIDTH="67" HEIGHT="27" WC="0.93" CONTENT="jämte"/><SP WIDTH="11" VPOS="1778" HPOS="443"/>
							<String ID="string_447" HPOS="454" VPOS="1777" WIDTH="51" HEIGHT="21" WC="0.93" CONTENT="därå"/><SP WIDTH="11" VPOS="1777" HPOS="505"/>
							<String ID="string_448" HPOS="516" VPOS="1777" WIDTH="110" HEIGHT="26" WC="0.96" CONTENT="befintliga"/><SP WIDTH="11" VPOS="1777" HPOS="626"/>
							<String ID="string_449" HPOS="637" VPOS="1777" WIDTH="81" HEIGHT="20" WC="0.96" CONTENT="kronan"/><SP WIDTH="12" VPOS="1777" HPOS="718"/>
							<String ID="string_450" HPOS="730" VPOS="1776" WIDTH="108" HEIGHT="26" WC="0.96" CONTENT="tillhöriga"/><SP WIDTH="12" VPOS="1776" HPOS="838"/>
							<String ID="string_451" HPOS="850" VPOS="1776" WIDTH="121" HEIGHT="27" WC="0.93" CONTENT="byggnader"/><SP WIDTH="10" VPOS="1776" HPOS="971"/>
							<String ID="string_452" HPOS="981" VPOS="1776" WIDTH="39" HEIGHT="20" WC="0.91" CONTENT="för-"/><SP WIDTH="506" VPOS="1776" HPOS="1020"/>
							<String ID="string_453" HPOS="1526" VPOS="1785" WIDTH="2" HEIGHT="18" WC="0.67" CONTENT="|"/>
						</TextLine>
						<TextLine ID="line_74" HPOS="227" VPOS="1806" WIDTH="1301" HEIGHT="29">
							<String ID="string_454" HPOS="227" VPOS="1808" WIDTH="64" HEIGHT="27" WC="0.96" CONTENT="säljas"/><SP WIDTH="22" VPOS="1808" HPOS="291"/>
							<String ID="string_455" HPOS="313" VPOS="1808" WIDTH="49" HEIGHT="20" WC="0.96" CONTENT="med"/><SP WIDTH="19" VPOS="1808" HPOS="362"/>
							<String ID="string_456" HPOS="381" VPOS="1809" WIDTH="42" HEIGHT="19" WC="0.96" CONTENT="rätt"/><SP WIDTH="15" VPOS="1809" HPOS="423"/>
							<String ID="string_457" HPOS="438" VPOS="1808" WIDTH="33" HEIGHT="20" WC="0.96" CONTENT="för"/><SP WIDTH="15" VPOS="1808" HPOS="471"/>
							<String ID="string_458" HPOS="486" VPOS="1806" WIDTH="123" HEIGHT="21" WC="0.96" CONTENT="nuvarande"/><SP WIDTH="16" VPOS="1806" HPOS="609"/>
							<String ID="string_459" HPOS="625" VPOS="1806" WIDTH="137" HEIGHT="21" WC="0.93" CONTENT="arrendatorn"/><SP WIDTH="16" VPOS="1806" HPOS="762"/>
							<String ID="string_460" HPOS="778" VPOS="1807" WIDTH="22" HEIGHT="20" WC="0.93" CONTENT="P."/><SP WIDTH="17" VPOS="1807" HPOS="800"/>
							<String ID="string_461" HPOS="817" VPOS="1807" WIDTH="25" HEIGHT="19" WC="0.91" CONTENT="A."/><SP WIDTH="17" VPOS="1807" HPOS="842"/>
							<String ID="string_462" HPOS="859" VPOS="1806" WIDTH="114" HEIGHT="26" WC="0.96" CONTENT="Engström"/><SP WIDTH="17" VPOS="1806" HPOS="973"/>
							<String ID="string_463" HPOS="990" VPOS="1808" WIDTH="31" HEIGHT="18" WC="0.96" CONTENT="att"/><SP WIDTH="506" VPOS="1808" HPOS="1021"/>
							<String ID="string_464" HPOS="1527" VPOS="1806" WIDTH="1" HEIGHT="22" WC="0.73" CONTENT="|"/>
						</TextLine>
						<TextLine ID="line_75" HPOS="227" VPOS="1830" WIDTH="1301" HEIGHT="41">
							<String ID="string_465" HPOS="227" VPOS="1838" WIDTH="80" HEIGHT="20" WC="0.93" CONTENT="erhålla"/><SP WIDTH="16" VPOS="1838" HPOS="307"/>
							<String ID="string_466" HPOS="323" VPOS="1837" WIDTH="95" HEIGHT="21" WC="0.92" CONTENT="hembud"/><SP WIDTH="16" VPOS="1837" HPOS="418"/>
							<String ID="string_467" HPOS="434" VPOS="1838" WIDTH="13" HEIGHT="20" WC="0.93" CONTENT="å"/><SP WIDTH="15" VPOS="1838" HPOS="447"/>
							<String ID="string_468" HPOS="462" VPOS="1837" WIDTH="133" HEIGHT="26" WC="0.95" CONTENT="lägenheten."/><SP WIDTH="674" VPOS="1837" HPOS="595"/>
							<String ID="string_469" HPOS="1269" VPOS="1843" WIDTH="2" HEIGHT="6" WC="0.62" CONTENT="|"/><SP WIDTH="255" VPOS="1843" HPOS="1271"/>
							<String ID="string_470" HPOS="1526" VPOS="1830" WIDTH="2" HEIGHT="41" WC="0.80" CONTENT="|"/>
						</TextLine>
					</TextBlock>
				</ComposedBlock>
				<ComposedBlock ID="cblock_26" HPOS="1525" VPOS="357" WIDTH="8" HEIGHT="1423">
					<TextBlock ID="block_28" HPOS="1525" VPOS="357" WIDTH="8" HEIGHT="1423">
						<TextLine ID="line_76" HPOS="1525" VPOS="357" WIDTH="8" HEIGHT="1423">
							<String ID="string_471" HPOS="1525" VPOS="357" WIDTH="8" HEIGHT="1423" WC="0.95" CONTENT=" "/>
						</TextLine>
					</TextBlock>
				</ComposedBlock>
				<ComposedBlock ID="cblock_27" HPOS="168" VPOS="1909" WIDTH="1591" HEIGHT="174">
					<TextBlock ID="block_29" HPOS="168" VPOS="1903" WIDTH="1591" HEIGHT="180">
						<TextLine ID="line_77" HPOS="196" VPOS="1909" WIDTH="1332" HEIGHT="27">
							<String ID="string_472" HPOS="196" VPOS="1910" WIDTH="62" HEIGHT="20" WC="0.96" CONTENT="Inom"/><SP WIDTH="20" VPOS="1910" HPOS="258"/>
							<String ID="string_473" HPOS="278" VPOS="1909" WIDTH="79" HEIGHT="21" WC="0.72" CONTENT="Örebro"/><SP WIDTH="15" VPOS="1909" HPOS="357"/>
							<String ID="string_474" HPOS="372" VPOS="1909" WIDTH="45" HEIGHT="20" WC="0.96" CONTENT="län:"/><SP WIDTH="1109" VPOS="1909" HPOS="417"/>
							<String ID="string_475" HPOS="1526" VPOS="1903" WIDTH="2" HEIGHT="33" WC="0.60" CONTENT="|"/>
						</TextLine>
						<TextLine ID="line_78" HPOS="168" VPOS="1935" WIDTH="1591" HEIGHT="37">
							<String ID="string_476" HPOS="168" VPOS="1945" WIDTH="25" HEIGHT="15" WC="0.93" CONTENT="62"/><SP WIDTH="18" VPOS="1945" HPOS="193"/>
							<String ID="string_477" HPOS="211" VPOS="1940" WIDTH="38" HEIGHT="20" WC="0.90" CONTENT="RD"/><SP WIDTH="16" VPOS="1940" HPOS="249"/>
							<String ID="string_478" HPOS="265" VPOS="1939" WIDTH="114" HEIGHT="26" WC="0.90" CONTENT="medgiver,"/><SP WIDTH="25" VPOS="1939" HPOS="379"/>
							<String ID="string_479" HPOS="404" VPOS="1940" WIDTH="32" HEIGHT="19" WC="0.96" CONTENT="att"/><SP WIDTH="18" VPOS="1940" HPOS="436"/>
							<String ID="string_480" HPOS="454" VPOS="1939" WIDTH="48" HEIGHT="19" WC="0.93" CONTENT="från"/><SP WIDTH="16" VPOS="1939" HPOS="502"/>
							<String ID="string_481" HPOS="518" VPOS="1937" WIDTH="199" HEIGHT="26" WC="0.88" CONTENT="kronoegendomen"/><SP WIDTH="18" VPOS="1937" HPOS="717"/>
							<String ID="string_482" HPOS="735" VPOS="1936" WIDTH="56" HEIGHT="28" WC="0.73" CONTENT="&#39;5/,,,"/><SP WIDTH="17" VPOS="1936" HPOS="791"/>
							<String ID="string_483" HPOS="808" VPOS="1937" WIDTH="82" HEIGHT="20" WC="0.95" CONTENT="mantal"/><SP WIDTH="16" VPOS="1937" HPOS="890"/>
							<String ID="string_484" HPOS="906" VPOS="1937" WIDTH="74" HEIGHT="20" WC="0.93" CONTENT="Valsta"/><SP WIDTH="16" VPOS="1937" HPOS="980"/>
							<String ID="string_485" HPOS="996" VPOS="1944" WIDTH="25" HEIGHT="13" WC="0.69" CONTENT="nr|"/><SP WIDTH="39" VPOS="1944" HPOS="1021"/>
							<String ID="string_486" HPOS="1060" VPOS="1945" WIDTH="8" HEIGHT="10" WC="0.91" CONTENT="»"/><SP WIDTH="41" VPOS="1945" HPOS="1068"/>
							<String ID="string_487" HPOS="1109" VPOS="1936" WIDTH="41" HEIGHT="20" WC="0.43" CONTENT="1215"/><SP WIDTH="126" VPOS="1936" HPOS="1150"/>
							<String ID="string_488" HPOS="1276" VPOS="1936" WIDTH="26" HEIGHT="21" WC="0.96" CONTENT="10"/><SP WIDTH="78" VPOS="1936" HPOS="1302"/>
							<String ID="string_489" HPOS="1380" VPOS="1936" WIDTH="27" HEIGHT="20" WC="0.92" CONTENT="46"/><SP WIDTH="-1" VPOS="1936" HPOS="1407"/>
							<String ID="string_490" HPOS="1406" VPOS="1932" WIDTH="23" HEIGHT="35" WC="0.92" CONTENT="|"/><SP WIDTH="12" VPOS="1932" HPOS="1429"/>
							<String ID="string_491" HPOS="1441" VPOS="1941" WIDTH="23" HEIGHT="15" WC="0.95" CONTENT="15"/><SP WIDTH="16" VPOS="1941" HPOS="1464"/>
							<String ID="string_492" HPOS="1480" VPOS="1936" WIDTH="75" HEIGHT="36" WC="0.36" CONTENT="327111"/><SP WIDTH="33" VPOS="1936" HPOS="1555"/>
							<String ID="string_493" HPOS="1588" VPOS="1936" WIDTH="69" HEIGHT="20" WC="0.0" CONTENT="27:18"/><SP WIDTH="3" VPOS="1936" HPOS="1657"/>
							<String ID="string_494" HPOS="1660" VPOS="1931" WIDTH="14" HEIGHT="35" WC="0.0" CONTENT="|"/><SP WIDTH="16" VPOS="1931" HPOS="1674"/>
							<String ID="string_495" HPOS="1690" VPOS="1935" WIDTH="69" HEIGHT="20" WC="0.94" CONTENT="28:16"/>
						</TextLine>
						<TextLine ID="line_79" HPOS="226" VPOS="1967" WIDTH="1302" HEIGHT="39">
							<String ID="string_496" HPOS="226" VPOS="1969" WIDTH="14" HEIGHT="20" WC="0.96" CONTENT="4"/><SP WIDTH="16" VPOS="1969" HPOS="240"/>
							<String ID="string_497" HPOS="256" VPOS="1969" WIDTH="41" HEIGHT="21" WC="0.96" CONTENT="litt."/><SP WIDTH="24" VPOS="1969" HPOS="297"/>
							<String ID="string_498" HPOS="321" VPOS="1969" WIDTH="33" HEIGHT="20" WC="0.93" CONTENT="Aa"/><SP WIDTH="15" VPOS="1969" HPOS="354"/>
							<String ID="string_499" HPOS="369" VPOS="1969" WIDTH="7" HEIGHT="20" WC="0.93" CONTENT="i"/><SP WIDTH="16" VPOS="1969" HPOS="376"/>
							<String ID="string_500" HPOS="392" VPOS="1968" WIDTH="79" HEIGHT="21" WC="0.95" CONTENT="Askers"/><SP WIDTH="23" VPOS="1968" HPOS="471"/>
							<String ID="string_501" HPOS="494" VPOS="1968" WIDTH="77" HEIGHT="20" WC="0.96" CONTENT="socken"/><SP WIDTH="24" VPOS="1968" HPOS="571"/>
							<String ID="string_502" HPOS="595" VPOS="1968" WIDTH="36" HEIGHT="19" WC="0.96" CONTENT="må"/><SP WIDTH="23" VPOS="1968" HPOS="631"/>
							<String ID="string_503" HPOS="654" VPOS="1974" WIDTH="37" HEIGHT="14" WC="0.94" CONTENT="var"/><SP WIDTH="18" VPOS="1974" HPOS="691"/>
							<String ID="string_504" HPOS="709" VPOS="1968" WIDTH="33" HEIGHT="19" WC="0.96" CONTENT="för"/><SP WIDTH="16" VPOS="1968" HPOS="742"/>
							<String ID="string_505" HPOS="758" VPOS="1968" WIDTH="31" HEIGHT="24" WC="0.96" CONTENT="sig"/><SP WIDTH="15" VPOS="1968" HPOS="789"/>
							<String ID="string_506" HPOS="804" VPOS="1967" WIDTH="40" HEIGHT="21" WC="0.96" CONTENT="och"/><SP WIDTH="16" VPOS="1967" HPOS="844"/>
							<String ID="string_507" HPOS="860" VPOS="1967" WIDTH="54" HEIGHT="20" WC="0.96" CONTENT="efter"/><SP WIDTH="15" VPOS="1967" HPOS="914"/>
							<String ID="string_508" HPOS="929" VPOS="1968" WIDTH="92" HEIGHT="25" WC="0.95" CONTENT="angivna"/><SP WIDTH="86" VPOS="1968" HPOS="1021"/>
							<String ID="string_509" HPOS="1107" VPOS="1971" WIDTH="45" HEIGHT="22" WC="0.85" CONTENT="p.34"/><SP WIDTH="374" VPOS="1971" HPOS="1152"/>
							<String ID="string_510" HPOS="1526" VPOS="1973" WIDTH="2" HEIGHT="33" WC="0.87" CONTENT="|"/>
						</TextLine>
						<TextLine ID="line_80" HPOS="226" VPOS="1996" WIDTH="1301" HEIGHT="28">
							<String ID="string_511" HPOS="226" VPOS="1998" WIDTH="127" HEIGHT="22" WC="0.92" CONTENT="saluvärden"/><SP WIDTH="10" VPOS="1998" HPOS="353"/>
							<String ID="string_512" HPOS="363" VPOS="1998" WIDTH="99" HEIGHT="26" WC="0.91" CONTENT="försäljas"/><SP WIDTH="10" VPOS="1998" HPOS="462"/>
							<String ID="string_513" HPOS="472" VPOS="1998" WIDTH="8" HEIGHT="19" WC="0.93" CONTENT="i"/><SP WIDTH="11" VPOS="1998" HPOS="480"/>
							<String ID="string_514" HPOS="491" VPOS="1997" WIDTH="231" HEIGHT="26" WC="0.91" CONTENT="statsrådsprotokollet"/><SP WIDTH="10" VPOS="1997" HPOS="722"/>
							<String ID="string_515" HPOS="732" VPOS="1996" WIDTH="149" HEIGHT="26" WC="0.90" CONTENT="omförmälda,"/><SP WIDTH="12" VPOS="1996" HPOS="881"/>
							<String ID="string_516" HPOS="893" VPOS="1997" WIDTH="12" HEIGHT="20" WC="0.92" CONTENT="å"/><SP WIDTH="11" VPOS="1997" HPOS="905"/>
							<String ID="string_517" HPOS="916" VPOS="1997" WIDTH="104" HEIGHT="20" WC="0.91" CONTENT="distrikts-"/><SP WIDTH="506" VPOS="1997" HPOS="1020"/>
							<String ID="string_518" HPOS="1526" VPOS="2009" WIDTH="1" HEIGHT="9" WC="0.64" CONTENT="I"/>
						</TextLine>
						<TextLine ID="line_81" HPOS="226" VPOS="2020" WIDTH="1302" HEIGHT="48">
							<String ID="string_519" HPOS="226" VPOS="2029" WIDTH="143" HEIGHT="20" WC="0.92" CONTENT="lantmätaren"/><SP WIDTH="16" VPOS="2029" HPOS="369"/>
							<String ID="string_520" HPOS="385" VPOS="2028" WIDTH="24" HEIGHT="20" WC="0.93" CONTENT="A."/><SP WIDTH="18" VPOS="2028" HPOS="409"/>
							<String ID="string_521" HPOS="427" VPOS="2028" WIDTH="130" HEIGHT="20" WC="0.93" CONTENT="Eckerboms"/><SP WIDTH="16" VPOS="2028" HPOS="557"/>
							<String ID="string_522" HPOS="573" VPOS="2027" WIDTH="7" HEIGHT="20" WC="0.96" CONTENT="i"/><SP WIDTH="14" VPOS="2027" HPOS="580"/>
							<String ID="string_523" HPOS="594" VPOS="2027" WIDTH="87" HEIGHT="20" WC="0.92" CONTENT="ärendet"/><SP WIDTH="7" VPOS="2027" HPOS="681"/>
							<String ID="string_524" HPOS="688" VPOS="2026" WIDTH="110" HEIGHT="21" WC="0.92" CONTENT="företedda"/><SP WIDTH="11" VPOS="2026" HPOS="798"/>
							<String ID="string_525" HPOS="809" VPOS="2027" WIDTH="61" HEIGHT="20" WC="0.96" CONTENT="karta"/><SP WIDTH="8" VPOS="2027" HPOS="870"/>
							<String ID="string_526" HPOS="878" VPOS="2027" WIDTH="91" HEIGHT="26" WC="0.93" CONTENT="angivna"/><SP WIDTH="9" VPOS="2027" HPOS="969"/>
							<String ID="string_527" HPOS="978" VPOS="2033" WIDTH="42" HEIGHT="14" WC="0.92" CONTENT="om-"/><SP WIDTH="506" VPOS="2033" HPOS="1020"/>
							<String ID="string_528" HPOS="1526" VPOS="2020" WIDTH="2" HEIGHT="48" WC="0.89" CONTENT="|"/>
						</TextLine>
						<TextLine ID="line_82" HPOS="226" VPOS="2056" WIDTH="1045" HEIGHT="27">
							<String ID="string_529" HPOS="226" VPOS="2058" WIDTH="66" HEIGHT="21" WC="0.96" CONTENT="råden"/><SP WIDTH="15" VPOS="2058" HPOS="292"/>
							<String ID="string_530" HPOS="307" VPOS="2058" WIDTH="50" HEIGHT="20" WC="0.95" CONTENT="med"/><SP WIDTH="16" VPOS="2058" HPOS="357"/>
							<String ID="string_531" HPOS="373" VPOS="2058" WIDTH="43" HEIGHT="20" WC="0.96" CONTENT="viss"/><SP WIDTH="16" VPOS="2058" HPOS="416"/>
							<String ID="string_532" HPOS="432" VPOS="2058" WIDTH="90" HEIGHT="25" WC="0.96" CONTENT="angiven"/><SP WIDTH="17" VPOS="2058" HPOS="522"/>
							<String ID="string_533" HPOS="539" VPOS="2057" WIDTH="122" HEIGHT="26" WC="0.96" CONTENT="skyldighet"/><SP WIDTH="14" VPOS="2057" HPOS="661"/>
							<String ID="string_534" HPOS="675" VPOS="2057" WIDTH="34" HEIGHT="20" WC="0.96" CONTENT="för"/><SP WIDTH="15" VPOS="2057" HPOS="709"/>
							<String ID="string_535" HPOS="724" VPOS="2056" WIDTH="157" HEIGHT="21" WC="0.96" CONTENT="vederbörande"/><SP WIDTH="17" VPOS="2056" HPOS="881"/>
							<String ID="string_536" HPOS="898" VPOS="2057" WIDTH="84" HEIGHT="25" WC="0.96" CONTENT="köpare."/><SP WIDTH="288" VPOS="2057" HPOS="982"/>
							<String ID="string_537" HPOS="1270" VPOS="2059" WIDTH="1" HEIGHT="3" WC="0.73" CONTENT="|"/>
						</TextLine>
					</TextBlock>
				</ComposedBlock>
				<ComposedBlock ID="cblock_28" HPOS="1269" VPOS="210" WIDTH="7" HEIGHT="1846">
					<TextBlock ID="block_30" HPOS="1269" VPOS="210" WIDTH="7" HEIGHT="1846">
						<TextLine ID="line_83" HPOS="1269" VPOS="210" WIDTH="7" HEIGHT="1846">
							<String ID="string_538" HPOS="1269" VPOS="210" WIDTH="7" HEIGHT="1846" WC="0.95" CONTENT=" "/>
						</TextLine>
					</TextBlock>
				</ComposedBlock>
				<ComposedBlock ID="cblock_29" HPOS="1094" VPOS="203" WIDTH="9" HEIGHT="1878">
					<TextBlock ID="block_31" HPOS="1094" VPOS="203" WIDTH="9" HEIGHT="1878">
						<TextLine ID="line_84" HPOS="1094" VPOS="203" WIDTH="9" HEIGHT="1878">
							<String ID="string_539" HPOS="1094" VPOS="203" WIDTH="9" HEIGHT="1878" WC="0.95" CONTENT=" "/>
						</TextLine>
					</TextBlock>
				</ComposedBlock>
				<ComposedBlock ID="cblock_30" HPOS="1566" VPOS="203" WIDTH="10" HEIGHT="1879">
					<TextBlock ID="block_32" HPOS="1566" VPOS="203" WIDTH="10" HEIGHT="1879">
						<TextLine ID="line_85" HPOS="1566" VPOS="203" WIDTH="10" HEIGHT="1879">
							<String ID="string_540" HPOS="1566" VPOS="203" WIDTH="10" HEIGHT="1879" WC="0.95" CONTENT=" "/>
						</TextLine>
					</TextBlock>
				</ComposedBlock>
				<ComposedBlock ID="cblock_31" HPOS="1475" VPOS="210" WIDTH="6" HEIGHT="1870">
					<TextBlock ID="block_33" HPOS="1475" VPOS="210" WIDTH="6" HEIGHT="1870">
						<TextLine ID="line_86" HPOS="1475" VPOS="210" WIDTH="6" HEIGHT="1870">
							<String ID="string_541" HPOS="1475" VPOS="210" WIDTH="6" HEIGHT="1870" WC="0.95" CONTENT=" "/>
						</TextLine>
					</TextBlock>
				</ComposedBlock>
				<ComposedBlock ID="cblock_32" HPOS="1470" VPOS="214" WIDTH="6" HEIGHT="1866">
					<TextBlock ID="block_34" HPOS="1470" VPOS="214" WIDTH="6" HEIGHT="1866">
						<TextLine ID="line_87" HPOS="1470" VPOS="214" WIDTH="6" HEIGHT="1866">
							<String ID="string_542" HPOS="1470" VPOS="214" WIDTH="6" HEIGHT="1866" WC="0.95" CONTENT=" "/>
						</TextLine>
					</TextBlock>
				</ComposedBlock>
				<ComposedBlock ID="cblock_33" HPOS="1471" VPOS="214" WIDTH="11" HEIGHT="1866">
					<TextBlock ID="block_35" HPOS="1471" VPOS="214" WIDTH="11" HEIGHT="1866">
						<TextLine ID="line_88" HPOS="1471" VPOS="214" WIDTH="11" HEIGHT="1866">
							<String ID="string_543" HPOS="1471" VPOS="214" WIDTH="11" HEIGHT="1866" WC="0.95" CONTENT=" "/>
						</TextLine>
					</TextBlock>
				</ComposedBlock>
				<ComposedBlock ID="cblock_34" HPOS="1161" VPOS="210" WIDTH="8" HEIGHT="1873">
					<TextBlock ID="block_36" HPOS="1161" VPOS="210" WIDTH="8" HEIGHT="1873">
						<TextLine ID="line_89" HPOS="1161" VPOS="210" WIDTH="8" HEIGHT="1873">
							<String ID="string_544" HPOS="1161" VPOS="210" WIDTH="8" HEIGHT="1873" WC="0.95" CONTENT=" "/>
						</TextLine>
					</TextBlock>
				</ComposedBlock>
				<ComposedBlock ID="cblock_35" HPOS="1029" VPOS="216" WIDTH="7" HEIGHT="1867">
					<TextBlock ID="block_37" HPOS="1029" VPOS="216" WIDTH="7" HEIGHT="1867">
						<TextLine ID="line_90" HPOS="1029" VPOS="216" WIDTH="7" HEIGHT="1867">
							<String ID="string_545" HPOS="1029" VPOS="216" WIDTH="7" HEIGHT="1867" WC="0.95" CONTENT=" "/>
						</TextLine>
					</TextBlock>
				</ComposedBlock>
				<ComposedBlock ID="cblock_36" HPOS="163" VPOS="216" WIDTH="8" HEIGHT="1870">
					<TextBlock ID="block_38" HPOS="163" VPOS="216" WIDTH="8" HEIGHT="1870">
						<TextLine ID="line_91" HPOS="163" VPOS="216" WIDTH="8" HEIGHT="1870">
							<String ID="string_546" HPOS="163" VPOS="216" WIDTH="8" HEIGHT="1870" WC="0.95" CONTENT=" "/>
						</TextLine>
					</TextBlock>
				</ComposedBlock>
				<ComposedBlock ID="cblock_37" HPOS="1418" VPOS="357" WIDTH="6" HEIGHT="1723">
					<TextBlock ID="block_39" HPOS="1418" VPOS="357" WIDTH="6" HEIGHT="1723">
						<TextLine ID="line_92" HPOS="1418" VPOS="357" WIDTH="6" HEIGHT="1723">
							<String ID="string_547" HPOS="1418" VPOS="357" WIDTH="6" HEIGHT="1723" WC="0.95" CONTENT=" "/>
						</TextLine>
					</TextBlock>
				</ComposedBlock>
				<ComposedBlock ID="cblock_38" HPOS="1215" VPOS="356" WIDTH="6" HEIGHT="1726">
					<TextBlock ID="block_40" HPOS="1215" VPOS="356" WIDTH="6" HEIGHT="1726">
						<TextLine ID="line_93" HPOS="1215" VPOS="356" WIDTH="6" HEIGHT="1726">
							<String ID="string_548" HPOS="1215" VPOS="356" WIDTH="6" HEIGHT="1726" WC="0.95" CONTENT=" "/>
						</TextLine>
					</TextBlock>
				</ComposedBlock>
				<ComposedBlock ID="cblock_39" HPOS="1311" VPOS="357" WIDTH="6" HEIGHT="1725">
					<TextBlock ID="block_41" HPOS="1311" VPOS="357" WIDTH="6" HEIGHT="1725">
						<TextLine ID="line_94" HPOS="1311" VPOS="357" WIDTH="6" HEIGHT="1725">
							<String ID="string_549" HPOS="1311" VPOS="357" WIDTH="6" HEIGHT="1725" WC="0.95" CONTENT=" "/>
						</TextLine>
					</TextBlock>
				</ComposedBlock>
				<ComposedBlock ID="cblock_40" HPOS="1353" VPOS="357" WIDTH="6" HEIGHT="1725">
					<TextBlock ID="block_42" HPOS="1353" VPOS="357" WIDTH="6" HEIGHT="1725">
						<TextLine ID="line_95" HPOS="1353" VPOS="357" WIDTH="6" HEIGHT="1725">
							<String ID="string_550" HPOS="1353" VPOS="357" WIDTH="6" HEIGHT="1725" WC="0.95" CONTENT=" "/>
						</TextLine>
					</TextBlock>
				</ComposedBlock>
				<ComposedBlock ID="cblock_41" HPOS="1668" VPOS="436" WIDTH="8" HEIGHT="1646">
					<TextBlock ID="block_43" HPOS="1668" VPOS="436" WIDTH="8" HEIGHT="1646">
						<TextLine ID="line_96" HPOS="1668" VPOS="436" WIDTH="8" HEIGHT="1646">
							<String ID="string_551" HPOS="1668" VPOS="436" WIDTH="8" HEIGHT="1646" WC="0.95" CONTENT=" "/>
						</TextLine>
					</TextBlock>
				</ComposedBlock>
				<ComposedBlock ID="cblock_42" HPOS="1770" VPOS="216" WIDTH="7" HEIGHT="1865">
					<TextBlock ID="block_44" HPOS="1770" VPOS="216" WIDTH="7" HEIGHT="1865">
						<TextLine ID="line_97" HPOS="1770" VPOS="216" WIDTH="7" HEIGHT="1865">
							<String ID="string_552" HPOS="1770" VPOS="216" WIDTH="7" HEIGHT="1865" WC="0.95" CONTENT=" "/>
						</TextLine>
					</TextBlock>
				</ComposedBlock>
			</PrintSpace>
		</Page>
	</Layout>
</alto>
