<?xml version="1.0" encoding="UTF-8"?>
<alto xmlns="http://www.loc.gov/standards/alto/ns-v3#" xmlns:xlink="http://www.w3.org/1999/xlink" xmlns:xsi="http://www.w3.org/2001/XMLSchema-instance" xsi:schemaLocation="http://www.loc.gov/standards/alto/ns-v3# http://www.loc.gov/alto/v3/alto-3-0.xsd">
	<Description>
		<MeasurementUnit>pixel</MeasurementUnit>
		<sourceImageInformation>
			<fileName></fileName>
		</sourceImageInformation>
		<OCRProcessing ID="OCR_0">
			<ocrProcessingStep>
				<processingSoftware>
					<softwareName>tesseract 4.1.1</softwareName>
				</processingSoftware>
			</ocrProcessingStep>
		</OCRProcessing>
	</Description>
	<Layout>
		<Page WIDTH="1847" HEIGHT="2357" PHYSICAL_IMG_NR="0" ID="page_0">
			<PrintSpace HPOS="0" VPOS="0" WIDTH="1847" HEIGHT="2357">
				<ComposedBlock ID="cblock_0" HPOS="175" VPOS="144" WIDTH="869" HEIGHT="22">
					<TextBlock ID="block_0" HPOS="175" VPOS="144" WIDTH="869" HEIGHT="22">
						<TextLine ID="line_0" HPOS="175" VPOS="144" WIDTH="869" HEIGHT="22">
							<String ID="string_0" HPOS="175" VPOS="144" WIDTH="43" HEIGHT="20" WC="0.96" CONTENT="418"/><SP WIDTH="690" VPOS="144" HPOS="218"/>
							<String ID="string_1" HPOS="908" VPOS="150" WIDTH="136" HEIGHT="16" WC="0.92" CONTENT="SAKREGISTER"/>
						</TextLine>
					</TextBlock>
				</ComposedBlock>
				<ComposedBlock ID="cblock_1" HPOS="178" VPOS="193" WIDTH="907" HEIGHT="10">
					<TextBlock ID="block_1" HPOS="178" VPOS="193" WIDTH="907" HEIGHT="10">
						<TextLine ID="line_1" HPOS="178" VPOS="193" WIDTH="907" HEIGHT="10">
							<String ID="string_2" HPOS="178" VPOS="193" WIDTH="907" HEIGHT="10" WC="0.95" CONTENT=" "/>
						</TextLine>
					</TextBlock>
				</ComposedBlock>
				<ComposedBlock ID="cblock_2" HPOS="178" VPOS="192" WIDTH="907" HEIGHT="11">
					<TextBlock ID="block_2" HPOS="178" VPOS="192" WIDTH="907" HEIGHT="11">
						<TextLine ID="line_2" HPOS="178" VPOS="192" WIDTH="907" HEIGHT="11">
							<String ID="string_3" HPOS="178" VPOS="192" WIDTH="907" HEIGHT="11" WC="0.95" CONTENT=" "/>
						</TextLine>
					</TextBlock>
				</ComposedBlock>
				<ComposedBlock ID="cblock_3" HPOS="193" VPOS="428" WIDTH="838" HEIGHT="88">
					<TextBlock ID="block_3" HPOS="193" VPOS="428" WIDTH="838" HEIGHT="88">
						<TextLine ID="line_3" HPOS="193" VPOS="428" WIDTH="135" HEIGHT="28">
							<String ID="string_4" HPOS="193" VPOS="428" WIDTH="67" HEIGHT="28" WC="0.94" CONTENT="Egna"/><SP WIDTH="16" VPOS="428" HPOS="260"/>
							<String ID="string_5" HPOS="276" VPOS="428" WIDTH="52" HEIGHT="21" WC="0.95" CONTENT="hem."/>
						</TextLine>
						<TextLine ID="line_4" HPOS="238" VPOS="458" WIDTH="793" HEIGHT="28">
							<String ID="string_6" HPOS="238" VPOS="459" WIDTH="69" HEIGHT="25" WC="0.96" CONTENT="heter;"/><SP WIDTH="17" VPOS="459" HPOS="307"/>
							<String ID="string_7" HPOS="324" VPOS="459" WIDTH="39" HEIGHT="20" WC="0.96" CONTENT="och"/><SP WIDTH="17" VPOS="459" HPOS="363"/>
							<String ID="string_8" HPOS="380" VPOS="459" WIDTH="84" HEIGHT="21" WC="0.96" CONTENT="anvisas"/><SP WIDTH="17" VPOS="459" HPOS="464"/>
							<String ID="string_9" HPOS="481" VPOS="459" WIDTH="69" HEIGHT="21" WC="0.92" CONTENT="såsom"/><SP WIDTH="16" VPOS="459" HPOS="550"/>
							<String ID="string_10" HPOS="566" VPOS="459" WIDTH="164" HEIGHT="27" WC="0.92" CONTENT="kapitalökning"/><SP WIDTH="14" VPOS="459" HPOS="730"/>
							<String ID="string_11" HPOS="744" VPOS="459" WIDTH="33" HEIGHT="20" WC="0.96" CONTENT="för"/><SP WIDTH="16" VPOS="459" HPOS="777"/>
							<String ID="string_12" HPOS="793" VPOS="458" WIDTH="64" HEIGHT="27" WC="0.96" CONTENT="sagda"/><SP WIDTH="16" VPOS="458" HPOS="857"/>
							<String ID="string_13" HPOS="873" VPOS="458" WIDTH="52" HEIGHT="21" WC="0.96" CONTENT="fond"/><SP WIDTH="11" VPOS="458" HPOS="925"/>
							<String ID="string_14" HPOS="936" VPOS="459" WIDTH="33" HEIGHT="20" WC="0.93" CONTENT="för"/><SP WIDTH="11" VPOS="459" HPOS="969"/>
							<String ID="string_15" HPOS="980" VPOS="458" WIDTH="51" HEIGHT="21" WC="0.90" CONTENT="bud-"/>
						</TextLine>
						<TextLine ID="line_5" HPOS="238" VPOS="488" WIDTH="721" HEIGHT="28">
							<String ID="string_16" HPOS="238" VPOS="490" WIDTH="81" HEIGHT="25" WC="0.91" CONTENT="getåret"/><SP WIDTH="17" VPOS="490" HPOS="319"/>
							<String ID="string_17" HPOS="336" VPOS="488" WIDTH="124" HEIGHT="28" WC="0.92" CONTENT="1930/1931"/><SP WIDTH="18" VPOS="488" HPOS="460"/>
							<String ID="string_18" HPOS="478" VPOS="491" WIDTH="30" HEIGHT="19" WC="0.93" CONTENT="ett"/><SP WIDTH="16" VPOS="491" HPOS="508"/>
							<String ID="string_19" HPOS="524" VPOS="489" WIDTH="214" HEIGHT="25" WC="0.91" CONTENT="reservationsanslag"/><SP WIDTH="16" VPOS="489" HPOS="738"/>
							<String ID="string_20" HPOS="754" VPOS="495" WIDTH="26" HEIGHT="14" WC="0.96" CONTENT="av"/><SP WIDTH="16" VPOS="495" HPOS="780"/>
							<String ID="string_21" HPOS="796" VPOS="488" WIDTH="64" HEIGHT="21" WC="0.83" CONTENT="8000"/><SP WIDTH="11" VPOS="488" HPOS="860"/>
							<String ID="string_22" HPOS="871" VPOS="488" WIDTH="41" HEIGHT="21" WC="0.95" CONTENT="000"/><SP WIDTH="17" VPOS="488" HPOS="912"/>
							<String ID="string_23" HPOS="929" VPOS="489" WIDTH="30" HEIGHT="20" WC="0.96" CONTENT="kr."/>
						</TextLine>
					</TextBlock>
				</ComposedBlock>
				<ComposedBlock ID="cblock_4" HPOS="195" VPOS="554" WIDTH="837" HEIGHT="327">
					<TextBlock ID="block_4" HPOS="195" VPOS="554" WIDTH="837" HEIGHT="327">
						<TextLine ID="line_6" HPOS="195" VPOS="554" WIDTH="837" HEIGHT="28">
							<String ID="string_24" HPOS="195" VPOS="560" WIDTH="10" HEIGHT="15" WC="0.92" CONTENT="2"/><SP WIDTH="18" VPOS="560" HPOS="205"/>
							<String ID="string_25" HPOS="223" VPOS="555" WIDTH="38" HEIGHT="20" WC="0.88" CONTENT="RD"/><SP WIDTH="16" VPOS="555" HPOS="261"/>
							<String ID="string_26" HPOS="277" VPOS="555" WIDTH="115" HEIGHT="26" WC="0.88" CONTENT="medgiver,"/><SP WIDTH="17" VPOS="555" HPOS="392"/>
							<String ID="string_27" HPOS="409" VPOS="557" WIDTH="31" HEIGHT="19" WC="0.96" CONTENT="att"/><SP WIDTH="11" VPOS="557" HPOS="440"/>
							<String ID="string_28" HPOS="451" VPOS="562" WIDTH="25" HEIGHT="14" WC="0.93" CONTENT="av"/><SP WIDTH="11" VPOS="562" HPOS="476"/>
							<String ID="string_29" HPOS="487" VPOS="555" WIDTH="280" HEIGHT="27" WC="0.91" CONTENT="jordförmedlingsfondens"/><SP WIDTH="11" VPOS="555" HPOS="767"/>
							<String ID="string_30" HPOS="778" VPOS="554" WIDTH="207" HEIGHT="28" WC="0.90" CONTENT="kapitalbehållning"/><SP WIDTH="11" VPOS="554" HPOS="985"/>
							<String ID="string_31" HPOS="996" VPOS="555" WIDTH="36" HEIGHT="20" WC="0.96" CONTENT="må"/>
						</TextLine>
						<TextLine ID="line_7" HPOS="238" VPOS="585" WIDTH="794" HEIGHT="27">
							<String ID="string_32" HPOS="238" VPOS="585" WIDTH="69" HEIGHT="21" WC="0.95" CONTENT="under"/><SP WIDTH="25" VPOS="585" HPOS="307"/>
							<String ID="string_33" HPOS="332" VPOS="585" WIDTH="54" HEIGHT="21" WC="0.92" CONTENT="1931"/><SP WIDTH="24" VPOS="585" HPOS="386"/>
							<String ID="string_34" HPOS="410" VPOS="585" WIDTH="33" HEIGHT="21" WC="0.92" CONTENT="till"/><SP WIDTH="16" VPOS="585" HPOS="443"/>
							<String ID="string_35" HPOS="459" VPOS="585" WIDTH="232" HEIGHT="27" WC="0.92" CONTENT="jordanskaffningslån"/><SP WIDTH="16" VPOS="585" HPOS="691"/>
							<String ID="string_36" HPOS="707" VPOS="585" WIDTH="23" HEIGHT="20" WC="0.93" CONTENT="åt"/><SP WIDTH="15" VPOS="585" HPOS="730"/>
							<String ID="string_37" HPOS="745" VPOS="585" WIDTH="245" HEIGHT="26" WC="0.91" CONTENT="hushållningssällskap"/><SP WIDTH="16" VPOS="585" HPOS="990"/>
							<String ID="string_38" HPOS="1006" VPOS="591" WIDTH="26" HEIGHT="14" WC="0.95" CONTENT="av"/>
						</TextLine>
						<TextLine ID="line_8" HPOS="238" VPOS="615" WIDTH="792" HEIGHT="28">
							<String ID="string_39" HPOS="238" VPOS="617" WIDTH="81" HEIGHT="19" WC="0.92" CONTENT="statens"/><SP WIDTH="12" VPOS="617" HPOS="319"/>
							<String ID="string_40" HPOS="331" VPOS="615" WIDTH="204" HEIGHT="28" WC="0.92" CONTENT="egnahemsstyrelse"/><SP WIDTH="11" VPOS="615" HPOS="535"/>
							<String ID="string_41" HPOS="546" VPOS="615" WIDTH="123" HEIGHT="27" WC="0.93" CONTENT="disponeras"/><SP WIDTH="11" VPOS="615" HPOS="669"/>
							<String ID="string_42" HPOS="680" VPOS="615" WIDTH="91" HEIGHT="26" WC="0.91" CONTENT="tillhopa"/><SP WIDTH="10" VPOS="615" HPOS="771"/>
							<String ID="string_43" HPOS="781" VPOS="615" WIDTH="63" HEIGHT="26" WC="0.95" CONTENT="högst"/><SP WIDTH="10" VPOS="615" HPOS="844"/>
							<String ID="string_44" HPOS="854" VPOS="616" WIDTH="23" HEIGHT="20" WC="0.95" CONTENT="så"/><SP WIDTH="8" VPOS="616" HPOS="877"/>
							<String ID="string_45" HPOS="885" VPOS="617" WIDTH="53" HEIGHT="19" WC="0.96" CONTENT="stort"/><SP WIDTH="9" VPOS="617" HPOS="938"/>
							<String ID="string_46" HPOS="947" VPOS="615" WIDTH="83" HEIGHT="26" WC="0.96" CONTENT="belopp,"/>
						</TextLine>
						<TextLine ID="line_9" HPOS="238" VPOS="644" WIDTH="794" HEIGHT="28">
							<String ID="string_47" HPOS="238" VPOS="647" WIDTH="32" HEIGHT="19" WC="0.95" CONTENT="att"/><SP WIDTH="23" VPOS="647" HPOS="270"/>
							<String ID="string_48" HPOS="293" VPOS="645" WIDTH="41" HEIGHT="21" WC="0.96" CONTENT="vad"/><SP WIDTH="23" VPOS="645" HPOS="334"/>
							<String ID="string_49" HPOS="357" VPOS="652" WIDTH="46" HEIGHT="14" WC="0.89" CONTENT="som"/><SP WIDTH="24" VPOS="652" HPOS="403"/>
							<String ID="string_50" HPOS="427" VPOS="646" WIDTH="80" HEIGHT="20" WC="0.89" CONTENT="utestår"/><SP WIDTH="15" VPOS="646" HPOS="507"/>
							<String ID="string_51" HPOS="522" VPOS="646" WIDTH="8" HEIGHT="20" WC="0.96" CONTENT="i"/><SP WIDTH="16" VPOS="646" HPOS="530"/>
							<String ID="string_52" HPOS="546" VPOS="645" WIDTH="106" HEIGHT="27" WC="0.93" CONTENT="beviljade"/><SP WIDTH="22" VPOS="645" HPOS="652"/>
							<String ID="string_53" HPOS="674" VPOS="645" WIDTH="233" HEIGHT="27" WC="0.92" CONTENT="jordanskaffningslån"/><SP WIDTH="23" VPOS="645" HPOS="907"/>
							<String ID="string_54" HPOS="930" VPOS="645" WIDTH="46" HEIGHT="20" WC="0.96" CONTENT="icke"/><SP WIDTH="19" VPOS="645" HPOS="976"/>
							<String ID="string_55" HPOS="995" VPOS="644" WIDTH="37" HEIGHT="21" WC="0.96" CONTENT="vid"/>
						</TextLine>
						<TextLine ID="line_10" HPOS="238" VPOS="675" WIDTH="793" HEIGHT="27">
							<String ID="string_56" HPOS="238" VPOS="676" WIDTH="64" HEIGHT="26" WC="0.96" CONTENT="något"/><SP WIDTH="19" VPOS="676" HPOS="302"/>
							<String ID="string_57" HPOS="321" VPOS="675" WIDTH="85" HEIGHT="21" WC="0.96" CONTENT="tillfälle"/><SP WIDTH="20" VPOS="675" HPOS="406"/>
							<String ID="string_58" HPOS="426" VPOS="675" WIDTH="68" HEIGHT="21" WC="0.96" CONTENT="under"/><SP WIDTH="18" VPOS="675" HPOS="494"/>
							<String ID="string_59" HPOS="512" VPOS="676" WIDTH="65" HEIGHT="25" WC="0.96" CONTENT="sagda"/><SP WIDTH="15" VPOS="676" HPOS="577"/>
							<String ID="string_60" HPOS="592" VPOS="676" WIDTH="23" HEIGHT="20" WC="0.96" CONTENT="år"/><SP WIDTH="14" VPOS="676" HPOS="615"/>
							<String ID="string_61" HPOS="629" VPOS="676" WIDTH="37" HEIGHT="20" WC="0.96" CONTENT="må"/><SP WIDTH="15" VPOS="676" HPOS="666"/>
							<String ID="string_62" HPOS="681" VPOS="676" WIDTH="105" HEIGHT="25" WC="0.96" CONTENT="överstiga"/><SP WIDTH="17" VPOS="676" HPOS="786"/>
							<String ID="string_63" HPOS="803" VPOS="675" WIDTH="62" HEIGHT="21" WC="0.96" CONTENT="1500"/><SP WIDTH="10" VPOS="675" HPOS="865"/>
							<String ID="string_64" HPOS="875" VPOS="675" WIDTH="42" HEIGHT="20" WC="0.93" CONTENT="000"/><SP WIDTH="16" VPOS="675" HPOS="917"/>
							<String ID="string_65" HPOS="933" VPOS="675" WIDTH="41" HEIGHT="24" WC="0.92" CONTENT="kr.;"/><SP WIDTH="18" VPOS="675" HPOS="974"/>
							<String ID="string_66" HPOS="992" VPOS="675" WIDTH="39" HEIGHT="20" WC="0.96" CONTENT="och"/>
						</TextLine>
						<TextLine ID="line_11" HPOS="238" VPOS="705" WIDTH="793" HEIGHT="27">
							<String ID="string_67" HPOS="238" VPOS="705" WIDTH="109" HEIGHT="27" WC="0.91" CONTENT="medgiver"/><SP WIDTH="15" VPOS="705" HPOS="347"/>
							<String ID="string_68" HPOS="362" VPOS="706" WIDTH="45" HEIGHT="24" WC="0.92" CONTENT="RD,"/><SP WIDTH="17" VPOS="706" HPOS="407"/>
							<String ID="string_69" HPOS="424" VPOS="708" WIDTH="31" HEIGHT="18" WC="0.96" CONTENT="att"/><SP WIDTH="16" VPOS="708" HPOS="455"/>
							<String ID="string_70" HPOS="471" VPOS="706" WIDTH="41" HEIGHT="20" WC="0.96" CONTENT="den"/><SP WIDTH="16" VPOS="706" HPOS="512"/>
							<String ID="string_71" HPOS="528" VPOS="705" WIDTH="34" HEIGHT="21" WC="0.96" CONTENT="del"/><SP WIDTH="17" VPOS="705" HPOS="562"/>
							<String ID="string_72" HPOS="579" VPOS="712" WIDTH="25" HEIGHT="14" WC="0.93" CONTENT="av"/><SP WIDTH="16" VPOS="712" HPOS="604"/>
							<String ID="string_73" HPOS="620" VPOS="705" WIDTH="281" HEIGHT="27" WC="0.91" CONTENT="jordförmedlingsfondens"/><SP WIDTH="16" VPOS="705" HPOS="901"/>
							<String ID="string_74" HPOS="917" VPOS="705" WIDTH="33" HEIGHT="21" WC="0.96" CONTENT="till"/><SP WIDTH="11" VPOS="705" HPOS="950"/>
							<String ID="string_75" HPOS="961" VPOS="712" WIDTH="29" HEIGHT="20" WC="0.93" CONTENT="ny"/><SP WIDTH="11" VPOS="712" HPOS="990"/>
							<String ID="string_76" HPOS="1001" VPOS="707" WIDTH="30" HEIGHT="18" WC="0.92" CONTENT="ut-"/>
						</TextLine>
						<TextLine ID="line_12" HPOS="238" VPOS="735" WIDTH="793" HEIGHT="27">
							<String ID="string_77" HPOS="238" VPOS="735" WIDTH="73" HEIGHT="26" WC="0.93" CONTENT="låning"/><SP WIDTH="23" VPOS="735" HPOS="311"/>
							<String ID="string_78" HPOS="334" VPOS="735" WIDTH="123" HEIGHT="27" WC="0.91" CONTENT="disponibla"/><SP WIDTH="22" VPOS="735" HPOS="457"/>
							<String ID="string_79" HPOS="479" VPOS="736" WIDTH="178" HEIGHT="26" WC="0.91" CONTENT="kapitaltillgång,"/><SP WIDTH="24" VPOS="736" HPOS="657"/>
							<String ID="string_80" HPOS="681" VPOS="742" WIDTH="46" HEIGHT="14" WC="0.96" CONTENT="som"/><SP WIDTH="23" VPOS="742" HPOS="727"/>
							<String ID="string_81" HPOS="750" VPOS="736" WIDTH="20" HEIGHT="26" WC="0.96" CONTENT="ej"/><SP WIDTH="21" VPOS="736" HPOS="770"/>
							<String ID="string_82" HPOS="791" VPOS="736" WIDTH="84" HEIGHT="20" WC="0.96" CONTENT="anvisas"/><SP WIDTH="16" VPOS="736" HPOS="875"/>
							<String ID="string_83" HPOS="891" VPOS="736" WIDTH="69" HEIGHT="20" WC="0.92" CONTENT="såsom"/><SP WIDTH="17" VPOS="736" HPOS="960"/>
							<String ID="string_84" HPOS="977" VPOS="735" WIDTH="54" HEIGHT="27" WC="0.90" CONTENT="jord-"/>
						</TextLine>
						<TextLine ID="line_13" HPOS="238" VPOS="764" WIDTH="794" HEIGHT="28">
							<String ID="string_85" HPOS="238" VPOS="765" WIDTH="191" HEIGHT="27" WC="0.91" CONTENT="anskaffningslån,"/><SP WIDTH="12" VPOS="765" HPOS="429"/>
							<String ID="string_86" HPOS="441" VPOS="766" WIDTH="36" HEIGHT="20" WC="0.96" CONTENT="må"/><SP WIDTH="10" VPOS="766" HPOS="477"/>
							<String ID="string_87" HPOS="487" VPOS="766" WIDTH="68" HEIGHT="20" WC="0.96" CONTENT="under"/><SP WIDTH="9" VPOS="766" HPOS="555"/>
							<String ID="string_88" HPOS="564" VPOS="765" WIDTH="56" HEIGHT="21" WC="0.96" CONTENT="1931"/><SP WIDTH="10" VPOS="765" HPOS="620"/>
							<String ID="string_89" HPOS="630" VPOS="772" WIDTH="26" HEIGHT="14" WC="0.93" CONTENT="av"/><SP WIDTH="8" VPOS="772" HPOS="656"/>
							<String ID="string_90" HPOS="664" VPOS="766" WIDTH="62" HEIGHT="20" WC="0.93" CONTENT="KM:t"/><SP WIDTH="7" VPOS="766" HPOS="726"/>
							<String ID="string_91" HPOS="733" VPOS="765" WIDTH="109" HEIGHT="21" WC="0.96" CONTENT="användas"/><SP WIDTH="9" VPOS="765" HPOS="842"/>
							<String ID="string_92" HPOS="851" VPOS="765" WIDTH="33" HEIGHT="21" WC="0.96" CONTENT="för"/><SP WIDTH="8" VPOS="765" HPOS="884"/>
							<String ID="string_93" HPOS="892" VPOS="764" WIDTH="140" HEIGHT="22" WC="0.96" CONTENT="utlämnande"/>
						</TextLine>
						<TextLine ID="line_14" HPOS="237" VPOS="795" WIDTH="794" HEIGHT="27">
							<String ID="string_94" HPOS="237" VPOS="802" WIDTH="26" HEIGHT="14" WC="0.88" CONTENT="av"/><SP WIDTH="24" VPOS="802" HPOS="263"/>
							<String ID="string_95" HPOS="287" VPOS="795" WIDTH="115" HEIGHT="26" WC="0.88" CONTENT="förlagslån"/><SP WIDTH="20" VPOS="795" HPOS="402"/>
							<String ID="string_96" HPOS="422" VPOS="796" WIDTH="22" HEIGHT="20" WC="0.96" CONTENT="åt"/><SP WIDTH="19" VPOS="796" HPOS="444"/>
							<String ID="string_97" HPOS="463" VPOS="795" WIDTH="121" HEIGHT="26" WC="0.96" CONTENT="aktiebolag"/><SP WIDTH="18" VPOS="795" HPOS="584"/>
							<String ID="string_98" HPOS="602" VPOS="796" WIDTH="39" HEIGHT="20" WC="0.96" CONTENT="och"/><SP WIDTH="16" VPOS="796" HPOS="641"/>
							<String ID="string_99" HPOS="657" VPOS="796" WIDTH="132" HEIGHT="26" WC="0.96" CONTENT="föreningar;"/><SP WIDTH="16" VPOS="796" HPOS="789"/>
							<String ID="string_100" HPOS="805" VPOS="795" WIDTH="40" HEIGHT="21" WC="0.96" CONTENT="och"/><SP WIDTH="16" VPOS="795" HPOS="845"/>
							<String ID="string_101" HPOS="861" VPOS="795" WIDTH="84" HEIGHT="21" WC="0.96" CONTENT="anvisas"/><SP WIDTH="17" VPOS="795" HPOS="945"/>
							<String ID="string_102" HPOS="962" VPOS="796" WIDTH="69" HEIGHT="19" WC="0.96" CONTENT="såsom"/>
						</TextLine>
						<TextLine ID="line_15" HPOS="237" VPOS="824" WIDTH="795" HEIGHT="29">
							<String ID="string_103" HPOS="237" VPOS="825" WIDTH="164" HEIGHT="26" WC="0.91" CONTENT="kapitalökning"/><SP WIDTH="18" VPOS="825" HPOS="401"/>
							<String ID="string_104" HPOS="419" VPOS="826" WIDTH="33" HEIGHT="20" WC="0.96" CONTENT="för"/><SP WIDTH="19" VPOS="826" HPOS="452"/>
							<String ID="string_105" HPOS="471" VPOS="825" WIDTH="64" HEIGHT="27" WC="0.96" CONTENT="sagda"/><SP WIDTH="18" VPOS="825" HPOS="535"/>
							<String ID="string_106" HPOS="553" VPOS="825" WIDTH="53" HEIGHT="21" WC="0.95" CONTENT="fond"/><SP WIDTH="19" VPOS="825" HPOS="606"/>
							<String ID="string_107" HPOS="625" VPOS="826" WIDTH="33" HEIGHT="20" WC="0.96" CONTENT="för"/><SP WIDTH="15" VPOS="826" HPOS="658"/>
							<String ID="string_108" HPOS="673" VPOS="825" WIDTH="125" HEIGHT="27" WC="0.93" CONTENT="budgetåret"/><SP WIDTH="17" VPOS="825" HPOS="798"/>
							<String ID="string_109" HPOS="815" VPOS="824" WIDTH="125" HEIGHT="29" WC="0.92" CONTENT="1930/1931"/><SP WIDTH="17" VPOS="824" HPOS="940"/>
							<String ID="string_110" HPOS="957" VPOS="827" WIDTH="31" HEIGHT="18" WC="0.93" CONTENT="ett"/><SP WIDTH="15" VPOS="827" HPOS="988"/>
							<String ID="string_111" HPOS="1003" VPOS="831" WIDTH="29" HEIGHT="14" WC="0.88" CONTENT="re-"/>
						</TextLine>
						<TextLine ID="line_16" HPOS="237" VPOS="855" WIDTH="393" HEIGHT="26">
							<String ID="string_112" HPOS="237" VPOS="856" WIDTH="193" HEIGHT="25" WC="0.90" CONTENT="servationsanslag"/><SP WIDTH="16" VPOS="856" HPOS="430"/>
							<String ID="string_113" HPOS="446" VPOS="863" WIDTH="26" HEIGHT="13" WC="0.96" CONTENT="av"/><SP WIDTH="16" VPOS="863" HPOS="472"/>
							<String ID="string_114" HPOS="488" VPOS="855" WIDTH="42" HEIGHT="22" WC="0.95" CONTENT="600"/><SP WIDTH="10" VPOS="855" HPOS="530"/>
							<String ID="string_115" HPOS="540" VPOS="855" WIDTH="43" HEIGHT="21" WC="0.95" CONTENT="000"/><SP WIDTH="16" VPOS="855" HPOS="583"/>
							<String ID="string_116" HPOS="599" VPOS="856" WIDTH="31" HEIGHT="20" WC="0.95" CONTENT="kr."/>
						</TextLine>
					</TextBlock>
				</ComposedBlock>
				<ComposedBlock ID="cblock_5" HPOS="194" VPOS="926" WIDTH="9" HEIGHT="15">
					<TextBlock ID="block_5" HPOS="194" VPOS="926" WIDTH="9" HEIGHT="15">
						<TextLine ID="line_17" HPOS="194" VPOS="926" WIDTH="9" HEIGHT="15">
							<String ID="string_117" HPOS="194" VPOS="926" WIDTH="9" HEIGHT="15" WC="0.63" CONTENT="vw"/>
						</TextLine>
					</TextBlock>
				</ComposedBlock>
				<ComposedBlock ID="cblock_6" HPOS="222" VPOS="920" WIDTH="810" HEIGHT="58">
					<TextBlock ID="block_6" HPOS="222" VPOS="920" WIDTH="810" HEIGHT="58">
						<TextLine ID="line_18" HPOS="222" VPOS="920" WIDTH="810" HEIGHT="29">
							<String ID="string_118" HPOS="222" VPOS="921" WIDTH="41" HEIGHT="20" WC="0.96" CONTENT="Till"/><SP WIDTH="17" VPOS="921" HPOS="263"/>
							<String ID="string_119" HPOS="280" VPOS="923" WIDTH="80" HEIGHT="19" WC="0.93" CONTENT="statens"/><SP WIDTH="16" VPOS="923" HPOS="360"/>
							<String ID="string_120" HPOS="376" VPOS="921" WIDTH="194" HEIGHT="28" WC="0.91" CONTENT="egnahemstyrelse"/><SP WIDTH="16" VPOS="921" HPOS="570"/>
							<String ID="string_121" HPOS="586" VPOS="922" WIDTH="84" HEIGHT="20" WC="0.96" CONTENT="anvisas"/><SP WIDTH="14" VPOS="922" HPOS="670"/>
							<String ID="string_122" HPOS="684" VPOS="922" WIDTH="33" HEIGHT="20" WC="0.96" CONTENT="för"/><SP WIDTH="10" VPOS="922" HPOS="717"/>
							<String ID="string_123" HPOS="727" VPOS="921" WIDTH="124" HEIGHT="26" WC="0.93" CONTENT="budgetåret"/><SP WIDTH="13" VPOS="921" HPOS="851"/>
							<String ID="string_124" HPOS="864" VPOS="920" WIDTH="125" HEIGHT="28" WC="0.92" CONTENT="1930/1931"/><SP WIDTH="13" VPOS="920" HPOS="989"/>
							<String ID="string_125" HPOS="1002" VPOS="922" WIDTH="30" HEIGHT="19" WC="0.96" CONTENT="ett"/>
						</TextLine>
						<TextLine ID="line_19" HPOS="237" VPOS="951" WIDTH="426" HEIGHT="27">
							<String ID="string_126" HPOS="237" VPOS="953" WIDTH="60" HEIGHT="19" WC="0.93" CONTENT="extra"/><SP WIDTH="16" VPOS="953" HPOS="297"/>
							<String ID="string_127" HPOS="313" VPOS="952" WIDTH="165" HEIGHT="26" WC="0.92" CONTENT="förslagsanslag"/><SP WIDTH="16" VPOS="952" HPOS="478"/>
							<String ID="string_128" HPOS="494" VPOS="959" WIDTH="26" HEIGHT="14" WC="0.96" CONTENT="av"/><SP WIDTH="16" VPOS="959" HPOS="520"/>
							<String ID="string_129" HPOS="536" VPOS="951" WIDTH="80" HEIGHT="21" WC="0.95" CONTENT="39500"/><SP WIDTH="16" VPOS="951" HPOS="616"/>
							<String ID="string_130" HPOS="632" VPOS="952" WIDTH="31" HEIGHT="20" WC="0.95" CONTENT="kr."/>
						</TextLine>
					</TextBlock>
				</ComposedBlock>
				<ComposedBlock ID="cblock_7" HPOS="194" VPOS="1022" WIDTH="9" HEIGHT="16">
					<TextBlock ID="block_7" HPOS="194" VPOS="1022" WIDTH="9" HEIGHT="16">
						<TextLine ID="line_20" HPOS="194" VPOS="1022" WIDTH="9" HEIGHT="16">
							<String ID="string_131" HPOS="194" VPOS="1022" WIDTH="9" HEIGHT="16" WC="0.0" CONTENT="-"/>
						</TextLine>
					</TextBlock>
				</ComposedBlock>
				<ComposedBlock ID="cblock_8" HPOS="222" VPOS="1017" WIDTH="809" HEIGHT="86">
					<TextBlock ID="block_8" HPOS="222" VPOS="1017" WIDTH="809" HEIGHT="86">
						<TextLine ID="line_21" HPOS="222" VPOS="1017" WIDTH="809" HEIGHT="26">
							<String ID="string_132" HPOS="222" VPOS="1018" WIDTH="40" HEIGHT="20" WC="0.96" CONTENT="För"/><SP WIDTH="23" VPOS="1018" HPOS="262"/>
							<String ID="string_133" HPOS="285" VPOS="1018" WIDTH="141" HEIGHT="20" WC="0.96" CONTENT="utlämnande"/><SP WIDTH="24" VPOS="1018" HPOS="426"/>
							<String ID="string_134" HPOS="450" VPOS="1018" WIDTH="33" HEIGHT="20" WC="0.95" CONTENT="för"/><SP WIDTH="24" VPOS="1018" HPOS="483"/>
							<String ID="string_135" HPOS="507" VPOS="1017" WIDTH="56" HEIGHT="21" WC="0.95" CONTENT="1930"/><SP WIDTH="20" VPOS="1017" HPOS="563"/>
							<String ID="string_136" HPOS="583" VPOS="1024" WIDTH="26" HEIGHT="14" WC="0.93" CONTENT="av"/><SP WIDTH="18" VPOS="1024" HPOS="609"/>
							<String ID="string_137" HPOS="627" VPOS="1017" WIDTH="217" HEIGHT="26" WC="0.92" CONTENT="förvaltningsbidrag"/><SP WIDTH="16" VPOS="1017" HPOS="844"/>
							<String ID="string_138" HPOS="860" VPOS="1017" WIDTH="33" HEIGHT="21" WC="0.93" CONTENT="till"/><SP WIDTH="16" VPOS="1017" HPOS="893"/>
							<String ID="string_139" HPOS="909" VPOS="1017" WIDTH="122" HEIGHT="26" WC="0.91" CONTENT="egnahems-"/>
						</TextLine>
						<TextLine ID="line_22" HPOS="236" VPOS="1046" WIDTH="795" HEIGHT="29">
							<String ID="string_140" HPOS="236" VPOS="1047" WIDTH="194" HEIGHT="21" WC="0.92" CONTENT="låneförmedlarna"/><SP WIDTH="16" VPOS="1047" HPOS="430"/>
							<String ID="string_141" HPOS="446" VPOS="1048" WIDTH="85" HEIGHT="21" WC="0.95" CONTENT="anvisas"/><SP WIDTH="15" VPOS="1048" HPOS="531"/>
							<String ID="string_142" HPOS="546" VPOS="1048" WIDTH="33" HEIGHT="20" WC="0.96" CONTENT="för"/><SP WIDTH="16" VPOS="1048" HPOS="579"/>
							<String ID="string_143" HPOS="595" VPOS="1047" WIDTH="125" HEIGHT="26" WC="0.93" CONTENT="budgetåret"/><SP WIDTH="18" VPOS="1047" HPOS="720"/>
							<String ID="string_144" HPOS="738" VPOS="1046" WIDTH="124" HEIGHT="29" WC="0.92" CONTENT="1930/1931"/><SP WIDTH="18" VPOS="1046" HPOS="862"/>
							<String ID="string_145" HPOS="880" VPOS="1049" WIDTH="30" HEIGHT="18" WC="0.96" CONTENT="ett"/><SP WIDTH="11" VPOS="1049" HPOS="910"/>
							<String ID="string_146" HPOS="921" VPOS="1049" WIDTH="60" HEIGHT="18" WC="0.92" CONTENT="extra"/><SP WIDTH="11" VPOS="1049" HPOS="981"/>
							<String ID="string_147" HPOS="992" VPOS="1047" WIDTH="39" HEIGHT="19" WC="0.92" CONTENT="för-"/>
						</TextLine>
						<TextLine ID="line_23" HPOS="236" VPOS="1077" WIDTH="333" HEIGHT="26">
							<String ID="string_148" HPOS="236" VPOS="1077" WIDTH="131" HEIGHT="26" WC="0.90" CONTENT="slagsanslag"/><SP WIDTH="16" VPOS="1077" HPOS="367"/>
							<String ID="string_149" HPOS="383" VPOS="1084" WIDTH="26" HEIGHT="14" WC="0.96" CONTENT="av"/><SP WIDTH="17" VPOS="1084" HPOS="409"/>
							<String ID="string_150" HPOS="426" VPOS="1077" WIDTH="42" HEIGHT="21" WC="0.96" CONTENT="985"/><SP WIDTH="11" VPOS="1077" HPOS="468"/>
							<String ID="string_151" HPOS="479" VPOS="1077" WIDTH="42" HEIGHT="20" WC="0.96" CONTENT="000"/><SP WIDTH="16" VPOS="1077" HPOS="521"/>
							<String ID="string_152" HPOS="537" VPOS="1077" WIDTH="32" HEIGHT="21" WC="0.96" CONTENT="kr."/>
						</TextLine>
					</TextBlock>
				</ComposedBlock>
				<ComposedBlock ID="cblock_9" HPOS="193" VPOS="1142" WIDTH="10" HEIGHT="15">
					<TextBlock ID="block_9" HPOS="193" VPOS="1142" WIDTH="10" HEIGHT="15">
						<TextLine ID="line_24" HPOS="193" VPOS="1142" WIDTH="10" HEIGHT="15">
							<String ID="string_153" HPOS="193" VPOS="1142" WIDTH="10" HEIGHT="15" WC="0.17" CONTENT="&amp;"/>
						</TextLine>
					</TextBlock>
				</ComposedBlock>
				<ComposedBlock ID="cblock_10" HPOS="222" VPOS="1136" WIDTH="810" HEIGHT="87">
					<TextBlock ID="block_10" HPOS="222" VPOS="1136" WIDTH="810" HEIGHT="87">
						<TextLine ID="line_25" HPOS="222" VPOS="1136" WIDTH="810" HEIGHT="27">
							<String ID="string_154" HPOS="222" VPOS="1138" WIDTH="40" HEIGHT="19" WC="0.96" CONTENT="För"/><SP WIDTH="15" VPOS="1138" HPOS="262"/>
							<String ID="string_155" HPOS="277" VPOS="1137" WIDTH="142" HEIGHT="21" WC="0.96" CONTENT="utlämnande"/><SP WIDTH="15" VPOS="1137" HPOS="419"/>
							<String ID="string_156" HPOS="434" VPOS="1137" WIDTH="34" HEIGHT="21" WC="0.97" CONTENT="för"/><SP WIDTH="17" VPOS="1137" HPOS="468"/>
							<String ID="string_157" HPOS="485" VPOS="1137" WIDTH="56" HEIGHT="21" WC="0.96" CONTENT="1930"/><SP WIDTH="17" VPOS="1137" HPOS="541"/>
							<String ID="string_158" HPOS="558" VPOS="1144" WIDTH="26" HEIGHT="14" WC="0.96" CONTENT="av"/><SP WIDTH="16" VPOS="1144" HPOS="584"/>
							<String ID="string_159" HPOS="600" VPOS="1137" WIDTH="128" HEIGHT="26" WC="0.96" CONTENT="statsbidrag"/><SP WIDTH="14" VPOS="1137" HPOS="728"/>
							<String ID="string_160" HPOS="742" VPOS="1137" WIDTH="33" HEIGHT="20" WC="0.93" CONTENT="till"/><SP WIDTH="11" VPOS="1137" HPOS="775"/>
							<String ID="string_161" HPOS="786" VPOS="1136" WIDTH="246" HEIGHT="26" WC="0.90" CONTENT="hushållningssällskap"/>
						</TextLine>
						<TextLine ID="line_26" HPOS="235" VPOS="1165" WIDTH="795" HEIGHT="28">
							<String ID="string_162" HPOS="235" VPOS="1167" WIDTH="34" HEIGHT="20" WC="0.93" CONTENT="för"/><SP WIDTH="15" VPOS="1167" HPOS="269"/>
							<String ID="string_163" HPOS="284" VPOS="1167" WIDTH="335" HEIGHT="26" WC="0.91" CONTENT="jordanskaffningsverksamhet"/><SP WIDTH="11" VPOS="1167" HPOS="619"/>
							<String ID="string_164" HPOS="630" VPOS="1167" WIDTH="84" HEIGHT="21" WC="0.96" CONTENT="anvisas"/><SP WIDTH="12" VPOS="1167" HPOS="714"/>
							<String ID="string_165" HPOS="726" VPOS="1167" WIDTH="32" HEIGHT="20" WC="0.96" CONTENT="för"/><SP WIDTH="11" VPOS="1167" HPOS="758"/>
							<String ID="string_166" HPOS="769" VPOS="1166" WIDTH="125" HEIGHT="26" WC="0.93" CONTENT="budgetåret"/><SP WIDTH="12" VPOS="1166" HPOS="894"/>
							<String ID="string_167" HPOS="906" VPOS="1165" WIDTH="124" HEIGHT="28" WC="0.74" CONTENT="1930/1931"/>
						</TextLine>
						<TextLine ID="line_27" HPOS="236" VPOS="1196" WIDTH="472" HEIGHT="27">
							<String ID="string_168" HPOS="236" VPOS="1199" WIDTH="30" HEIGHT="18" WC="0.96" CONTENT="ett"/><SP WIDTH="16" VPOS="1199" HPOS="266"/>
							<String ID="string_169" HPOS="282" VPOS="1199" WIDTH="60" HEIGHT="18" WC="0.93" CONTENT="extra"/><SP WIDTH="15" VPOS="1199" HPOS="342"/>
							<String ID="string_170" HPOS="357" VPOS="1197" WIDTH="165" HEIGHT="26" WC="0.90" CONTENT="förslagsanslag"/><SP WIDTH="15" VPOS="1197" HPOS="522"/>
							<String ID="string_171" HPOS="537" VPOS="1204" WIDTH="26" HEIGHT="14" WC="0.96" CONTENT="av"/><SP WIDTH="17" VPOS="1204" HPOS="563"/>
							<String ID="string_172" HPOS="580" VPOS="1197" WIDTH="27" HEIGHT="20" WC="0.92" CONTENT="30"/><SP WIDTH="10" VPOS="1197" HPOS="607"/>
							<String ID="string_173" HPOS="617" VPOS="1196" WIDTH="43" HEIGHT="21" WC="0.92" CONTENT="000"/><SP WIDTH="16" VPOS="1196" HPOS="660"/>
							<String ID="string_174" HPOS="676" VPOS="1197" WIDTH="32" HEIGHT="20" WC="0.96" CONTENT="kr."/>
						</TextLine>
					</TextBlock>
				</ComposedBlock>
				<ComposedBlock ID="cblock_11" HPOS="193" VPOS="1254" WIDTH="839" HEIGHT="89">
					<TextBlock ID="block_11" HPOS="193" VPOS="1254" WIDTH="839" HEIGHT="89">
						<TextLine ID="line_28" HPOS="193" VPOS="1254" WIDTH="839" HEIGHT="29">
							<String ID="string_175" HPOS="193" VPOS="1261" WIDTH="10" HEIGHT="16" WC="0.96" CONTENT="6"/><SP WIDTH="18" VPOS="1261" HPOS="203"/>
							<String ID="string_176" HPOS="221" VPOS="1257" WIDTH="41" HEIGHT="19" WC="0.96" CONTENT="För"/><SP WIDTH="19" VPOS="1257" HPOS="262"/>
							<String ID="string_177" HPOS="281" VPOS="1256" WIDTH="141" HEIGHT="21" WC="0.96" CONTENT="utlämnande"/><SP WIDTH="19" VPOS="1256" HPOS="422"/>
							<String ID="string_178" HPOS="441" VPOS="1264" WIDTH="27" HEIGHT="13" WC="0.92" CONTENT="av"/><SP WIDTH="19" VPOS="1264" HPOS="468"/>
							<String ID="string_179" HPOS="487" VPOS="1257" WIDTH="118" HEIGHT="26" WC="0.92" CONTENT="premielån"/><SP WIDTH="19" VPOS="1257" HPOS="605"/>
							<String ID="string_180" HPOS="624" VPOS="1256" WIDTH="33" HEIGHT="21" WC="0.93" CONTENT="till"/><SP WIDTH="20" VPOS="1256" HPOS="657"/>
							<String ID="string_181" HPOS="677" VPOS="1256" WIDTH="223" HEIGHT="26" WC="0.91" CONTENT="egnahemslåntagare"/><SP WIDTH="19" VPOS="1256" HPOS="900"/>
							<String ID="string_182" HPOS="919" VPOS="1256" WIDTH="33" HEIGHT="19" WC="0.93" CONTENT="för"/><SP WIDTH="16" VPOS="1256" HPOS="952"/>
							<String ID="string_183" HPOS="968" VPOS="1254" WIDTH="64" HEIGHT="27" WC="0.91" CONTENT="nyod-"/>
						</TextLine>
						<TextLine ID="line_29" HPOS="237" VPOS="1284" WIDTH="792" HEIGHT="29">
							<String ID="string_184" HPOS="237" VPOS="1286" WIDTH="62" HEIGHT="26" WC="0.92" CONTENT="lings-"/><SP WIDTH="17" VPOS="1286" HPOS="299"/>
							<String ID="string_185" HPOS="316" VPOS="1287" WIDTH="40" HEIGHT="20" WC="0.93" CONTENT="och"/><SP WIDTH="16" VPOS="1287" HPOS="356"/>
							<String ID="string_186" HPOS="372" VPOS="1287" WIDTH="229" HEIGHT="26" WC="0.91" CONTENT="nybyggnadsarbeten"/><SP WIDTH="17" VPOS="1287" HPOS="601"/>
							<String ID="string_187" HPOS="618" VPOS="1286" WIDTH="85" HEIGHT="21" WC="0.95" CONTENT="anvisas"/><SP WIDTH="16" VPOS="1286" HPOS="703"/>
							<String ID="string_188" HPOS="719" VPOS="1286" WIDTH="33" HEIGHT="20" WC="0.96" CONTENT="för"/><SP WIDTH="16" VPOS="1286" HPOS="752"/>
							<String ID="string_189" HPOS="768" VPOS="1285" WIDTH="126" HEIGHT="27" WC="0.93" CONTENT="budgetåret"/><SP WIDTH="12" VPOS="1285" HPOS="894"/>
							<String ID="string_190" HPOS="906" VPOS="1284" WIDTH="123" HEIGHT="28" WC="0.92" CONTENT="1930/1931"/>
						</TextLine>
						<TextLine ID="line_30" HPOS="237" VPOS="1315" WIDTH="538" HEIGHT="28">
							<String ID="string_191" HPOS="237" VPOS="1318" WIDTH="31" HEIGHT="18" WC="0.95" CONTENT="ett"/><SP WIDTH="15" VPOS="1318" HPOS="268"/>
							<String ID="string_192" HPOS="283" VPOS="1318" WIDTH="60" HEIGHT="18" WC="0.93" CONTENT="extra"/><SP WIDTH="16" VPOS="1318" HPOS="343"/>
							<String ID="string_193" HPOS="359" VPOS="1316" WIDTH="216" HEIGHT="27" WC="0.91" CONTENT="reservationsanslag"/><SP WIDTH="16" VPOS="1316" HPOS="575"/>
							<String ID="string_194" HPOS="591" VPOS="1323" WIDTH="26" HEIGHT="13" WC="0.96" CONTENT="av"/><SP WIDTH="17" VPOS="1323" HPOS="617"/>
							<String ID="string_195" HPOS="634" VPOS="1316" WIDTH="42" HEIGHT="20" WC="0.95" CONTENT="900"/><SP WIDTH="10" VPOS="1316" HPOS="676"/>
							<String ID="string_196" HPOS="686" VPOS="1315" WIDTH="42" HEIGHT="21" WC="0.95" CONTENT="000"/><SP WIDTH="17" VPOS="1315" HPOS="728"/>
							<String ID="string_197" HPOS="745" VPOS="1316" WIDTH="30" HEIGHT="20" WC="0.95" CONTENT="kr."/>
						</TextLine>
					</TextBlock>
				</ComposedBlock>
				<ComposedBlock ID="cblock_12" HPOS="195" VPOS="1375" WIDTH="838" HEIGHT="257">
					<TextBlock ID="block_12" HPOS="195" VPOS="1375" WIDTH="838" HEIGHT="28">
						<TextLine ID="line_31" HPOS="195" VPOS="1375" WIDTH="838" HEIGHT="28">
							<String ID="string_198" HPOS="195" VPOS="1380" WIDTH="9" HEIGHT="16" WC="0.96" CONTENT="7"/><SP WIDTH="19" VPOS="1380" HPOS="204"/>
							<String ID="string_199" HPOS="223" VPOS="1376" WIDTH="74" HEIGHT="20" WC="0.95" CONTENT="Såsom"/><SP WIDTH="25" VPOS="1376" HPOS="297"/>
							<String ID="string_200" HPOS="322" VPOS="1376" WIDTH="129" HEIGHT="26" WC="0.95" CONTENT="statsbidrag"/><SP WIDTH="22" VPOS="1376" HPOS="451"/>
							<String ID="string_201" HPOS="473" VPOS="1376" WIDTH="33" HEIGHT="21" WC="0.96" CONTENT="till"/><SP WIDTH="25" VPOS="1376" HPOS="506"/>
							<String ID="string_202" HPOS="531" VPOS="1376" WIDTH="111" HEIGHT="27" WC="0.96" CONTENT="byggande"/><SP WIDTH="24" VPOS="1376" HPOS="642"/>
							<String ID="string_203" HPOS="666" VPOS="1383" WIDTH="25" HEIGHT="13" WC="0.93" CONTENT="av"/><SP WIDTH="20" VPOS="1383" HPOS="691"/>
							<String ID="string_204" HPOS="711" VPOS="1376" WIDTH="174" HEIGHT="26" WC="0.91" CONTENT="nybyggesvägar"/><SP WIDTH="15" VPOS="1376" HPOS="885"/>
							<String ID="string_205" HPOS="900" VPOS="1375" WIDTH="85" HEIGHT="20" WC="0.96" CONTENT="anvisas"/><SP WIDTH="15" VPOS="1375" HPOS="985"/>
							<String ID="string_206" HPOS="1000" VPOS="1375" WIDTH="33" HEIGHT="19" WC="0.96" CONTENT="för"/>
						</TextLine>
					</TextBlock>
					<TextBlock ID="block_13" HPOS="237" VPOS="1404" WIDTH="795" HEIGHT="30">
						<TextLine ID="line_32" HPOS="237" VPOS="1404" WIDTH="795" HEIGHT="30">
							<String ID="string_207" HPOS="237" VPOS="1405" WIDTH="125" HEIGHT="27" WC="0.93" CONTENT="budgetåret"/><SP WIDTH="18" VPOS="1405" HPOS="362"/>
							<String ID="string_208" HPOS="380" VPOS="1405" WIDTH="125" HEIGHT="29" WC="0.92" CONTENT="1930/1931"/><SP WIDTH="18" VPOS="1405" HPOS="505"/>
							<String ID="string_209" HPOS="523" VPOS="1408" WIDTH="31" HEIGHT="19" WC="0.96" CONTENT="ett"/><SP WIDTH="15" VPOS="1408" HPOS="554"/>
							<String ID="string_210" HPOS="569" VPOS="1408" WIDTH="60" HEIGHT="18" WC="0.93" CONTENT="extra"/><SP WIDTH="15" VPOS="1408" HPOS="629"/>
							<String ID="string_211" HPOS="644" VPOS="1405" WIDTH="216" HEIGHT="26" WC="0.90" CONTENT="reservationsanslag"/><SP WIDTH="12" VPOS="1405" HPOS="860"/>
							<String ID="string_212" HPOS="872" VPOS="1412" WIDTH="26" HEIGHT="14" WC="0.96" CONTENT="av"/><SP WIDTH="12" VPOS="1412" HPOS="898"/>
							<String ID="string_213" HPOS="910" VPOS="1404" WIDTH="27" HEIGHT="21" WC="0.96" CONTENT="50"/><SP WIDTH="10" VPOS="1404" HPOS="937"/>
							<String ID="string_214" HPOS="947" VPOS="1404" WIDTH="42" HEIGHT="21" WC="0.96" CONTENT="000"/><SP WIDTH="11" VPOS="1404" HPOS="989"/>
							<String ID="string_215" HPOS="1000" VPOS="1404" WIDTH="32" HEIGHT="20" WC="0.96" CONTENT="kr."/>
						</TextLine>
					</TextBlock>
					<TextBlock ID="block_14" HPOS="250" VPOS="1439" WIDTH="783" HEIGHT="24">
						<TextLine ID="line_33" HPOS="250" VPOS="1439" WIDTH="783" HEIGHT="24">
							<String ID="string_216" HPOS="250" VPOS="1440" WIDTH="24" HEIGHT="18" WC="0.96" CONTENT="Se"/><SP WIDTH="16" VPOS="1440" HPOS="274"/>
							<String ID="string_217" HPOS="290" VPOS="1441" WIDTH="35" HEIGHT="17" WC="0.96" CONTENT="ock"/><SP WIDTH="16" VPOS="1441" HPOS="325"/>
							<String ID="string_218" HPOS="341" VPOS="1441" WIDTH="153" HEIGHT="19" WC="0.89" CONTENT="Arbetslöshet"/><SP WIDTH="16" VPOS="1441" HPOS="494"/>
							<String ID="string_219" HPOS="510" VPOS="1440" WIDTH="92" HEIGHT="23" WC="0.45" CONTENT="(1922:+4),"/><SP WIDTH="13" VPOS="1440" HPOS="602"/>
							<String ID="string_220" HPOS="615" VPOS="1440" WIDTH="173" HEIGHT="23" WC="0.91" CONTENT="Avsöndringar,"/><SP WIDTH="13" VPOS="1440" HPOS="788"/>
							<String ID="string_221" HPOS="801" VPOS="1439" WIDTH="232" HEIGHT="23" WC="0.91" CONTENT="Bostadsproduktion,"/>
						</TextLine>
					</TextBlock>
					<TextBlock ID="block_15" HPOS="261" VPOS="1463" WIDTH="772" HEIGHT="25">
						<TextLine ID="line_34" HPOS="261" VPOS="1463" WIDTH="772" HEIGHT="25">
							<String ID="string_222" HPOS="261" VPOS="1465" WIDTH="75" HEIGHT="18" WC="0.93" CONTENT="Broms"/><SP WIDTH="19" VPOS="1465" HPOS="336"/>
							<String ID="string_223" HPOS="355" VPOS="1465" WIDTH="217" HEIGHT="23" WC="0.90" CONTENT="egnahemsstiftelse"/><SP WIDTH="16" VPOS="1465" HPOS="572"/>
							<String ID="string_224" HPOS="588" VPOS="1464" WIDTH="67" HEIGHT="23" WC="0.93" CONTENT="(1930),"/><SP WIDTH="20" VPOS="1464" HPOS="655"/>
							<String ID="string_225" HPOS="675" VPOS="1464" WIDTH="160" HEIGHT="19" WC="0.90" CONTENT="Eeklesiastika"/><SP WIDTH="12" VPOS="1464" HPOS="835"/>
							<String ID="string_226" HPOS="847" VPOS="1464" WIDTH="108" HEIGHT="19" WC="0.96" CONTENT="boställen"/><SP WIDTH="13" VPOS="1464" HPOS="955"/>
							<String ID="string_227" HPOS="968" VPOS="1463" WIDTH="65" HEIGHT="22" WC="0.96" CONTENT="(1926),"/>
						</TextLine>
					</TextBlock>
					<TextBlock ID="block_16" HPOS="261" VPOS="1487" WIDTH="772" HEIGHT="24">
						<TextLine ID="line_35" HPOS="261" VPOS="1487" WIDTH="772" HEIGHT="24">
							<String ID="string_228" HPOS="261" VPOS="1488" WIDTH="263" HEIGHT="23" WC="0.91" CONTENT="Egnahemslånefonden,"/><SP WIDTH="13" VPOS="1488" HPOS="524"/>
							<String ID="string_229" HPOS="537" VPOS="1489" WIDTH="52" HEIGHT="18" WC="0.96" CONTENT="Fast"/><SP WIDTH="13" VPOS="1489" HPOS="589"/>
							<String ID="string_230" HPOS="602" VPOS="1489" WIDTH="105" HEIGHT="22" WC="0.96" CONTENT="egendom"/><SP WIDTH="13" VPOS="1489" HPOS="707"/>
							<String ID="string_231" HPOS="720" VPOS="1488" WIDTH="66" HEIGHT="23" WC="0.92" CONTENT="(1923),"/><SP WIDTH="12" VPOS="1488" HPOS="786"/>
							<String ID="string_232" HPOS="798" VPOS="1488" WIDTH="162" HEIGHT="19" WC="0.92" CONTENT="Fideikommiss"/><SP WIDTH="8" VPOS="1488" HPOS="960"/>
							<String ID="string_233" HPOS="968" VPOS="1487" WIDTH="65" HEIGHT="22" WC="0.96" CONTENT="(1924),"/>
						</TextLine>
					</TextBlock>
					<TextBlock ID="block_17" HPOS="261" VPOS="1511" WIDTH="772" HEIGHT="24">
						<TextLine ID="line_36" HPOS="261" VPOS="1511" WIDTH="772" HEIGHT="24">
							<String ID="string_234" HPOS="261" VPOS="1513" WIDTH="194" HEIGHT="22" WC="0.93" CONTENT="Interpellationer"/><SP WIDTH="5" VPOS="1513" HPOS="455"/>
							<String ID="string_235" HPOS="460" VPOS="1512" WIDTH="100" HEIGHT="23" WC="0.91" CONTENT="(1922:10),"/><SP WIDTH="7" VPOS="1512" HPOS="560"/>
							<String ID="string_236" HPOS="567" VPOS="1512" WIDTH="365" HEIGHT="23" WC="0.57" CONTENT="Jordbruksdepartementet(1921:"/><SP WIDTH="7" VPOS="1512" HPOS="932"/>
							<String ID="string_237" HPOS="939" VPOS="1511" WIDTH="73" HEIGHT="20" WC="0.57" CONTENT="3;1922:"/><SP WIDTH="6" VPOS="1511" HPOS="1012"/>
							<String ID="string_238" HPOS="1018" VPOS="1517" WIDTH="15" HEIGHT="14" WC="0.50" CONTENT="3;"/>
						</TextLine>
					</TextBlock>
					<TextBlock ID="block_18" HPOS="262" VPOS="1536" WIDTH="771" HEIGHT="23">
						<TextLine ID="line_37" HPOS="262" VPOS="1536" WIDTH="771" HEIGHT="23">
							<String ID="string_239" HPOS="262" VPOS="1536" WIDTH="51" HEIGHT="18" WC="0.96" CONTENT="1923:"/><SP WIDTH="10" VPOS="1536" HPOS="313"/>
							<String ID="string_240" HPOS="323" VPOS="1542" WIDTH="13" HEIGHT="12" WC="0.51" CONTENT="3:"/><SP WIDTH="15" VPOS="1542" HPOS="336"/>
							<String ID="string_241" HPOS="351" VPOS="1537" WIDTH="52" HEIGHT="17" WC="0.23" CONTENT="1924:"/><SP WIDTH="10" VPOS="1537" HPOS="403"/>
							<String ID="string_242" HPOS="413" VPOS="1543" WIDTH="17" HEIGHT="15" WC="0.23" CONTENT="1;"/><SP WIDTH="14" VPOS="1543" HPOS="430"/>
							<String ID="string_243" HPOS="444" VPOS="1537" WIDTH="52" HEIGHT="17" WC="0.84" CONTENT="1925:"/><SP WIDTH="9" VPOS="1537" HPOS="496"/>
							<String ID="string_244" HPOS="505" VPOS="1543" WIDTH="17" HEIGHT="15" WC="0.84" CONTENT="2;"/><SP WIDTH="14" VPOS="1543" HPOS="522"/>
							<String ID="string_245" HPOS="536" VPOS="1537" WIDTH="51" HEIGHT="17" WC="0.96" CONTENT="1927:"/><SP WIDTH="9" VPOS="1537" HPOS="587"/>
							<String ID="string_246" HPOS="596" VPOS="1537" WIDTH="21" HEIGHT="21" WC="0.93" CONTENT="2),"/><SP WIDTH="10" VPOS="1537" HPOS="617"/>
							<String ID="string_247" HPOS="627" VPOS="1536" WIDTH="136" HEIGHT="23" WC="0.92" CONTENT="Jordfrågan"/><SP WIDTH="8" VPOS="1536" HPOS="763"/>
							<String ID="string_248" HPOS="771" VPOS="1536" WIDTH="61" HEIGHT="22" WC="0.96" CONTENT="(1924;"/><SP WIDTH="11" VPOS="1536" HPOS="832"/>
							<String ID="string_249" HPOS="843" VPOS="1536" WIDTH="51" HEIGHT="22" WC="0.96" CONTENT="1929,"/><SP WIDTH="9" VPOS="1536" HPOS="894"/>
							<String ID="string_250" HPOS="903" VPOS="1536" WIDTH="57" HEIGHT="20" WC="0.93" CONTENT="1930),"/><SP WIDTH="7" VPOS="1536" HPOS="960"/>
							<String ID="string_251" HPOS="967" VPOS="1536" WIDTH="66" HEIGHT="18" WC="0.91" CONTENT="Järn-"/>
						</TextLine>
					</TextBlock>
					<TextBlock ID="block_19" HPOS="262" VPOS="1560" WIDTH="770" HEIGHT="23">
						<TextLine ID="line_38" HPOS="262" VPOS="1560" WIDTH="770" HEIGHT="23">
							<String ID="string_252" HPOS="262" VPOS="1561" WIDTH="73" HEIGHT="22" WC="0.90" CONTENT="vägar"/><SP WIDTH="18" VPOS="1561" HPOS="335"/>
							<String ID="string_253" HPOS="353" VPOS="1561" WIDTH="99" HEIGHT="22" WC="0.86" CONTENT="(1923:22;"/><SP WIDTH="20" VPOS="1561" HPOS="452"/>
							<String ID="string_254" HPOS="472" VPOS="1561" WIDTH="52" HEIGHT="17" WC="0.0" CONTENT="1925:"/><SP WIDTH="5" VPOS="1561" HPOS="524"/>
							<String ID="string_255" HPOS="529" VPOS="1556" WIDTH="38" HEIGHT="31" WC="0.0" CONTENT="27),"/><SP WIDTH="19" VPOS="1556" HPOS="567"/>
							<String ID="string_256" HPOS="586" VPOS="1561" WIDTH="209" HEIGHT="22" WC="0.90" CONTENT="Kronoegendomar"/><SP WIDTH="18" VPOS="1561" HPOS="795"/>
							<String ID="string_257" HPOS="813" VPOS="1560" WIDTH="85" HEIGHT="22" WC="0.88" CONTENT="(1925:"/><SP WIDTH="-19" VPOS="1560" HPOS="898"/>
							<String ID="string_258" HPOS="879" VPOS="1556" WIDTH="25" HEIGHT="31" WC="0.74" CONTENT="3;"/><SP WIDTH="15" VPOS="1556" HPOS="904"/>
							<String ID="string_259" HPOS="919" VPOS="1560" WIDTH="75" HEIGHT="20" WC="0.88" CONTENT="1926:2,"/><SP WIDTH="21" VPOS="1560" HPOS="994"/>
							<String ID="string_260" HPOS="1015" VPOS="1565" WIDTH="17" HEIGHT="15" WC="0.89" CONTENT="6;"/>
						</TextLine>
					</TextBlock>
					<TextBlock ID="block_20" HPOS="261" VPOS="1583" WIDTH="771" HEIGHT="49">
						<TextLine ID="line_39" HPOS="262" VPOS="1583" WIDTH="770" HEIGHT="25">
							<String ID="string_261" HPOS="262" VPOS="1584" WIDTH="51" HEIGHT="18" WC="0.92" CONTENT="1927:"/><SP WIDTH="10" VPOS="1584" HPOS="313"/>
							<String ID="string_262" HPOS="323" VPOS="1585" WIDTH="21" HEIGHT="21" WC="0.80" CONTENT="s),"/><SP WIDTH="19" VPOS="1585" HPOS="344"/>
							<String ID="string_263" HPOS="363" VPOS="1585" WIDTH="267" HEIGHT="23" WC="0.82" CONTENT="Olycksfallsförsäkring"/><SP WIDTH="20" VPOS="1585" HPOS="630"/>
							<String ID="string_264" HPOS="650" VPOS="1584" WIDTH="86" HEIGHT="23" WC="0.49" CONTENT="(1927:3;"/><SP WIDTH="20" VPOS="1584" HPOS="736"/>
							<String ID="string_265" HPOS="756" VPOS="1584" WIDTH="77" HEIGHT="20" WC="0.91" CONTENT="1928:1;"/><SP WIDTH="21" VPOS="1584" HPOS="833"/>
							<String ID="string_266" HPOS="854" VPOS="1584" WIDTH="78" HEIGHT="20" WC="0.92" CONTENT="1929:2;"/><SP WIDTH="18" VPOS="1584" HPOS="932"/>
							<String ID="string_267" HPOS="950" VPOS="1583" WIDTH="51" HEIGHT="18" WC="0.0" CONTENT="1930:"/><SP WIDTH="9" VPOS="1583" HPOS="1001"/>
							<String ID="string_268" HPOS="1010" VPOS="1584" WIDTH="22" HEIGHT="21" WC="0.0" CONTENT="5),"/>
						</TextLine>
						<TextLine ID="line_40" HPOS="261" VPOS="1603" WIDTH="740" HEIGHT="29">
							<String ID="string_269" HPOS="261" VPOS="1608" WIDTH="312" HEIGHT="24" WC="0.91" CONTENT="Riksförsäkringsanstalten"/><SP WIDTH="13" VPOS="1608" HPOS="573"/>
							<String ID="string_270" HPOS="586" VPOS="1608" WIDTH="60" HEIGHT="23" WC="0.93" CONTENT="(1926:"/><SP WIDTH="9" VPOS="1608" HPOS="646"/>
							<String ID="string_271" HPOS="655" VPOS="1608" WIDTH="23" HEIGHT="23" WC="0.93" CONTENT="2),"/><SP WIDTH="13" VPOS="1608" HPOS="678"/>
							<String ID="string_272" HPOS="691" VPOS="1603" WIDTH="94" HEIGHT="24" WC="0.91" CONTENT="Åborätt"/><SP WIDTH="13" VPOS="1603" HPOS="785"/>
							<String ID="string_273" HPOS="798" VPOS="1608" WIDTH="63" HEIGHT="22" WC="0.96" CONTENT="(1924;"/><SP WIDTH="14" VPOS="1608" HPOS="861"/>
							<String ID="string_274" HPOS="875" VPOS="1608" WIDTH="54" HEIGHT="21" WC="0.96" CONTENT="1926;"/><SP WIDTH="14" VPOS="1608" HPOS="929"/>
							<String ID="string_275" HPOS="943" VPOS="1607" WIDTH="58" HEIGHT="22" WC="0.96" CONTENT="1927)."/>
						</TextLine>
					</TextBlock>
				</ComposedBlock>
				<ComposedBlock ID="cblock_13" HPOS="192" VPOS="1661" WIDTH="840" HEIGHT="303">
					<TextBlock ID="block_21" HPOS="193" VPOS="1661" WIDTH="542" HEIGHT="29">
						<TextLine ID="line_41" HPOS="193" VPOS="1661" WIDTH="542" HEIGHT="29">
							<String ID="string_276" HPOS="193" VPOS="1661" WIDTH="222" HEIGHT="27" WC="0.91" CONTENT="Egnahemsbolag;"/><SP WIDTH="17" VPOS="1661" HPOS="415"/>
							<String ID="string_277" HPOS="432" VPOS="1670" WIDTH="21" HEIGHT="14" WC="0.96" CONTENT="se"/><SP WIDTH="17" VPOS="1670" HPOS="453"/>
							<String ID="string_278" HPOS="470" VPOS="1663" WIDTH="55" HEIGHT="21" WC="0.96" CONTENT="Fast"/><SP WIDTH="17" VPOS="1663" HPOS="525"/>
							<String ID="string_279" HPOS="542" VPOS="1662" WIDTH="98" HEIGHT="28" WC="0.96" CONTENT="egendom"/><SP WIDTH="15" VPOS="1662" HPOS="640"/>
							<String ID="string_280" HPOS="655" VPOS="1663" WIDTH="80" HEIGHT="26" WC="0.96" CONTENT="(1923)."/>
						</TextLine>
					</TextBlock>
					<TextBlock ID="block_22" HPOS="192" VPOS="1714" WIDTH="810" HEIGHT="30">
						<TextLine ID="line_42" HPOS="192" VPOS="1714" WIDTH="810" HEIGHT="30">
							<String ID="string_281" HPOS="192" VPOS="1714" WIDTH="284" HEIGHT="28" WC="0.91" CONTENT="Egnahemsföreningen"/><SP WIDTH="17" VPOS="1714" HPOS="476"/>
							<String ID="string_282" HPOS="493" VPOS="1715" WIDTH="164" HEIGHT="27" WC="0.91" CONTENT="Grangärdet;"/><SP WIDTH="16" VPOS="1715" HPOS="657"/>
							<String ID="string_283" HPOS="673" VPOS="1724" WIDTH="22" HEIGHT="13" WC="0.93" CONTENT="se"/><SP WIDTH="16" VPOS="1724" HPOS="695"/>
							<String ID="string_284" HPOS="711" VPOS="1716" WIDTH="167" HEIGHT="28" WC="0.91" CONTENT="Avsöndringar"/><SP WIDTH="16" VPOS="1716" HPOS="878"/>
							<String ID="string_285" HPOS="894" VPOS="1716" WIDTH="71" HEIGHT="27" WC="0.82" CONTENT="(1921:"/><SP WIDTH="12" VPOS="1716" HPOS="965"/>
							<String ID="string_286" HPOS="977" VPOS="1716" WIDTH="25" HEIGHT="26" WC="0.82" CONTENT="3)."/>
						</TextLine>
					</TextBlock>
					<TextBlock ID="block_23" HPOS="193" VPOS="1768" WIDTH="612" HEIGHT="30">
						<TextLine ID="line_43" HPOS="193" VPOS="1768" WIDTH="612" HEIGHT="30">
							<String ID="string_287" HPOS="193" VPOS="1768" WIDTH="292" HEIGHT="28" WC="0.91" CONTENT="Egnahemsföreningar;"/><SP WIDTH="17" VPOS="1768" HPOS="485"/>
							<String ID="string_288" HPOS="502" VPOS="1778" WIDTH="22" HEIGHT="13" WC="0.96" CONTENT="se"/><SP WIDTH="17" VPOS="1778" HPOS="524"/>
							<String ID="string_289" HPOS="541" VPOS="1771" WIDTH="55" HEIGHT="21" WC="0.96" CONTENT="Fast"/><SP WIDTH="16" VPOS="1771" HPOS="596"/>
							<String ID="string_290" HPOS="612" VPOS="1770" WIDTH="98" HEIGHT="27" WC="0.92" CONTENT="egendom"/><SP WIDTH="16" VPOS="1770" HPOS="710"/>
							<String ID="string_291" HPOS="726" VPOS="1769" WIDTH="79" HEIGHT="29" WC="0.96" CONTENT="(1923)."/>
						</TextLine>
					</TextBlock>
					<TextBlock ID="block_24" HPOS="192" VPOS="1821" WIDTH="840" HEIGHT="90">
						<TextLine ID="line_44" HPOS="192" VPOS="1821" WIDTH="840" HEIGHT="29">
							<String ID="string_292" HPOS="192" VPOS="1821" WIDTH="314" HEIGHT="28" WC="0.92" CONTENT="Engnahemslånefonden;"/><SP WIDTH="27" VPOS="1821" HPOS="506"/>
							<String ID="string_293" HPOS="533" VPOS="1831" WIDTH="22" HEIGHT="14" WC="0.93" CONTENT="se"/><SP WIDTH="30" VPOS="1831" HPOS="555"/>
							<String ID="string_294" HPOS="585" VPOS="1823" WIDTH="194" HEIGHT="27" WC="0.74" CONTENT="Statsregleringen"/><SP WIDTH="26" VPOS="1823" HPOS="779"/>
							<String ID="string_295" HPOS="805" VPOS="1824" WIDTH="100" HEIGHT="26" WC="0.91" CONTENT="(1921:7;"/><SP WIDTH="35" VPOS="1824" HPOS="905"/>
							<String ID="string_296" HPOS="940" VPOS="1823" WIDTH="92" HEIGHT="24" WC="0.86" CONTENT="1922:6;"/>
						</TextLine>
						<TextLine ID="line_45" HPOS="239" VPOS="1853" WIDTH="793" HEIGHT="26">
							<String ID="string_297" HPOS="239" VPOS="1854" WIDTH="63" HEIGHT="20" WC="0.95" CONTENT="1923:"/><SP WIDTH="12" VPOS="1854" HPOS="302"/>
							<String ID="string_298" HPOS="314" VPOS="1859" WIDTH="21" HEIGHT="19" WC="0.95" CONTENT="6;"/><SP WIDTH="22" VPOS="1859" HPOS="335"/>
							<String ID="string_299" HPOS="357" VPOS="1854" WIDTH="63" HEIGHT="21" WC="0.0" CONTENT="1924:"/><SP WIDTH="12" VPOS="1854" HPOS="420"/>
							<String ID="string_300" HPOS="432" VPOS="1860" WIDTH="21" HEIGHT="19" WC="0.0" CONTENT="6;"/><SP WIDTH="22" VPOS="1860" HPOS="453"/>
							<String ID="string_301" HPOS="475" VPOS="1855" WIDTH="94" HEIGHT="23" WC="0.92" CONTENT="1925:6;"/><SP WIDTH="23" VPOS="1855" HPOS="569"/>
							<String ID="string_302" HPOS="592" VPOS="1854" WIDTH="63" HEIGHT="20" WC="0.22" CONTENT="1926:"/><SP WIDTH="12" VPOS="1854" HPOS="655"/>
							<String ID="string_303" HPOS="667" VPOS="1859" WIDTH="20" HEIGHT="19" WC="0.22" CONTENT="6;"/><SP WIDTH="20" VPOS="1859" HPOS="687"/>
							<String ID="string_304" HPOS="707" VPOS="1854" WIDTH="63" HEIGHT="21" WC="0.67" CONTENT="1927:"/><SP WIDTH="12" VPOS="1854" HPOS="770"/>
							<String ID="string_305" HPOS="782" VPOS="1859" WIDTH="20" HEIGHT="15" WC="0.67" CONTENT="6:"/><SP WIDTH="19" VPOS="1859" HPOS="802"/>
							<String ID="string_306" HPOS="821" VPOS="1854" WIDTH="63" HEIGHT="20" WC="0.70" CONTENT="1928:"/><SP WIDTH="12" VPOS="1854" HPOS="884"/>
							<String ID="string_307" HPOS="896" VPOS="1859" WIDTH="20" HEIGHT="19" WC="0.70" CONTENT="6;"/><SP WIDTH="20" VPOS="1859" HPOS="916"/>
							<String ID="string_308" HPOS="936" VPOS="1853" WIDTH="63" HEIGHT="21" WC="0.95" CONTENT="1929:"/><SP WIDTH="12" VPOS="1853" HPOS="999"/>
							<String ID="string_309" HPOS="1011" VPOS="1858" WIDTH="21" HEIGHT="19" WC="0.95" CONTENT="6;"/>
						</TextLine>
						<TextLine ID="line_46" HPOS="239" VPOS="1883" WIDTH="102" HEIGHT="28">
							<String ID="string_310" HPOS="239" VPOS="1869" WIDTH="63" HEIGHT="47" WC="0.96" CONTENT="1930:"/><SP WIDTH="3" VPOS="1869" HPOS="302"/>
							<String ID="string_311" HPOS="305" VPOS="1869" WIDTH="36" HEIGHT="47" WC="0.95" CONTENT="6)."/>
						</TextLine>
					</TextBlock>
					<TextBlock ID="block_25" HPOS="192" VPOS="1935" WIDTH="765" HEIGHT="29">
						<TextLine ID="line_47" HPOS="192" VPOS="1935" WIDTH="765" HEIGHT="29">
							<String ID="string_312" HPOS="192" VPOS="1935" WIDTH="135" HEIGHT="28" WC="0.96" CONTENT="Egyptiska"/><SP WIDTH="16" VPOS="1935" HPOS="327"/>
							<String ID="string_313" HPOS="343" VPOS="1936" WIDTH="175" HEIGHT="26" WC="0.96" CONTENT="parlamentet;"/><SP WIDTH="17" VPOS="1936" HPOS="518"/>
							<String ID="string_314" HPOS="535" VPOS="1945" WIDTH="22" HEIGHT="13" WC="0.96" CONTENT="se"/><SP WIDTH="17" VPOS="1945" HPOS="557"/>
							<String ID="string_315" HPOS="574" VPOS="1937" WIDTH="149" HEIGHT="22" WC="0.96" CONTENT="Nationernas"/><SP WIDTH="10" VPOS="1937" HPOS="723"/>
							<String ID="string_316" HPOS="733" VPOS="1937" WIDTH="100" HEIGHT="27" WC="0.96" CONTENT="förbund"/><SP WIDTH="15" VPOS="1937" HPOS="833"/>
							<String ID="string_317" HPOS="848" VPOS="1937" WIDTH="72" HEIGHT="26" WC="0.25" CONTENT="(1925:"/><SP WIDTH="13" VPOS="1937" HPOS="920"/>
							<String ID="string_318" HPOS="933" VPOS="1936" WIDTH="24" HEIGHT="28" WC="0.25" CONTENT="1)."/>
						</TextLine>
					</TextBlock>
				</ComposedBlock>
				<ComposedBlock ID="cblock_14" HPOS="173" VPOS="210" WIDTH="3" HEIGHT="1796">
					<TextBlock ID="block_26" HPOS="173" VPOS="210" WIDTH="3" HEIGHT="1796">
						<TextLine ID="line_48" HPOS="173" VPOS="210" WIDTH="3" HEIGHT="1796">
							<String ID="string_319" HPOS="173" VPOS="210" WIDTH="3" HEIGHT="1796" WC="0.95" CONTENT=" "/>
						</TextLine>
					</TextBlock>
				</ComposedBlock>
				<ComposedBlock ID="cblock_15" HPOS="173" VPOS="1990" WIDTH="870" HEIGHT="88">
					<TextBlock ID="block_27" HPOS="173" VPOS="1990" WIDTH="870" HEIGHT="88">
						<TextLine ID="line_49" HPOS="173" VPOS="1990" WIDTH="472" HEIGHT="30">
							<String ID="string_320" HPOS="173" VPOS="2010" WIDTH="2" HEIGHT="10" WC="0.75" CONTENT="|"/><SP WIDTH="17" VPOS="2010" HPOS="175"/>
							<String ID="string_321" HPOS="192" VPOS="1990" WIDTH="149" HEIGHT="27" WC="0.93" CONTENT="Ehrenborg,"/><SP WIDTH="17" VPOS="1990" HPOS="341"/>
							<String ID="string_322" HPOS="358" VPOS="1990" WIDTH="30" HEIGHT="27" WC="0.92" CONTENT="C.,"/><SP WIDTH="16" VPOS="1990" HPOS="388"/>
							<String ID="string_323" HPOS="404" VPOS="1992" WIDTH="46" HEIGHT="21" WC="0.96" CONTENT="vice"/><SP WIDTH="16" VPOS="1992" HPOS="450"/>
							<String ID="string_324" HPOS="466" VPOS="1992" WIDTH="179" HEIGHT="26" WC="0.96" CONTENT="häradshövding."/>
						</TextLine>
						<TextLine ID="line_50" HPOS="223" VPOS="2021" WIDTH="820" HEIGHT="27">
							<String ID="string_325" HPOS="223" VPOS="2022" WIDTH="53" HEIGHT="25" WC="0.96" CONTENT="Ang."/><SP WIDTH="17" VPOS="2022" HPOS="276"/>
							<String ID="string_326" HPOS="293" VPOS="2022" WIDTH="90" HEIGHT="26" WC="0.95" CONTENT="pension"/><SP WIDTH="16" VPOS="2022" HPOS="383"/>
							<String ID="string_327" HPOS="399" VPOS="2023" WIDTH="22" HEIGHT="19" WC="0.96" CONTENT="åt"/><SP WIDTH="16" VPOS="2023" HPOS="421"/>
							<String ID="string_328" HPOS="437" VPOS="2022" WIDTH="54" HEIGHT="20" WC="0.96" CONTENT="hans"/><SP WIDTH="16" VPOS="2022" HPOS="491"/>
							<String ID="string_329" HPOS="507" VPOS="2022" WIDTH="65" HEIGHT="24" WC="0.95" CONTENT="änka;"/><SP WIDTH="17" VPOS="2022" HPOS="572"/>
							<String ID="string_330" HPOS="589" VPOS="2028" WIDTH="22" HEIGHT="14" WC="0.95" CONTENT="se"/><SP WIDTH="17" VPOS="2028" HPOS="611"/>
							<String ID="string_331" HPOS="628" VPOS="2021" WIDTH="124" HEIGHT="25" WC="0.95" CONTENT="Pensioner,"/><SP WIDTH="17" VPOS="2021" HPOS="752"/>
							<String ID="string_332" HPOS="769" VPOS="2021" WIDTH="119" HEIGHT="27" WC="0.96" CONTENT="föreslagna"/><SP WIDTH="16" VPOS="2021" HPOS="888"/>
							<String ID="string_333" HPOS="904" VPOS="2027" WIDTH="49" HEIGHT="14" WC="0.94" CONTENT="men"/><SP WIDTH="15" VPOS="2027" HPOS="953"/>
							<String ID="string_334" HPOS="968" VPOS="2021" WIDTH="19" HEIGHT="26" WC="0.93" CONTENT="ej"/><SP WIDTH="13" VPOS="2021" HPOS="987"/>
							<String ID="string_335" HPOS="1000" VPOS="2021" WIDTH="43" HEIGHT="24" WC="0.27" CONTENT="be-|"/>
						</TextLine>
						<TextLine ID="line_51" HPOS="237" VPOS="2051" WIDTH="176" HEIGHT="27">
							<String ID="string_336" HPOS="237" VPOS="2051" WIDTH="80" HEIGHT="27" WC="0.92" CONTENT="viljade"/><SP WIDTH="16" VPOS="2051" HPOS="317"/>
							<String ID="string_337" HPOS="333" VPOS="2051" WIDTH="80" HEIGHT="27" WC="0.95" CONTENT="(1929)."/>
						</TextLine>
					</TextBlock>
				</ComposedBlock>
				<ComposedBlock ID="cblock_16" HPOS="1042" VPOS="197" WIDTH="2" HEIGHT="1827">
					<TextBlock ID="block_28" HPOS="1042" VPOS="197" WIDTH="2" HEIGHT="1827">
						<TextLine ID="line_52" HPOS="1042" VPOS="197" WIDTH="2" HEIGHT="1827">
							<String ID="string_338" HPOS="1042" VPOS="197" WIDTH="2" HEIGHT="1827" WC="0.95" CONTENT=" "/>
						</TextLine>
					</TextBlock>
				</ComposedBlock>
				<ComposedBlock ID="cblock_17" HPOS="1109" VPOS="196" WIDTH="672" HEIGHT="6">
					<TextBlock ID="block_29" HPOS="1109" VPOS="196" WIDTH="672" HEIGHT="6">
						<TextLine ID="line_53" HPOS="1109" VPOS="196" WIDTH="672" HEIGHT="6">
							<String ID="string_339" HPOS="1109" VPOS="196" WIDTH="672" HEIGHT="6" WC="0.95" CONTENT=" "/>
						</TextLine>
					</TextBlock>
				</ComposedBlock>
				<ComposedBlock ID="cblock_18" HPOS="1176" VPOS="345" WIDTH="600" HEIGHT="3">
					<TextBlock ID="block_30" HPOS="1176" VPOS="345" WIDTH="600" HEIGHT="3">
						<TextLine ID="line_54" HPOS="1176" VPOS="345" WIDTH="600" HEIGHT="3">
							<String ID="string_340" HPOS="1176" VPOS="345" WIDTH="600" HEIGHT="3" WC="0.95" CONTENT=" "/>
						</TextLine>
					</TextBlock>
				</ComposedBlock>
				<ComposedBlock ID="cblock_19" HPOS="1046" VPOS="421" WIDTH="730" HEIGHT="5">
					<TextBlock ID="block_31" HPOS="1046" VPOS="421" WIDTH="730" HEIGHT="5">
						<TextLine ID="line_55" HPOS="1046" VPOS="421" WIDTH="730" HEIGHT="5">
							<String ID="string_341" HPOS="1046" VPOS="421" WIDTH="730" HEIGHT="5" WC="0.95" CONTENT=" "/>
						</TextLine>
					</TextBlock>
				</ComposedBlock>
				<ComposedBlock ID="cblock_20" HPOS="1171" VPOS="206" WIDTH="4" HEIGHT="1831">
					<TextBlock ID="block_32" HPOS="1171" VPOS="206" WIDTH="4" HEIGHT="1831">
						<TextLine ID="line_56" HPOS="1171" VPOS="206" WIDTH="4" HEIGHT="1831">
							<String ID="string_342" HPOS="1171" VPOS="206" WIDTH="4" HEIGHT="1831" WC="0.95" CONTENT=" "/>
						</TextLine>
					</TextBlock>
				</ComposedBlock>
				<ComposedBlock ID="cblock_21" HPOS="1279" VPOS="321" WIDTH="3" HEIGHT="1408">
					<TextBlock ID="block_33" HPOS="1279" VPOS="321" WIDTH="3" HEIGHT="1408">
						<TextLine ID="line_57" HPOS="1279" VPOS="321" WIDTH="3" HEIGHT="1408">
							<String ID="string_343" HPOS="1279" VPOS="321" WIDTH="3" HEIGHT="1408" WC="0.95" CONTENT=" "/>
						</TextLine>
					</TextBlock>
				</ComposedBlock>
				<ComposedBlock ID="cblock_22" HPOS="1363" VPOS="430" WIDTH="2" HEIGHT="1598">
					<TextBlock ID="block_34" HPOS="1363" VPOS="430" WIDTH="2" HEIGHT="1598">
						<TextLine ID="line_58" HPOS="1363" VPOS="430" WIDTH="2" HEIGHT="1598">
							<String ID="string_344" HPOS="1363" VPOS="430" WIDTH="2" HEIGHT="1598" WC="0.95" CONTENT=" "/>
						</TextLine>
					</TextBlock>
				</ComposedBlock>
				<ComposedBlock ID="cblock_23" HPOS="1427" VPOS="351" WIDTH="4" HEIGHT="1131">
					<TextBlock ID="block_35" HPOS="1427" VPOS="351" WIDTH="4" HEIGHT="1131">
						<TextLine ID="line_59" HPOS="1427" VPOS="351" WIDTH="4" HEIGHT="1131">
							<String ID="string_345" HPOS="1427" VPOS="351" WIDTH="4" HEIGHT="1131" WC="0.95" CONTENT=" "/>
						</TextLine>
					</TextBlock>
				</ComposedBlock>
				<ComposedBlock ID="cblock_24" HPOS="1484" VPOS="206" WIDTH="1" HEIGHT="727">
					<TextBlock ID="block_36" HPOS="1484" VPOS="206" WIDTH="1" HEIGHT="727">
						<TextLine ID="line_60" HPOS="1484" VPOS="206" WIDTH="1" HEIGHT="727">
							<String ID="string_346" HPOS="1484" VPOS="206" WIDTH="1" HEIGHT="727" WC="0.95" CONTENT=" "/>
						</TextLine>
					</TextBlock>
				</ComposedBlock>
				<ComposedBlock ID="cblock_25" HPOS="1484" VPOS="1201" WIDTH="1" HEIGHT="87">
					<TextBlock ID="block_37" HPOS="1484" VPOS="1201" WIDTH="1" HEIGHT="87">
						<TextLine ID="line_61" HPOS="1484" VPOS="1201" WIDTH="1" HEIGHT="87">
							<String ID="string_347" HPOS="1484" VPOS="1201" WIDTH="1" HEIGHT="87" WC="0.95" CONTENT=" "/>
						</TextLine>
					</TextBlock>
				</ComposedBlock>
				<ComposedBlock ID="cblock_26" HPOS="1047" VPOS="219" WIDTH="721" HEIGHT="1795">
					<TextBlock ID="block_38" HPOS="1047" VPOS="219" WIDTH="721" HEIGHT="1795">
						<TextLine ID="line_62" HPOS="1503" VPOS="219" WIDTH="47" HEIGHT="18">
							<String ID="string_348" HPOS="1503" VPOS="219" WIDTH="47" HEIGHT="18" WC="0.81" CONTENT="Riks"/>
						</TextLine>
						<TextLine ID="line_63" HPOS="1121" VPOS="231" WIDTH="36" HEIGHT="17">
							<String ID="string_349" HPOS="1121" VPOS="231" WIDTH="36" HEIGHT="17" WC="0.48" CONTENT="ec"/>
						</TextLine>
						<TextLine ID="line_64" HPOS="1068" VPOS="233" WIDTH="672" HEIGHT="42">
							<String ID="string_350" HPOS="1068" VPOS="243" WIDTH="17" HEIGHT="26" WC="0.19" CONTENT="2"/><SP WIDTH="36" VPOS="243" HPOS="1085"/>
							<String ID="string_351" HPOS="1121" VPOS="246" WIDTH="36" HEIGHT="25" WC="0.28" CONTENT="ee"/><SP WIDTH="64" VPOS="246" HPOS="1157"/>
							<String ID="string_352" HPOS="1221" VPOS="267" WIDTH="3" HEIGHT="4" WC="0.44" CONTENT="5"/><SP WIDTH="54" VPOS="267" HPOS="1224"/>
							<String ID="string_353" HPOS="1278" VPOS="237" WIDTH="1" HEIGHT="24" WC="0.88" CONTENT="|"/><SP WIDTH="57" VPOS="237" HPOS="1279"/>
							<String ID="string_354" HPOS="1336" VPOS="233" WIDTH="94" HEIGHT="42" WC="0.92" CONTENT="Utskotts-"/><SP WIDTH="63" VPOS="233" HPOS="1430"/>
							<String ID="string_355" HPOS="1493" VPOS="249" WIDTH="72" HEIGHT="22" WC="0.94" CONTENT="dagens"/><SP WIDTH="57" VPOS="249" HPOS="1565"/>
							<String ID="string_356" HPOS="1622" VPOS="249" WIDTH="118" HEIGHT="17" WC="0.91" CONTENT="Kamrarnas"/>
						</TextLine>
						<TextLine ID="line_65" HPOS="1068" VPOS="263" WIDTH="685" HEIGHT="38">
							<String ID="string_357" HPOS="1068" VPOS="274" WIDTH="17" HEIGHT="12" WC="0.3" CONTENT="&gt;x"/><SP WIDTH="3" VPOS="274" HPOS="1085"/>
							<String ID="string_358" HPOS="1088" VPOS="262" WIDTH="45" HEIGHT="32" WC="0.54" CONTENT="|&quot;"/><SP WIDTH="11" VPOS="262" HPOS="1133"/>
							<String ID="string_359" HPOS="1144" VPOS="272" WIDTH="16" HEIGHT="12" WC="0.26" CONTENT="—"/><SP WIDTH="19" VPOS="272" HPOS="1160"/>
							<String ID="string_360" HPOS="1179" VPOS="267" WIDTH="94" HEIGHT="18" WC="0.19" CONTENT="[Motioner"/><SP WIDTH="51" VPOS="267" HPOS="1273"/>
							<String ID="string_361" HPOS="1324" VPOS="263" WIDTH="112" HEIGHT="32" WC="0.96" CONTENT="utlåtanden"/><SP WIDTH="71" VPOS="263" HPOS="1436"/>
							<String ID="string_362" HPOS="1507" VPOS="263" WIDTH="47" HEIGHT="37" WC="0.0" CONTENT="sjöris"/><SP WIDTH="53" VPOS="263" HPOS="1554"/>
							<String ID="string_363" HPOS="1607" VPOS="279" WIDTH="146" HEIGHT="22" WC="0.96" CONTENT="förhandlingar"/>
						</TextLine>
						<TextLine ID="line_66" HPOS="1068" VPOS="288" WIDTH="494" HEIGHT="43">
							<String ID="string_364" HPOS="1068" VPOS="290" WIDTH="17" HEIGHT="41" WC="0.89" CONTENT="2"/><SP WIDTH="36" VPOS="290" HPOS="1085"/>
							<String ID="string_365" HPOS="1121" VPOS="288" WIDTH="41" HEIGHT="40" WC="0.26" CONTENT="RR"/><SP WIDTH="117" VPOS="288" HPOS="1162"/>
							<String ID="string_366" HPOS="1279" VPOS="300" WIDTH="1" HEIGHT="18" WC="0.85" CONTENT="|"/><SP WIDTH="21" VPOS="300" HPOS="1280"/>
							<String ID="string_367" HPOS="1301" VPOS="297" WIDTH="47" HEIGHT="18" WC="0.93" CONTENT="eller"/><SP WIDTH="12" VPOS="297" HPOS="1348"/>
							<String ID="string_368" HPOS="1360" VPOS="297" WIDTH="99" HEIGHT="18" WC="0.96" CONTENT="memorial"/><SP WIDTH="40" VPOS="297" HPOS="1459"/>
							<String ID="string_369" HPOS="1499" VPOS="309" WIDTH="63" HEIGHT="18" WC="0.7" CONTENT="velber"/>
						</TextLine>
						<TextLine ID="line_67" HPOS="1121" VPOS="330" WIDTH="39" HEIGHT="13">
							<String ID="string_370" HPOS="1121" VPOS="330" WIDTH="39" HEIGHT="13" WC="0.25" CONTENT="4"/>
						</TextLine>
						<TextLine ID="line_68" HPOS="1063" VPOS="335" WIDTH="701" HEIGHT="62">
							<String ID="string_371" HPOS="1063" VPOS="335" WIDTH="22" HEIGHT="53" WC="0.28" CONTENT="="/><SP WIDTH="36" VPOS="335" HPOS="1085"/>
							<String ID="string_372" HPOS="1121" VPOS="344" WIDTH="36" HEIGHT="40" WC="0.0" CONTENT="Ev"/><SP WIDTH="34" VPOS="344" HPOS="1157"/>
							<String ID="string_373" HPOS="1191" VPOS="355" WIDTH="79" HEIGHT="38" WC="0.0" CONTENT="elle"/><SP WIDTH="14" VPOS="355" HPOS="1270"/>
							<String ID="string_374" HPOS="1284" VPOS="342" WIDTH="32" HEIGHT="55" WC="0.0" CONTENT="El"/><SP WIDTH="19" VPOS="342" HPOS="1316"/>
							<String ID="string_375" HPOS="1335" VPOS="351" WIDTH="28" HEIGHT="29" WC="0.72" CONTENT="&gt;|"/><SP WIDTH="25" VPOS="351" HPOS="1363"/>
							<String ID="string_376" HPOS="1388" VPOS="375" WIDTH="17" HEIGHT="17" WC="0.18" CONTENT="2"/><SP WIDTH="11" VPOS="375" HPOS="1405"/>
							<String ID="string_377" HPOS="1416" VPOS="359" WIDTH="29" HEIGHT="37" WC="0.0" CONTENT="|"/><SP WIDTH="3" VPOS="359" HPOS="1445"/>
							<String ID="string_378" HPOS="1448" VPOS="365" WIDTH="119" HEIGHT="27" WC="0.0" CONTENT="222"/><SP WIDTH="29" VPOS="365" HPOS="1567"/>
							<String ID="string_379" HPOS="1596" VPOS="363" WIDTH="68" HEIGHT="18" WC="0.96" CONTENT="Första"/><SP WIDTH="4" VPOS="363" HPOS="1664"/>
							<String ID="string_380" HPOS="1668" VPOS="359" WIDTH="24" HEIGHT="30" WC="0.96" CONTENT="|"/><SP WIDTH="6" VPOS="359" HPOS="1692"/>
							<String ID="string_381" HPOS="1698" VPOS="363" WIDTH="66" HEIGHT="17" WC="0.96" CONTENT="Andra"/>
						</TextLine>
						<TextLine ID="line_69" HPOS="1136" VPOS="377" WIDTH="629" HEIGHT="45">
							<String ID="string_382" HPOS="1136" VPOS="384" WIDTH="21" HEIGHT="30" WC="0.52" CONTENT="3"/><SP WIDTH="68" VPOS="384" HPOS="1157"/>
							<String ID="string_383" HPOS="1225" VPOS="387" WIDTH="2" HEIGHT="34" WC="0.94" CONTENT="|"/><SP WIDTH="66" VPOS="387" HPOS="1227"/>
							<String ID="string_384" HPOS="1293" VPOS="383" WIDTH="18" HEIGHT="32" WC="0.93" CONTENT="2"/><SP WIDTH="24" VPOS="383" HPOS="1311"/>
							<String ID="string_385" HPOS="1335" VPOS="377" WIDTH="28" HEIGHT="45" WC="0.0" CONTENT="2|"/><SP WIDTH="26" VPOS="377" HPOS="1363"/>
							<String ID="string_386" HPOS="1389" VPOS="393" WIDTH="11" HEIGHT="10" WC="0.60" CONTENT="5"/><SP WIDTH="17" VPOS="393" HPOS="1400"/>
							<String ID="string_387" HPOS="1417" VPOS="380" WIDTH="28" HEIGHT="35" WC="0.60" CONTENT="|"/><SP WIDTH="3" VPOS="380" HPOS="1445"/>
							<String ID="string_388" HPOS="1448" VPOS="385" WIDTH="17" HEIGHT="25" WC="0.55" CONTENT="&amp;)"/><SP WIDTH="84" VPOS="385" HPOS="1465"/>
							<String ID="string_389" HPOS="1549" VPOS="385" WIDTH="18" HEIGHT="25" WC="0.26" CONTENT="|A]"/><SP WIDTH="25" VPOS="385" HPOS="1567"/>
							<String ID="string_390" HPOS="1592" VPOS="387" WIDTH="72" HEIGHT="17" WC="0.87" CONTENT="kamm."/><SP WIDTH="5" VPOS="387" HPOS="1664"/>
							<String ID="string_391" HPOS="1669" VPOS="380" WIDTH="23" HEIGHT="35" WC="0.93" CONTENT="|"/><SP WIDTH="3" VPOS="380" HPOS="1692"/>
							<String ID="string_392" HPOS="1695" VPOS="387" WIDTH="70" HEIGHT="17" WC="0.73" CONTENT="kamm."/>
						</TextLine>
						<TextLine ID="line_70" HPOS="1047" VPOS="449" WIDTH="180" HEIGHT="39">
							<String ID="string_393" HPOS="1047" VPOS="459" WIDTH="54" HEIGHT="21" WC="0.96" CONTENT="1930"/><SP WIDTH="124" VPOS="459" HPOS="1101"/>
							<String ID="string_394" HPOS="1225" VPOS="449" WIDTH="2" HEIGHT="39" WC="0.87" CONTENT="|"/>
						</TextLine>
						<TextLine ID="line_71" HPOS="1225" VPOS="491" WIDTH="260" HEIGHT="66">
							<String ID="string_395" HPOS="1225" VPOS="508" WIDTH="2" HEIGHT="49" WC="0.76" CONTENT="|"/><SP WIDTH="256" VPOS="508" HPOS="1227"/>
							<String ID="string_396" HPOS="1483" VPOS="491" WIDTH="2" HEIGHT="26" WC="0.79" CONTENT="|"/>
						</TextLine>
						<TextLine ID="line_72" HPOS="1069" VPOS="555" WIDTH="696" HEIGHT="22">
							<String ID="string_397" HPOS="1069" VPOS="564" WIDTH="8" HEIGHT="10" WC="0.73" CONTENT="»"/><SP WIDTH="57" VPOS="564" HPOS="1077"/>
							<String ID="string_398" HPOS="1134" VPOS="555" WIDTH="10" HEIGHT="21" WC="0.84" CONTENT="i"/><SP WIDTH="81" VPOS="555" HPOS="1144"/>
							<String ID="string_399" HPOS="1225" VPOS="558" WIDTH="1" HEIGHT="12" WC="0.64" CONTENT="I"/><SP WIDTH="59" VPOS="558" HPOS="1226"/>
							<String ID="string_400" HPOS="1285" VPOS="556" WIDTH="26" HEIGHT="21" WC="0.96" CONTENT="10"/><SP WIDTH="79" VPOS="556" HPOS="1311"/>
							<String ID="string_401" HPOS="1390" VPOS="555" WIDTH="137" HEIGHT="21" WC="0.0" CONTENT="17.[258]l£31)"/><SP WIDTH="29" VPOS="555" HPOS="1527"/>
							<String ID="string_402" HPOS="1556" VPOS="561" WIDTH="10" HEIGHT="15" WC="0.0" CONTENT="5)"/><SP WIDTH="32" VPOS="561" HPOS="1566"/>
							<String ID="string_403" HPOS="1598" VPOS="555" WIDTH="68" HEIGHT="21" WC="0.0" CONTENT="16:08:"/><SP WIDTH="34" VPOS="555" HPOS="1666"/>
							<String ID="string_404" HPOS="1700" VPOS="555" WIDTH="65" HEIGHT="21" WC="0.0" CONTENT="ul7:81"/>
						</TextLine>
						<TextLine ID="line_73" HPOS="1112" VPOS="579" WIDTH="114" HEIGHT="40">
							<String ID="string_405" HPOS="1112" VPOS="591" WIDTH="56" HEIGHT="17" WC="0.41" CONTENT="Utk6|"/><SP WIDTH="57" VPOS="591" HPOS="1168"/>
							<String ID="string_406" HPOS="1225" VPOS="579" WIDTH="1" HEIGHT="40" WC="0.65" CONTENT="|"/>
						</TextLine>
						<TextLine ID="line_74" HPOS="1123" VPOS="620" WIDTH="357" HEIGHT="32">
							<String ID="string_407" HPOS="1123" VPOS="621" WIDTH="34" HEIGHT="23" WC="0.78" CONTENT="p.3"/><SP WIDTH="68" VPOS="621" HPOS="1157"/>
							<String ID="string_408" HPOS="1225" VPOS="620" WIDTH="1" HEIGHT="31" WC="0.91" CONTENT="|"/><SP WIDTH="252" VPOS="620" HPOS="1226"/>
							<String ID="string_409" HPOS="1478" VPOS="621" WIDTH="2" HEIGHT="31" WC="0.68" CONTENT="I"/>
						</TextLine>
						<TextLine ID="line_75" HPOS="1225" VPOS="653" WIDTH="255" HEIGHT="12">
							<String ID="string_410" HPOS="1225" VPOS="656" WIDTH="1" HEIGHT="9" WC="0.71" CONTENT="I"/><SP WIDTH="252" VPOS="656" HPOS="1226"/>
							<String ID="string_411" HPOS="1478" VPOS="653" WIDTH="2" HEIGHT="7" WC="0.67" CONTENT="I"/>
						</TextLine>
						<TextLine ID="line_76" HPOS="1225" VPOS="675" WIDTH="97" HEIGHT="10">
							<String ID="string_412" HPOS="1225" VPOS="677" WIDTH="1" HEIGHT="3" WC="0.71" CONTENT="I"/><SP WIDTH="94" VPOS="677" HPOS="1226"/>
							<String ID="string_413" HPOS="1320" VPOS="675" WIDTH="2" HEIGHT="10" WC="0.72" CONTENT="I"/>
						</TextLine>
						<TextLine ID="line_77" HPOS="1225" VPOS="710" WIDTH="1" HEIGHT="40">
							<String ID="string_414" HPOS="1225" VPOS="710" WIDTH="1" HEIGHT="40" WC="0.81" CONTENT="|"/>
						</TextLine>
						<TextLine ID="line_78" HPOS="1225" VPOS="813" WIDTH="1" HEIGHT="41">
							<String ID="string_415" HPOS="1225" VPOS="813" WIDTH="1" HEIGHT="41" WC="0.73" CONTENT="|"/>
						</TextLine>
						<TextLine ID="line_79" HPOS="1070" VPOS="919" WIDTH="697" HEIGHT="33">
							<String ID="string_416" HPOS="1070" VPOS="929" WIDTH="8" HEIGHT="10" WC="0.18" CONTENT="&gt;»"/><SP WIDTH="42" VPOS="929" HPOS="1078"/>
							<String ID="string_417" HPOS="1120" VPOS="921" WIDTH="40" HEIGHT="20" WC="0.39" CONTENT="11:9"/><SP WIDTH="127" VPOS="921" HPOS="1160"/>
							<String ID="string_418" HPOS="1287" VPOS="921" WIDTH="24" HEIGHT="20" WC="0.95" CONTENT="10"/><SP WIDTH="94" VPOS="921" HPOS="1311"/>
							<String ID="string_419" HPOS="1405" VPOS="921" WIDTH="10" HEIGHT="20" WC="0.72" CONTENT="11"/><SP WIDTH="33" VPOS="921" HPOS="1415"/>
							<String ID="string_420" HPOS="1448" VPOS="915" WIDTH="56" HEIGHT="41" WC="0.78" CONTENT="5419"/><SP WIDTH="10" VPOS="915" HPOS="1504"/>
							<String ID="string_421" HPOS="1514" VPOS="915" WIDTH="72" HEIGHT="41" WC="0.62" CONTENT="Alis]"/><SP WIDTH="12" VPOS="915" HPOS="1586"/>
							<String ID="string_422" HPOS="1598" VPOS="920" WIDTH="67" HEIGHT="21" WC="0.87" CONTENT="19:49]"/><SP WIDTH="33" VPOS="920" HPOS="1665"/>
							<String ID="string_423" HPOS="1698" VPOS="919" WIDTH="69" HEIGHT="21" WC="0.92" CONTENT="20:37"/>
						</TextLine>
						<TextLine ID="line_80" HPOS="1117" VPOS="956" WIDTH="368" HEIGHT="28">
							<String ID="string_424" HPOS="1117" VPOS="956" WIDTH="45" HEIGHT="23" WC="0.75" CONTENT="p.96"/><SP WIDTH="321" VPOS="956" HPOS="1162"/>
							<String ID="string_425" HPOS="1483" VPOS="953" WIDTH="2" HEIGHT="31" WC="0.60" CONTENT="I"/>
						</TextLine>
						<TextLine ID="line_81" HPOS="1320" VPOS="985" WIDTH="165" HEIGHT="22">
							<String ID="string_426" HPOS="1320" VPOS="994" WIDTH="2" HEIGHT="13" WC="0.60" CONTENT="I"/><SP WIDTH="161" VPOS="994" HPOS="1322"/>
							<String ID="string_427" HPOS="1483" VPOS="985" WIDTH="2" HEIGHT="16" WC="0.84" CONTENT="|"/>
						</TextLine>
						<TextLine ID="line_82" HPOS="1070" VPOS="1008" WIDTH="697" HEIGHT="42">
							<String ID="string_428" HPOS="1070" VPOS="1024" WIDTH="8" HEIGHT="12" WC="0.69" CONTENT="&gt;»"/><SP WIDTH="42" VPOS="1024" HPOS="1078"/>
							<String ID="string_429" HPOS="1120" VPOS="1017" WIDTH="40" HEIGHT="21" WC="0.61" CONTENT="|1:9"/><SP WIDTH="125" VPOS="1017" HPOS="1160"/>
							<String ID="string_430" HPOS="1285" VPOS="1008" WIDTH="37" HEIGHT="29" WC="0.10" CONTENT="10]"/><SP WIDTH="83" VPOS="1008" HPOS="1322"/>
							<String ID="string_431" HPOS="1405" VPOS="1017" WIDTH="10" HEIGHT="20" WC="0.26" CONTENT="1|"/><SP WIDTH="34" VPOS="1017" HPOS="1415"/>
							<String ID="string_432" HPOS="1449" VPOS="1015" WIDTH="55" HEIGHT="35" WC="0.86" CONTENT="54/9"/><SP WIDTH="10" VPOS="1015" HPOS="1504"/>
							<String ID="string_433" HPOS="1514" VPOS="1017" WIDTH="58" HEIGHT="19" WC="0.55" CONTENT="Al18]"/><SP WIDTH="26" VPOS="1017" HPOS="1572"/>
							<String ID="string_434" HPOS="1598" VPOS="1012" WIDTH="81" HEIGHT="25" WC="0.75" CONTENT="19:49]"/><SP WIDTH="19" VPOS="1012" HPOS="1679"/>
							<String ID="string_435" HPOS="1698" VPOS="1015" WIDTH="69" HEIGHT="21" WC="0.78" CONTENT="20:87"/>
						</TextLine>
						<TextLine ID="line_83" HPOS="1116" VPOS="1052" WIDTH="369" HEIGHT="30">
							<String ID="string_436" HPOS="1116" VPOS="1052" WIDTH="46" HEIGHT="23" WC="0.0" CONTENT="po"/><SP WIDTH="63" VPOS="1052" HPOS="1162"/>
							<String ID="string_437" HPOS="1225" VPOS="1053" WIDTH="1" HEIGHT="29" WC="0.57" CONTENT="|"/><SP WIDTH="253" VPOS="1053" HPOS="1226"/>
							<String ID="string_438" HPOS="1479" VPOS="1052" WIDTH="6" HEIGHT="29" WC="0.87" CONTENT="|"/>
						</TextLine>
						<TextLine ID="line_84" HPOS="1484" VPOS="1083" WIDTH="1" HEIGHT="16">
							<String ID="string_439" HPOS="1484" VPOS="1083" WIDTH="1" HEIGHT="16" WC="0.74" CONTENT="|"/>
						</TextLine>
						<TextLine ID="line_85" HPOS="1070" VPOS="1101" WIDTH="698" HEIGHT="63">
							<String ID="string_440" HPOS="1121" VPOS="1137" WIDTH="39" HEIGHT="20" WC="0.15" CONTENT="NO"/><SP WIDTH="125" VPOS="1137" HPOS="1160"/>
							<String ID="string_441" HPOS="1285" VPOS="1136" WIDTH="36" HEIGHT="28" WC="0.63" CONTENT="10:"/><SP WIDTH="84" VPOS="1136" HPOS="1321"/>
							<String ID="string_442" HPOS="1405" VPOS="1136" WIDTH="10" HEIGHT="20" WC="0.59" CONTENT="&amp;"/><SP WIDTH="34" VPOS="1136" HPOS="1415"/>
							<String ID="string_443" HPOS="1449" VPOS="1101" WIDTH="36" HEIGHT="55" WC="0.6" CONTENT="SA"/><SP WIDTH="113" VPOS="1101" HPOS="1485"/>
							<String ID="string_444" HPOS="1598" VPOS="1130" WIDTH="32" HEIGHT="37" WC="0.74" CONTENT="19:"/><SP WIDTH="12" VPOS="1130" HPOS="1630"/>
							<String ID="string_445" HPOS="1642" VPOS="1140" WIDTH="24" HEIGHT="16" WC="0.74" CONTENT="49"/><SP WIDTH="4" VPOS="1140" HPOS="1666"/>
							<String ID="string_446" HPOS="1670" VPOS="1130" WIDTH="19" HEIGHT="37" WC="0.93" CONTENT="|"/><SP WIDTH="10" VPOS="1130" HPOS="1689"/>
							<String ID="string_447" HPOS="1699" VPOS="1134" WIDTH="69" HEIGHT="21" WC="0.83" CONTENT="20:37"/>
						</TextLine>
						<TextLine ID="line_86" HPOS="1117" VPOS="1157" WIDTH="368" HEIGHT="43">
							<String ID="string_448" HPOS="1117" VPOS="1171" WIDTH="45" HEIGHT="23" WC="0.91" CONTENT="p.98"/><SP WIDTH="322" VPOS="1171" HPOS="1162"/>
							<String ID="string_449" HPOS="1484" VPOS="1157" WIDTH="1" HEIGHT="43" WC="0.82" CONTENT="|"/>
						</TextLine>
						<TextLine ID="line_87" HPOS="1070" VPOS="1252" WIDTH="697" HEIGHT="24">
							<String ID="string_450" HPOS="1070" VPOS="1256" WIDTH="90" HEIGHT="20" WC="0.23" CONTENT="3:10"/><SP WIDTH="-18" VPOS="1256" HPOS="1160"/>
							<String ID="string_451" HPOS="1142" VPOS="1252" WIDTH="14" HEIGHT="35" WC="0.23" CONTENT="9"/><SP WIDTH="130" VPOS="1252" HPOS="1156"/>
							<String ID="string_452" HPOS="1286" VPOS="1255" WIDTH="25" HEIGHT="21" WC="0.96" CONTENT="10"/><SP WIDTH="95" VPOS="1255" HPOS="1311"/>
							<String ID="string_453" HPOS="1406" VPOS="1255" WIDTH="9" HEIGHT="20" WC="0.22" CONTENT="1/|"/><SP WIDTH="34" VPOS="1255" HPOS="1415"/>
							<String ID="string_454" HPOS="1449" VPOS="1259" WIDTH="24" HEIGHT="16" WC="0.70" CONTENT="54/9"/><SP WIDTH="20" VPOS="1259" HPOS="1473"/>
							<String ID="string_455" HPOS="1493" VPOS="1255" WIDTH="73" HEIGHT="20" WC="0.74" CONTENT="Alis]"/><SP WIDTH="32" VPOS="1255" HPOS="1566"/>
							<String ID="string_456" HPOS="1598" VPOS="1254" WIDTH="68" HEIGHT="21" WC="0.82" CONTENT="19:49"/><SP WIDTH="1" VPOS="1254" HPOS="1666"/>
							<String ID="string_457" HPOS="1667" VPOS="1248" WIDTH="20" HEIGHT="37" WC="0.82" CONTENT="|"/><SP WIDTH="11" VPOS="1248" HPOS="1687"/>
							<String ID="string_458" HPOS="1698" VPOS="1252" WIDTH="69" HEIGHT="21" WC="0.95" CONTENT="20:37"/>
						</TextLine>
						<TextLine ID="line_88" HPOS="1118" VPOS="1289" WIDTH="368" HEIGHT="33">
							<String ID="string_459" HPOS="1118" VPOS="1291" WIDTH="45" HEIGHT="22" WC="0.82" CONTENT="p-99"/><SP WIDTH="321" VPOS="1291" HPOS="1163"/>
							<String ID="string_460" HPOS="1484" VPOS="1289" WIDTH="2" HEIGHT="33" WC="0.44" CONTENT="I"/>
						</TextLine>
						<TextLine ID="line_89" HPOS="1071" VPOS="1352" WIDTH="696" HEIGHT="53">
							<String ID="string_461" HPOS="1071" VPOS="1383" WIDTH="8" HEIGHT="10" WC="0.38" CONTENT="&gt;»"/><SP WIDTH="42" VPOS="1383" HPOS="1079"/>
							<String ID="string_462" HPOS="1121" VPOS="1376" WIDTH="40" HEIGHT="19" WC="0.59" CONTENT="11:9"/><SP WIDTH="126" VPOS="1376" HPOS="1161"/>
							<String ID="string_463" HPOS="1287" VPOS="1375" WIDTH="25" HEIGHT="20" WC="0.96" CONTENT="10"/><SP WIDTH="94" VPOS="1375" HPOS="1312"/>
							<String ID="string_464" HPOS="1406" VPOS="1374" WIDTH="10" HEIGHT="20" WC="0.96" CONTENT="1"/><SP WIDTH="34" VPOS="1374" HPOS="1416"/>
							<String ID="string_465" HPOS="1450" VPOS="1356" WIDTH="36" HEIGHT="39" WC="0.0" CONTENT="ös)"/><SP WIDTH="7" VPOS="1356" HPOS="1486"/>
							<String ID="string_466" HPOS="1493" VPOS="1374" WIDTH="10" HEIGHT="20" WC="0.0" CONTENT="9"/><SP WIDTH="11" VPOS="1374" HPOS="1503"/>
							<String ID="string_467" HPOS="1514" VPOS="1352" WIDTH="52" HEIGHT="53" WC="0.44" CONTENT="Als"/><SP WIDTH="32" VPOS="1352" HPOS="1566"/>
							<String ID="string_468" HPOS="1598" VPOS="1373" WIDTH="67" HEIGHT="21" WC="0.75" CONTENT="19:49"/><SP WIDTH="5" VPOS="1373" HPOS="1665"/>
							<String ID="string_469" HPOS="1670" VPOS="1368" WIDTH="19" HEIGHT="35" WC="0.95" CONTENT="|"/><SP WIDTH="9" VPOS="1368" HPOS="1689"/>
							<String ID="string_470" HPOS="1698" VPOS="1372" WIDTH="33" HEIGHT="20" WC="0.78" CONTENT="20:"/><SP WIDTH="11" VPOS="1372" HPOS="1731"/>
							<String ID="string_471" HPOS="1742" VPOS="1377" WIDTH="25" HEIGHT="17" WC="0.78" CONTENT="37"/>
						</TextLine>
						<TextLine ID="line_90" HPOS="1112" VPOS="1410" WIDTH="58" HEIGHT="23">
							<String ID="string_472" HPOS="1112" VPOS="1416" WIDTH="17" HEIGHT="17" WC="0.29" CONTENT="p-"/><SP WIDTH="6" VPOS="1416" HPOS="1129"/>
							<String ID="string_473" HPOS="1135" VPOS="1410" WIDTH="35" HEIGHT="23" WC="0.65" CONTENT="100"/>
						</TextLine>
						<TextLine ID="line_91" HPOS="1479" VPOS="1454" WIDTH="2" HEIGHT="14">
							<String ID="string_474" HPOS="1479" VPOS="1454" WIDTH="2" HEIGHT="14" WC="0.57" CONTENT="|"/>
						</TextLine>
						<TextLine ID="line_92" HPOS="1279" VPOS="1739" WIDTH="2" HEIGHT="14">
							<String ID="string_475" HPOS="1279" VPOS="1739" WIDTH="2" HEIGHT="14" WC="0.69" CONTENT="|"/>
						</TextLine>
						<TextLine ID="line_93" HPOS="1279" VPOS="1838" WIDTH="2" HEIGHT="26">
							<String ID="string_476" HPOS="1279" VPOS="1838" WIDTH="2" HEIGHT="26" WC="0.62" CONTENT="|"/>
						</TextLine>
						<TextLine ID="line_94" HPOS="1280" VPOS="1946" WIDTH="1" HEIGHT="23">
							<String ID="string_477" HPOS="1280" VPOS="1946" WIDTH="1" HEIGHT="23" WC="0.82" CONTENT="|"/>
						</TextLine>
						<TextLine ID="line_95" HPOS="1280" VPOS="1976" WIDTH="1" HEIGHT="38">
							<String ID="string_478" HPOS="1280" VPOS="1976" WIDTH="1" HEIGHT="38" WC="0.87" CONTENT="|"/>
						</TextLine>
					</TextBlock>
				</ComposedBlock>
				<ComposedBlock ID="cblock_27" HPOS="1108" VPOS="197" WIDTH="5" HEIGHT="1879">
					<TextBlock ID="block_39" HPOS="1108" VPOS="197" WIDTH="5" HEIGHT="1879">
						<TextLine ID="line_96" HPOS="1108" VPOS="197" WIDTH="5" HEIGHT="1879">
							<String ID="string_479" HPOS="1108" VPOS="197" WIDTH="5" HEIGHT="1879" WC="0.95" CONTENT=" "/>
						</TextLine>
					</TextBlock>
				</ComposedBlock>
				<ComposedBlock ID="cblock_28" HPOS="1226" VPOS="759" WIDTH="3" HEIGHT="1315">
					<TextBlock ID="block_40" HPOS="1226" VPOS="759" WIDTH="3" HEIGHT="1315">
						<TextLine ID="line_97" HPOS="1226" VPOS="759" WIDTH="3" HEIGHT="1315">
							<String ID="string_480" HPOS="1226" VPOS="759" WIDTH="3" HEIGHT="1315" WC="0.95" CONTENT=" "/>
						</TextLine>
					</TextBlock>
				</ComposedBlock>
				<ComposedBlock ID="cblock_29" HPOS="1320" VPOS="351" WIDTH="4" HEIGHT="1724">
					<TextBlock ID="block_41" HPOS="1320" VPOS="351" WIDTH="4" HEIGHT="1724">
						<TextLine ID="line_98" HPOS="1320" VPOS="351" WIDTH="4" HEIGHT="1724">
							<String ID="string_481" HPOS="1320" VPOS="351" WIDTH="4" HEIGHT="1724" WC="0.95" CONTENT=" "/>
						</TextLine>
					</TextBlock>
				</ComposedBlock>
				<ComposedBlock ID="cblock_30" HPOS="1428" VPOS="351" WIDTH="3" HEIGHT="1725">
					<TextBlock ID="block_42" HPOS="1428" VPOS="351" WIDTH="3" HEIGHT="1725">
						<TextLine ID="line_99" HPOS="1428" VPOS="351" WIDTH="3" HEIGHT="1725">
							<String ID="string_482" HPOS="1428" VPOS="351" WIDTH="3" HEIGHT="1725" WC="0.95" CONTENT=" "/>
						</TextLine>
					</TextBlock>
				</ComposedBlock>
				<ComposedBlock ID="cblock_31" HPOS="1479" VPOS="206" WIDTH="3" HEIGHT="1869">
					<TextBlock ID="block_43" HPOS="1479" VPOS="206" WIDTH="3" HEIGHT="1869">
						<TextLine ID="line_100" HPOS="1479" VPOS="206" WIDTH="3" HEIGHT="1869">
							<String ID="string_483" HPOS="1479" VPOS="206" WIDTH="3" HEIGHT="1869" WC="0.95" CONTENT=" "/>
						</TextLine>
					</TextBlock>
				</ComposedBlock>
				<ComposedBlock ID="cblock_32" HPOS="1484" VPOS="1416" WIDTH="1" HEIGHT="660">
					<TextBlock ID="block_44" HPOS="1484" VPOS="1416" WIDTH="1" HEIGHT="660">
						<TextLine ID="line_101" HPOS="1484" VPOS="1416" WIDTH="1" HEIGHT="660">
							<String ID="string_484" HPOS="1484" VPOS="1416" WIDTH="1" HEIGHT="660" WC="0.95" CONTENT=" "/>
						</TextLine>
					</TextBlock>
				</ComposedBlock>
				<ComposedBlock ID="cblock_33" HPOS="1535" VPOS="351" WIDTH="3" HEIGHT="1724">
					<TextBlock ID="block_45" HPOS="1535" VPOS="351" WIDTH="3" HEIGHT="1724">
						<TextLine ID="line_102" HPOS="1535" VPOS="351" WIDTH="3" HEIGHT="1724">
							<String ID="string_485" HPOS="1535" VPOS="351" WIDTH="3" HEIGHT="1724" WC="0.95" CONTENT=" "/>
						</TextLine>
					</TextBlock>
				</ComposedBlock>
				<ComposedBlock ID="cblock_34" HPOS="1576" VPOS="206" WIDTH="5" HEIGHT="1870">
					<TextBlock ID="block_46" HPOS="1576" VPOS="206" WIDTH="5" HEIGHT="1870">
						<TextLine ID="line_103" HPOS="1576" VPOS="206" WIDTH="5" HEIGHT="1870">
							<String ID="string_486" HPOS="1576" VPOS="206" WIDTH="5" HEIGHT="1870" WC="0.95" CONTENT=" "/>
						</TextLine>
					</TextBlock>
				</ComposedBlock>
				<ComposedBlock ID="cblock_35" HPOS="1678" VPOS="352" WIDTH="3" HEIGHT="1716">
					<TextBlock ID="block_47" HPOS="1678" VPOS="352" WIDTH="3" HEIGHT="1716">
						<TextLine ID="line_104" HPOS="1678" VPOS="352" WIDTH="3" HEIGHT="1716">
							<String ID="string_487" HPOS="1678" VPOS="352" WIDTH="3" HEIGHT="1716" WC="0.95" CONTENT=" "/>
						</TextLine>
					</TextBlock>
				</ComposedBlock>
				<ComposedBlock ID="cblock_36" HPOS="1032" VPOS="2352" WIDTH="797" HEIGHT="4">
					<TextBlock ID="block_48" HPOS="1032" VPOS="2352" WIDTH="797" HEIGHT="4">
						<TextLine ID="line_105" HPOS="1032" VPOS="2352" WIDTH="797" HEIGHT="4">
							<String ID="string_488" HPOS="1032" VPOS="2352" WIDTH="797" HEIGHT="4" WC="0.95" CONTENT=" "/>
						</TextLine>
					</TextBlock>
				</ComposedBlock>
				<ComposedBlock ID="cblock_37" HPOS="1837" VPOS="505" WIDTH="10" HEIGHT="714">
					<TextBlock ID="block_49" HPOS="1837" VPOS="505" WIDTH="10" HEIGHT="714">
						<TextLine ID="line_106" HPOS="1837" VPOS="505" WIDTH="10" HEIGHT="714">
							<String ID="string_489" HPOS="1837" VPOS="505" WIDTH="10" HEIGHT="714" WC="0.95" CONTENT=" "/>
						</TextLine>
					</TextBlock>
				</ComposedBlock>
				<ComposedBlock ID="cblock_38" HPOS="1778" VPOS="206" WIDTH="3" HEIGHT="1868">
					<TextBlock ID="block_50" HPOS="1778" VPOS="206" WIDTH="3" HEIGHT="1868">
						<TextLine ID="line_107" HPOS="1778" VPOS="206" WIDTH="3" HEIGHT="1868">
							<String ID="string_490" HPOS="1778" VPOS="206" WIDTH="3" HEIGHT="1868" WC="0.95" CONTENT=" "/>
						</TextLine>
					</TextBlock>
				</ComposedBlock>
			</PrintSpace>
		</Page>
	</Layout>
</alto>
