<?xml version="1.0" encoding="UTF-8"?>
<alto xmlns="http://www.loc.gov/standards/alto/ns-v3#" xmlns:xlink="http://www.w3.org/1999/xlink" xmlns:xsi="http://www.w3.org/2001/XMLSchema-instance" xsi:schemaLocation="http://www.loc.gov/standards/alto/ns-v3# http://www.loc.gov/alto/v3/alto-3-0.xsd">
	<Description>
		<MeasurementUnit>pixel</MeasurementUnit>
		<sourceImageInformation>
			<fileName></fileName>
		</sourceImageInformation>
		<OCRProcessing ID="OCR_0">
			<ocrProcessingStep>
				<processingSoftware>
					<softwareName>tesseract 4.1.1</softwareName>
				</processingSoftware>
			</ocrProcessingStep>
		</OCRProcessing>
	</Description>
	<Layout>
		<Page WIDTH="1849" HEIGHT="2357" PHYSICAL_IMG_NR="0" ID="page_0">
			<PrintSpace HPOS="0" VPOS="0" WIDTH="1849" HEIGHT="2357">
				<ComposedBlock ID="cblock_0" HPOS="172" VPOS="156" WIDTH="868" HEIGHT="21">
					<TextBlock ID="block_0" HPOS="172" VPOS="156" WIDTH="868" HEIGHT="21">
						<TextLine ID="line_0" HPOS="172" VPOS="156" WIDTH="868" HEIGHT="21">
							<String ID="string_0" HPOS="172" VPOS="156" WIDTH="42" HEIGHT="21" WC="0.96" CONTENT="352"/><SP WIDTH="690" VPOS="156" HPOS="214"/>
							<String ID="string_1" HPOS="904" VPOS="162" WIDTH="136" HEIGHT="15" WC="0.91" CONTENT="SAKREGISTER"/>
						</TextLine>
					</TextBlock>
				</ComposedBlock>
				<ComposedBlock ID="cblock_1" HPOS="167" VPOS="205" WIDTH="1608" HEIGHT="9">
					<TextBlock ID="block_1" HPOS="167" VPOS="205" WIDTH="1608" HEIGHT="9">
						<TextLine ID="line_1" HPOS="167" VPOS="205" WIDTH="1608" HEIGHT="9">
							<String ID="string_2" HPOS="167" VPOS="205" WIDTH="1608" HEIGHT="9" WC="0.95" CONTENT=" "/>
						</TextLine>
					</TextBlock>
				</ComposedBlock>
				<ComposedBlock ID="cblock_2" HPOS="167" VPOS="205" WIDTH="1608" HEIGHT="9">
					<TextBlock ID="block_2" HPOS="167" VPOS="205" WIDTH="1608" HEIGHT="9">
						<TextLine ID="line_2" HPOS="167" VPOS="205" WIDTH="1608" HEIGHT="9">
							<String ID="string_3" HPOS="167" VPOS="205" WIDTH="1608" HEIGHT="9" WC="0.95" CONTENT=" "/>
						</TextLine>
					</TextBlock>
				</ComposedBlock>
				<ComposedBlock ID="cblock_3" HPOS="167" VPOS="220" WIDTH="5" HEIGHT="1864">
					<TextBlock ID="block_3" HPOS="167" VPOS="220" WIDTH="5" HEIGHT="1864">
						<TextLine ID="line_3" HPOS="167" VPOS="220" WIDTH="5" HEIGHT="1864">
							<String ID="string_4" HPOS="167" VPOS="220" WIDTH="5" HEIGHT="1864" WC="0.95" CONTENT=" "/>
						</TextLine>
					</TextBlock>
				</ComposedBlock>
				<ComposedBlock ID="cblock_4" HPOS="0" VPOS="1069" WIDTH="4" HEIGHT="1286">
					<TextBlock ID="block_4" HPOS="0" VPOS="1069" WIDTH="4" HEIGHT="1286">
						<TextLine ID="line_4" HPOS="0" VPOS="1069" WIDTH="4" HEIGHT="1286">
							<String ID="string_5" HPOS="0" VPOS="1069" WIDTH="4" HEIGHT="1286" WC="0.95" CONTENT=" "/>
						</TextLine>
					</TextBlock>
				</ComposedBlock>
				<ComposedBlock ID="cblock_5" HPOS="637" VPOS="213" WIDTH="1139" HEIGHT="7">
					<TextBlock ID="block_5" HPOS="637" VPOS="213" WIDTH="1139" HEIGHT="7">
						<TextLine ID="line_5" HPOS="637" VPOS="213" WIDTH="1139" HEIGHT="7">
							<String ID="string_6" HPOS="637" VPOS="213" WIDTH="1139" HEIGHT="7" WC="0.95" CONTENT=" "/>
						</TextLine>
					</TextBlock>
				</ComposedBlock>
				<ComposedBlock ID="cblock_6" HPOS="1280" VPOS="356" WIDTH="493" HEIGHT="2">
					<TextBlock ID="block_6" HPOS="1280" VPOS="356" WIDTH="493" HEIGHT="2">
						<TextLine ID="line_6" HPOS="1280" VPOS="356" WIDTH="493" HEIGHT="2">
							<String ID="string_7" HPOS="1280" VPOS="356" WIDTH="493" HEIGHT="2" WC="0.95" CONTENT=" "/>
						</TextLine>
					</TextBlock>
				</ComposedBlock>
				<ComposedBlock ID="cblock_7" HPOS="1035" VPOS="432" WIDTH="737" HEIGHT="5">
					<TextBlock ID="block_7" HPOS="1035" VPOS="432" WIDTH="737" HEIGHT="5">
						<TextLine ID="line_7" HPOS="1035" VPOS="432" WIDTH="737" HEIGHT="5">
							<String ID="string_8" HPOS="1035" VPOS="432" WIDTH="737" HEIGHT="5" WC="0.95" CONTENT=" "/>
						</TextLine>
					</TextBlock>
				</ComposedBlock>
				<ComposedBlock ID="cblock_8" HPOS="1273" VPOS="216" WIDTH="5" HEIGHT="650">
					<TextBlock ID="block_8" HPOS="1273" VPOS="216" WIDTH="5" HEIGHT="650">
						<TextLine ID="line_8" HPOS="1273" VPOS="216" WIDTH="5" HEIGHT="650">
							<String ID="string_9" HPOS="1273" VPOS="216" WIDTH="5" HEIGHT="650" WC="0.95" CONTENT=" "/>
						</TextLine>
					</TextBlock>
				</ComposedBlock>
				<ComposedBlock ID="cblock_9" HPOS="1165" VPOS="216" WIDTH="6" HEIGHT="724">
					<TextBlock ID="block_9" HPOS="1165" VPOS="216" WIDTH="6" HEIGHT="724">
						<TextLine ID="line_9" HPOS="1165" VPOS="216" WIDTH="6" HEIGHT="724">
							<String ID="string_10" HPOS="1165" VPOS="216" WIDTH="6" HEIGHT="724" WC="0.95" CONTENT=" "/>
						</TextLine>
					</TextBlock>
				</ComposedBlock>
				<ComposedBlock ID="cblock_10" HPOS="1220" VPOS="362" WIDTH="6" HEIGHT="720">
					<TextBlock ID="block_10" HPOS="1220" VPOS="362" WIDTH="6" HEIGHT="720">
						<TextLine ID="line_10" HPOS="1220" VPOS="362" WIDTH="6" HEIGHT="720">
							<String ID="string_11" HPOS="1220" VPOS="362" WIDTH="6" HEIGHT="720" WC="0.95" CONTENT=" "/>
						</TextLine>
					</TextBlock>
				</ComposedBlock>
				<ComposedBlock ID="cblock_11" HPOS="1424" VPOS="441" WIDTH="4" HEIGHT="856">
					<TextBlock ID="block_11" HPOS="1424" VPOS="441" WIDTH="4" HEIGHT="856">
						<TextLine ID="line_11" HPOS="1424" VPOS="441" WIDTH="4" HEIGHT="856">
							<String ID="string_12" HPOS="1424" VPOS="441" WIDTH="4" HEIGHT="856" WC="0.95" CONTENT=" "/>
						</TextLine>
					</TextBlock>
				</ComposedBlock>
				<ComposedBlock ID="cblock_12" HPOS="1474" VPOS="230" WIDTH="7" HEIGHT="1350">
					<TextBlock ID="block_12" HPOS="1474" VPOS="230" WIDTH="7" HEIGHT="1350">
						<TextLine ID="line_12" HPOS="1474" VPOS="230" WIDTH="7" HEIGHT="1350">
							<String ID="string_13" HPOS="1474" VPOS="230" WIDTH="7" HEIGHT="1350" WC="0.95" CONTENT=" "/>
						</TextLine>
					</TextBlock>
				</ComposedBlock>
				<ComposedBlock ID="cblock_13" HPOS="1474" VPOS="230" WIDTH="7" HEIGHT="1575">
					<TextBlock ID="block_13" HPOS="1474" VPOS="230" WIDTH="7" HEIGHT="1575">
						<TextLine ID="line_13" HPOS="1474" VPOS="230" WIDTH="7" HEIGHT="1575">
							<String ID="string_14" HPOS="1474" VPOS="230" WIDTH="7" HEIGHT="1575" WC="0.95" CONTENT=" "/>
						</TextLine>
					</TextBlock>
				</ComposedBlock>
				<ComposedBlock ID="cblock_14" HPOS="1220" VPOS="1254" WIDTH="4" HEIGHT="668">
					<TextBlock ID="block_14" HPOS="1220" VPOS="1254" WIDTH="4" HEIGHT="668">
						<TextLine ID="line_14" HPOS="1220" VPOS="1254" WIDTH="4" HEIGHT="668">
							<String ID="string_15" HPOS="1220" VPOS="1254" WIDTH="4" HEIGHT="668" WC="0.95" CONTENT=" "/>
						</TextLine>
					</TextBlock>
				</ComposedBlock>
				<ComposedBlock ID="cblock_15" HPOS="1166" VPOS="1870" WIDTH="1" HEIGHT="75">
					<TextBlock ID="block_15" HPOS="1166" VPOS="1870" WIDTH="1" HEIGHT="75">
						<TextLine ID="line_15" HPOS="1166" VPOS="1870" WIDTH="1" HEIGHT="75">
							<String ID="string_16" HPOS="1166" VPOS="1870" WIDTH="1" HEIGHT="75" WC="0.95" CONTENT=" "/>
						</TextLine>
					</TextBlock>
				</ComposedBlock>
				<ComposedBlock ID="cblock_16" HPOS="170" VPOS="216" WIDTH="1604" HEIGHT="1867">
					<TextBlock ID="block_16" HPOS="170" VPOS="216" WIDTH="1604" HEIGHT="1867">
						<TextLine ID="line_16" HPOS="170" VPOS="216" WIDTH="1382" HEIGHT="40">
							<String ID="string_17" HPOS="277" VPOS="216" WIDTH="112" HEIGHT="1" WC="0.38" CONTENT="a"/><SP WIDTH="89" VPOS="216" HPOS="389"/>
							<String ID="string_18" HPOS="478" VPOS="216" WIDTH="10" HEIGHT="1" WC="0.48" CONTENT="3"/><SP WIDTH="547" VPOS="216" HPOS="488"/>
							<String ID="string_19" HPOS="1035" VPOS="231" WIDTH="1" HEIGHT="25" WC="0.93" CONTENT="|"/><SP WIDTH="79" VPOS="231" HPOS="1036"/>
							<String ID="string_20" HPOS="1115" VPOS="226" WIDTH="41" HEIGHT="30" WC="0.26" CONTENT="SÅ"/><SP WIDTH="343" VPOS="226" HPOS="1156"/>
							<String ID="string_21" HPOS="1499" VPOS="230" WIDTH="53" HEIGHT="17" WC="0.91" CONTENT="Riks-"/>
						</TextLine>
						<TextLine ID="line_17" HPOS="1062" VPOS="245" WIDTH="674" HEIGHT="44">
							<String ID="string_22" HPOS="1062" VPOS="255" WIDTH="17" HEIGHT="25" WC="0.52" CONTENT="5"/><SP WIDTH="36" VPOS="255" HPOS="1079"/>
							<String ID="string_23" HPOS="1115" VPOS="254" WIDTH="17" HEIGHT="35" WC="0.61" CONTENT="z"/><SP WIDTH="5" VPOS="254" HPOS="1132"/>
							<String ID="string_24" HPOS="1137" VPOS="253" WIDTH="14" HEIGHT="35" WC="0.23" CONTENT="RR"/><SP WIDTH="65" VPOS="253" HPOS="1151"/>
							<String ID="string_25" HPOS="1216" VPOS="278" WIDTH="3" HEIGHT="4" WC="0.0" CONTENT="z"/><SP WIDTH="112" VPOS="278" HPOS="1219"/>
							<String ID="string_26" HPOS="1331" VPOS="245" WIDTH="96" HEIGHT="41" WC="0.41" CONTENT="Utskotte-"/><SP WIDTH="62" VPOS="245" HPOS="1427"/>
							<String ID="string_27" HPOS="1489" VPOS="260" WIDTH="72" HEIGHT="21" WC="0.96" CONTENT="dagens"/><SP WIDTH="58" VPOS="260" HPOS="1561"/>
							<String ID="string_28" HPOS="1619" VPOS="260" WIDTH="117" HEIGHT="16" WC="0.90" CONTENT="Kamrarnas"/>
						</TextLine>
						<TextLine ID="line_18" HPOS="1062" VPOS="274" WIDTH="688" HEIGHT="41">
							<String ID="string_29" HPOS="1062" VPOS="283" WIDTH="94" HEIGHT="28" WC="0.0" CONTENT="Föls"/><SP WIDTH="17" VPOS="283" HPOS="1156"/>
							<String ID="string_30" HPOS="1173" VPOS="275" WIDTH="96" HEIGHT="31" WC="0.95" CONTENT="Motioner"/><SP WIDTH="51" VPOS="275" HPOS="1269"/>
							<String ID="string_31" HPOS="1320" VPOS="274" WIDTH="114" HEIGHT="41" WC="0.96" CONTENT="utlåtanden"/><SP WIDTH="69" VPOS="274" HPOS="1434"/>
							<String ID="string_32" HPOS="1503" VPOS="290" WIDTH="46" HEIGHT="17" WC="0.0" CONTENT="SET"/><SP WIDTH="55" VPOS="290" HPOS="1549"/>
							<String ID="string_33" HPOS="1604" VPOS="289" WIDTH="146" HEIGHT="22" WC="0.96" CONTENT="förhandlingar"/>
						</TextLine>
						<TextLine ID="line_19" HPOS="1062" VPOS="305" WIDTH="496" HEIGHT="44">
							<String ID="string_34" HPOS="1062" VPOS="315" WIDTH="17" HEIGHT="27" WC="0.33" CONTENT="="/><SP WIDTH="38" VPOS="315" HPOS="1079"/>
							<String ID="string_35" HPOS="1117" VPOS="305" WIDTH="26" HEIGHT="44" WC="0.36" CONTENT="2.2"/><SP WIDTH="153" VPOS="305" HPOS="1143"/>
							<String ID="string_36" HPOS="1296" VPOS="308" WIDTH="47" HEIGHT="17" WC="0.96" CONTENT="eller"/><SP WIDTH="13" VPOS="308" HPOS="1343"/>
							<String ID="string_37" HPOS="1356" VPOS="308" WIDTH="98" HEIGHT="18" WC="0.96" CONTENT="memorial"/><SP WIDTH="42" VPOS="308" HPOS="1454"/>
							<String ID="string_38" HPOS="1496" VPOS="320" WIDTH="62" HEIGHT="17" WC="0.0" CONTENT="Völder"/>
						</TextLine>
						<TextLine ID="line_20" HPOS="1057" VPOS="344" WIDTH="476" HEIGHT="41">
							<String ID="string_39" HPOS="1057" VPOS="346" WIDTH="17" HEIGHT="24" WC="0.0" CONTENT="C"/><SP WIDTH="65" VPOS="346" HPOS="1074"/>
							<String ID="string_40" HPOS="1139" VPOS="344" WIDTH="9" HEIGHT="40" WC="0.15" CONTENT="Et"/><SP WIDTH="24" VPOS="344" HPOS="1148"/>
							<String ID="string_41" HPOS="1172" VPOS="356" WIDTH="51" HEIGHT="3" WC="0.2" CONTENT="a"/><SP WIDTH="13" VPOS="356" HPOS="1223"/>
							<String ID="string_42" HPOS="1236" VPOS="357" WIDTH="81" HEIGHT="22" WC="0.6" CONTENT="SAS"/><SP WIDTH="4" VPOS="357" HPOS="1317"/>
							<String ID="string_43" HPOS="1321" VPOS="345" WIDTH="30" HEIGHT="39" WC="0.30" CONTENT="AS"/><SP WIDTH="73" VPOS="345" HPOS="1351"/>
							<String ID="string_44" HPOS="1424" VPOS="363" WIDTH="1" HEIGHT="22" WC="0.21" CONTENT="|"/><SP WIDTH="106" VPOS="363" HPOS="1425"/>
							<String ID="string_45" HPOS="1531" VPOS="365" WIDTH="2" HEIGHT="5" WC="0.6" CONTENT="T"/>
						</TextLine>
						<TextLine ID="line_21" HPOS="1063" VPOS="354" WIDTH="555" HEIGHT="36">
							<String ID="string_46" HPOS="1116" VPOS="375" WIDTH="12" HEIGHT="9" WC="0.23" CONTENT="le"/><SP WIDTH="173" VPOS="375" HPOS="1128"/>
							<String ID="string_47" HPOS="1301" VPOS="376" WIDTH="4" HEIGHT="3" WC="0.27" CONTENT="p"/><SP WIDTH="144" VPOS="376" HPOS="1305"/>
							<String ID="string_48" HPOS="1449" VPOS="354" WIDTH="8" HEIGHT="36" WC="0.0" CONTENT="ör"/><SP WIDTH="154" VPOS="354" HPOS="1457"/>
							<String ID="string_49" HPOS="1611" VPOS="375" WIDTH="7" HEIGHT="4" WC="0.0" CONTENT="Ä"/>
						</TextLine>
						<TextLine ID="line_22" HPOS="1063" VPOS="373" WIDTH="698" HEIGHT="51">
							<String ID="string_50" HPOS="1063" VPOS="376" WIDTH="17" HEIGHT="24" WC="0.44" CONTENT="="/><SP WIDTH="9" VPOS="376" HPOS="1080"/>
							<String ID="string_51" HPOS="1089" VPOS="367" WIDTH="24" HEIGHT="61" WC="0.0" CONTENT="|"/><SP WIDTH="3" VPOS="367" HPOS="1113"/>
							<String ID="string_52" HPOS="1116" VPOS="386" WIDTH="36" HEIGHT="34" WC="0.0" CONTENT="28"/><SP WIDTH="25" VPOS="386" HPOS="1152"/>
							<String ID="string_53" HPOS="1177" VPOS="386" WIDTH="33" HEIGHT="17" WC="0.20" CONTENT="FEAR"/><SP WIDTH="22" VPOS="386" HPOS="1210"/>
							<String ID="string_54" HPOS="1232" VPOS="374" WIDTH="117" HEIGHT="50" WC="0.28" CONTENT="(Bl"/><SP WIDTH="-16" VPOS="374" HPOS="1349"/>
							<String ID="string_55" HPOS="1333" VPOS="367" WIDTH="39" HEIGHT="61" WC="0.28" CONTENT="ZE)"/><SP WIDTH="14" VPOS="367" HPOS="1372"/>
							<String ID="string_56" HPOS="1386" VPOS="404" WIDTH="11" HEIGHT="8" WC="0.59" CONTENT="2"/><SP WIDTH="27" VPOS="404" HPOS="1397"/>
							<String ID="string_57" HPOS="1424" VPOS="375" WIDTH="39" HEIGHT="45" WC="0.10" CONTENT="[2]"/><SP WIDTH="36" VPOS="375" HPOS="1463"/>
							<String ID="string_58" HPOS="1499" VPOS="375" WIDTH="65" HEIGHT="45" WC="0.0" CONTENT="ZE"/><SP WIDTH="26" VPOS="375" HPOS="1564"/>
							<String ID="string_59" HPOS="1590" VPOS="373" WIDTH="171" HEIGHT="41" WC="0.0" CONTENT="kame"/><SP WIDTH="-100" VPOS="373" HPOS="1761"/>
							<String ID="string_60" HPOS="1661" VPOS="367" WIDTH="24" HEIGHT="61" WC="0.87" CONTENT="|"/><SP WIDTH="-1" VPOS="367" HPOS="1685"/>
							<String ID="string_61" HPOS="1684" VPOS="373" WIDTH="77" HEIGHT="41" WC="0.0" CONTENT="kam."/>
						</TextLine>
						<TextLine ID="line_23" HPOS="186" VPOS="436" WIDTH="1491" HEIGHT="36">
							<String ID="string_62" HPOS="186" VPOS="436" WIDTH="216" HEIGHT="36" WC="0.89" CONTENT="Djurgårdskassan."/><SP WIDTH="914" VPOS="436" HPOS="402"/>
							<String ID="string_63" HPOS="1316" VPOS="440" WIDTH="1" HEIGHT="23" WC="0.12" CONTENT="RR"/><SP WIDTH="214" VPOS="440" HPOS="1317"/>
							<String ID="string_64" HPOS="1531" VPOS="440" WIDTH="2" HEIGHT="16" WC="0.73" CONTENT="I"/><SP WIDTH="143" VPOS="440" HPOS="1533"/>
							<String ID="string_65" HPOS="1676" VPOS="442" WIDTH="1" HEIGHT="28" WC="0.91" CONTENT="|"/>
						</TextLine>
						<TextLine ID="line_24" HPOS="216" VPOS="469" WIDTH="1547" HEIGHT="36">
							<String ID="string_66" HPOS="216" VPOS="471" WIDTH="38" HEIGHT="20" WC="0.91" CONTENT="RD"/><SP WIDTH="17" VPOS="471" HPOS="254"/>
							<String ID="string_67" HPOS="271" VPOS="471" WIDTH="114" HEIGHT="26" WC="0.90" CONTENT="medgiver,"/><SP WIDTH="17" VPOS="471" HPOS="385"/>
							<String ID="string_68" HPOS="402" VPOS="473" WIDTH="32" HEIGHT="18" WC="0.96" CONTENT="att"/><SP WIDTH="15" VPOS="473" HPOS="434"/>
							<String ID="string_69" HPOS="449" VPOS="471" WIDTH="33" HEIGHT="20" WC="0.92" CONTENT="till"/><SP WIDTH="16" VPOS="471" HPOS="482"/>
							<String ID="string_70" HPOS="498" VPOS="470" WIDTH="168" HEIGHT="21" WC="0.92" CONTENT="säkerställande"/><SP WIDTH="11" VPOS="470" HPOS="666"/>
							<String ID="string_71" HPOS="677" VPOS="477" WIDTH="26" HEIGHT="13" WC="0.96" CONTENT="av"/><SP WIDTH="11" VPOS="477" HPOS="703"/>
							<String ID="string_72" HPOS="714" VPOS="470" WIDTH="120" HEIGHT="20" WC="0.93" CONTENT="Ulriksdals"/><SP WIDTH="11" VPOS="470" HPOS="834"/>
							<String ID="string_73" HPOS="845" VPOS="470" WIDTH="131" HEIGHT="26" WC="0.92" CONTENT="kungsgårds"/><SP WIDTH="11" VPOS="470" HPOS="976"/>
							<String ID="string_74" HPOS="987" VPOS="470" WIDTH="39" HEIGHT="19" WC="0.92" CONTENT="för-"/><SP WIDTH="16" VPOS="470" HPOS="1026"/>
							<String ID="string_75" HPOS="1042" VPOS="469" WIDTH="56" HEIGHT="23" WC="0.65" CONTENT="19241"/><SP WIDTH="24" VPOS="469" HPOS="1098"/>
							<String ID="string_76" HPOS="1122" VPOS="471" WIDTH="26" HEIGHT="20" WC="0.96" CONTENT="59"/><SP WIDTH="147" VPOS="471" HPOS="1148"/>
							<String ID="string_77" HPOS="1295" VPOS="471" WIDTH="11" HEIGHT="19" WC="0.6" CONTENT="i"/><SP WIDTH="196" VPOS="471" HPOS="1306"/>
							<String ID="string_78" HPOS="1502" VPOS="470" WIDTH="31" HEIGHT="29" WC="0.0" CONTENT="75|"/><SP WIDTH="61" VPOS="470" HPOS="1533"/>
							<String ID="string_79" HPOS="1594" VPOS="470" WIDTH="33" HEIGHT="20" WC="0.87" CONTENT="22:"/><SP WIDTH="12" VPOS="470" HPOS="1627"/>
							<String ID="string_80" HPOS="1639" VPOS="475" WIDTH="9" HEIGHT="15" WC="0.67" CONTENT="8"/><SP WIDTH="28" VPOS="475" HPOS="1648"/>
							<String ID="string_81" HPOS="1676" VPOS="478" WIDTH="1" HEIGHT="27" WC="0.89" CONTENT="|"/><SP WIDTH="19" VPOS="478" HPOS="1677"/>
							<String ID="string_82" HPOS="1696" VPOS="469" WIDTH="67" HEIGHT="21" WC="0.88" CONTENT="21:31"/>
						</TextLine>
						<TextLine ID="line_25" HPOS="233" VPOS="480" WIDTH="1444" HEIGHT="56">
							<String ID="string_83" HPOS="233" VPOS="501" WIDTH="96" HEIGHT="26" WC="0.91" CONTENT="valtning"/><SP WIDTH="15" VPOS="501" HPOS="329"/>
							<String ID="string_84" HPOS="344" VPOS="501" WIDTH="40" HEIGHT="20" WC="0.96" CONTENT="och"/><SP WIDTH="11" VPOS="501" HPOS="384"/>
							<String ID="string_85" HPOS="395" VPOS="501" WIDTH="52" HEIGHT="20" WC="0.96" CONTENT="drift"/><SP WIDTH="11" VPOS="501" HPOS="447"/>
							<String ID="string_86" HPOS="458" VPOS="501" WIDTH="35" HEIGHT="20" WC="0.96" CONTENT="må"/><SP WIDTH="11" VPOS="501" HPOS="493"/>
							<String ID="string_87" HPOS="504" VPOS="508" WIDTH="26" HEIGHT="13" WC="0.93" CONTENT="av"/><SP WIDTH="11" VPOS="508" HPOS="530"/>
							<String ID="string_88" HPOS="541" VPOS="500" WIDTH="207" HEIGHT="27" WC="0.92" CONTENT="Djurgårdskassans"/><SP WIDTH="11" VPOS="500" HPOS="748"/>
							<String ID="string_89" HPOS="759" VPOS="500" WIDTH="189" HEIGHT="20" WC="0.91" CONTENT="överskottsmedel"/><SP WIDTH="11" VPOS="500" HPOS="948"/>
							<String ID="string_90" HPOS="959" VPOS="499" WIDTH="68" HEIGHT="21" WC="0.96" CONTENT="under"/><SP WIDTH="290" VPOS="499" HPOS="1027"/>
							<String ID="string_91" HPOS="1317" VPOS="480" WIDTH="1" HEIGHT="56" WC="0.80" CONTENT="|"/><SP WIDTH="41" VPOS="480" HPOS="1318"/>
							<String ID="string_92" HPOS="1359" VPOS="496" WIDTH="1" HEIGHT="11" WC="0.91" CONTENT="|"/><SP WIDTH="171" VPOS="496" HPOS="1360"/>
							<String ID="string_93" HPOS="1531" VPOS="502" WIDTH="2" HEIGHT="25" WC="0.66" CONTENT="I"/><SP WIDTH="143" VPOS="502" HPOS="1533"/>
							<String ID="string_94" HPOS="1676" VPOS="508" WIDTH="1" HEIGHT="4" WC="0.80" CONTENT="|"/>
						</TextLine>
						<TextLine ID="line_26" HPOS="232" VPOS="528" WIDTH="1445" HEIGHT="35">
							<String ID="string_95" HPOS="232" VPOS="532" WIDTH="23" HEIGHT="19" WC="0.96" CONTENT="år"/><SP WIDTH="17" VPOS="532" HPOS="255"/>
							<String ID="string_96" HPOS="272" VPOS="531" WIDTH="56" HEIGHT="20" WC="0.95" CONTENT="1925"/><SP WIDTH="17" VPOS="531" HPOS="328"/>
							<String ID="string_97" HPOS="345" VPOS="531" WIDTH="106" HEIGHT="20" WC="0.96" CONTENT="utbetalas"/><SP WIDTH="16" VPOS="531" HPOS="451"/>
							<String ID="string_98" HPOS="467" VPOS="532" WIDTH="30" HEIGHT="19" WC="0.96" CONTENT="ett"/><SP WIDTH="16" VPOS="532" HPOS="497"/>
							<String ID="string_99" HPOS="513" VPOS="531" WIDTH="77" HEIGHT="26" WC="0.96" CONTENT="belopp"/><SP WIDTH="17" VPOS="531" HPOS="590"/>
							<String ID="string_100" HPOS="607" VPOS="537" WIDTH="26" HEIGHT="14" WC="0.96" CONTENT="av"/><SP WIDTH="17" VPOS="537" HPOS="633"/>
							<String ID="string_101" HPOS="650" VPOS="530" WIDTH="61" HEIGHT="26" WC="0.96" CONTENT="högst"/><SP WIDTH="17" VPOS="530" HPOS="711"/>
							<String ID="string_102" HPOS="728" VPOS="530" WIDTH="26" HEIGHT="20" WC="0.90" CONTENT="12"/><SP WIDTH="10" VPOS="530" HPOS="754"/>
							<String ID="string_103" HPOS="764" VPOS="530" WIDTH="42" HEIGHT="20" WC="0.90" CONTENT="000"/><SP WIDTH="16" VPOS="530" HPOS="806"/>
							<String ID="string_104" HPOS="822" VPOS="530" WIDTH="31" HEIGHT="20" WC="0.96" CONTENT="kr."/><SP WIDTH="464" VPOS="530" HPOS="853"/>
							<String ID="string_105" HPOS="1317" VPOS="538" WIDTH="1" HEIGHT="25" WC="0.91" CONTENT="|"/><SP WIDTH="213" VPOS="538" HPOS="1318"/>
							<String ID="string_106" HPOS="1531" VPOS="528" WIDTH="2" HEIGHT="29" WC="0.60" CONTENT="|"/><SP WIDTH="143" VPOS="528" HPOS="1533"/>
							<String ID="string_107" HPOS="1676" VPOS="548" WIDTH="1" HEIGHT="15" WC="0.93" CONTENT="|"/>
						</TextLine>
						<TextLine ID="line_27" HPOS="217" VPOS="577" WIDTH="1548" HEIGHT="40">
							<String ID="string_108" HPOS="217" VPOS="591" WIDTH="38" HEIGHT="20" WC="0.92" CONTENT="RD"/><SP WIDTH="17" VPOS="591" HPOS="255"/>
							<String ID="string_109" HPOS="272" VPOS="590" WIDTH="114" HEIGHT="27" WC="0.89" CONTENT="medgiver,"/><SP WIDTH="17" VPOS="590" HPOS="386"/>
							<String ID="string_110" HPOS="403" VPOS="592" WIDTH="31" HEIGHT="19" WC="0.96" CONTENT="att"/><SP WIDTH="16" VPOS="592" HPOS="434"/>
							<String ID="string_111" HPOS="450" VPOS="591" WIDTH="32" HEIGHT="20" WC="0.93" CONTENT="till"/><SP WIDTH="17" VPOS="591" HPOS="482"/>
							<String ID="string_112" HPOS="499" VPOS="590" WIDTH="167" HEIGHT="21" WC="0.92" CONTENT="säkerställande"/><SP WIDTH="11" VPOS="590" HPOS="666"/>
							<String ID="string_113" HPOS="677" VPOS="597" WIDTH="26" HEIGHT="13" WC="0.96" CONTENT="av"/><SP WIDTH="11" VPOS="597" HPOS="703"/>
							<String ID="string_114" HPOS="714" VPOS="590" WIDTH="119" HEIGHT="20" WC="0.93" CONTENT="Ulriksdals"/><SP WIDTH="11" VPOS="590" HPOS="833"/>
							<String ID="string_115" HPOS="844" VPOS="589" WIDTH="132" HEIGHT="27" WC="0.91" CONTENT="kungsgårds"/><SP WIDTH="11" VPOS="589" HPOS="976"/>
							<String ID="string_116" HPOS="987" VPOS="589" WIDTH="39" HEIGHT="20" WC="0.92" CONTENT="för-"/><SP WIDTH="15" VPOS="589" HPOS="1026"/>
							<String ID="string_117" HPOS="1041" VPOS="589" WIDTH="57" HEIGHT="22" WC="0.64" CONTENT="1925]"/><SP WIDTH="31" VPOS="589" HPOS="1098"/>
							<String ID="string_118" HPOS="1129" VPOS="591" WIDTH="12" HEIGHT="19" WC="0.96" CONTENT="3"/><SP WIDTH="155" VPOS="591" HPOS="1141"/>
							<String ID="string_119" HPOS="1296" VPOS="591" WIDTH="11" HEIGHT="19" WC="0.96" CONTENT="6"/><SP WIDTH="10" VPOS="591" HPOS="1307"/>
							<String ID="string_120" HPOS="1317" VPOS="577" WIDTH="1" HEIGHT="38" WC="0.87" CONTENT="|"/><SP WIDTH="20" VPOS="577" HPOS="1318"/>
							<String ID="string_121" HPOS="1338" VPOS="590" WIDTH="22" HEIGHT="20" WC="0.48" CONTENT="AT"/><SP WIDTH="128" VPOS="590" HPOS="1360"/>
							<String ID="string_122" HPOS="1488" VPOS="590" WIDTH="45" HEIGHT="23" WC="0.46" CONTENT="174/"/><SP WIDTH="61" VPOS="590" HPOS="1533"/>
							<String ID="string_123" HPOS="1594" VPOS="589" WIDTH="34" HEIGHT="20" WC="0.82" CONTENT="29:"/><SP WIDTH="11" VPOS="589" HPOS="1628"/>
							<String ID="string_124" HPOS="1639" VPOS="594" WIDTH="25" HEIGHT="16" WC="0.82" CONTENT="58"/><SP WIDTH="12" VPOS="594" HPOS="1664"/>
							<String ID="string_125" HPOS="1676" VPOS="582" WIDTH="1" HEIGHT="26" WC="0.94" CONTENT="|"/><SP WIDTH="19" VPOS="582" HPOS="1677"/>
							<String ID="string_126" HPOS="1696" VPOS="589" WIDTH="33" HEIGHT="20" WC="0.96" CONTENT="32:"/><SP WIDTH="12" VPOS="589" HPOS="1729"/>
							<String ID="string_127" HPOS="1741" VPOS="594" WIDTH="24" HEIGHT="15" WC="0.96" CONTENT="60"/>
						</TextLine>
						<TextLine ID="line_28" HPOS="231" VPOS="615" WIDTH="1446" HEIGHT="56">
							<String ID="string_128" HPOS="231" VPOS="620" WIDTH="97" HEIGHT="26" WC="0.91" CONTENT="valtning"/><SP WIDTH="16" VPOS="620" HPOS="328"/>
							<String ID="string_129" HPOS="344" VPOS="621" WIDTH="39" HEIGHT="20" WC="0.96" CONTENT="och"/><SP WIDTH="12" VPOS="621" HPOS="383"/>
							<String ID="string_130" HPOS="395" VPOS="621" WIDTH="52" HEIGHT="20" WC="0.96" CONTENT="drift"/><SP WIDTH="11" VPOS="621" HPOS="447"/>
							<String ID="string_131" HPOS="458" VPOS="622" WIDTH="34" HEIGHT="19" WC="0.96" CONTENT="må"/><SP WIDTH="12" VPOS="622" HPOS="492"/>
							<String ID="string_132" HPOS="504" VPOS="628" WIDTH="26" HEIGHT="13" WC="0.93" CONTENT="av"/><SP WIDTH="10" VPOS="628" HPOS="530"/>
							<String ID="string_133" HPOS="540" VPOS="620" WIDTH="208" HEIGHT="27" WC="0.91" CONTENT="Djurgårdskassans"/><SP WIDTH="11" VPOS="620" HPOS="748"/>
							<String ID="string_134" HPOS="759" VPOS="619" WIDTH="189" HEIGHT="21" WC="0.90" CONTENT="överskottsmedel"/><SP WIDTH="11" VPOS="619" HPOS="948"/>
							<String ID="string_135" HPOS="959" VPOS="619" WIDTH="68" HEIGHT="21" WC="0.96" CONTENT="under"/><SP WIDTH="290" VPOS="619" HPOS="1027"/>
							<String ID="string_136" HPOS="1317" VPOS="616" WIDTH="1" HEIGHT="55" WC="0.66" CONTENT="|"/><SP WIDTH="213" VPOS="616" HPOS="1318"/>
							<String ID="string_137" HPOS="1531" VPOS="632" WIDTH="2" HEIGHT="11" WC="0.62" CONTENT="I"/><SP WIDTH="143" VPOS="632" HPOS="1533"/>
							<String ID="string_138" HPOS="1676" VPOS="615" WIDTH="1" HEIGHT="37" WC="0.89" CONTENT="|"/>
						</TextLine>
						<TextLine ID="line_29" HPOS="232" VPOS="634" WIDTH="1445" HEIGHT="73">
							<String ID="string_139" HPOS="232" VPOS="651" WIDTH="23" HEIGHT="19" WC="0.96" CONTENT="år"/><SP WIDTH="17" VPOS="651" HPOS="255"/>
							<String ID="string_140" HPOS="272" VPOS="650" WIDTH="56" HEIGHT="21" WC="0.96" CONTENT="1926"/><SP WIDTH="18" VPOS="650" HPOS="328"/>
							<String ID="string_141" HPOS="346" VPOS="651" WIDTH="105" HEIGHT="20" WC="0.95" CONTENT="utbetalas"/><SP WIDTH="16" VPOS="651" HPOS="451"/>
							<String ID="string_142" HPOS="467" VPOS="653" WIDTH="30" HEIGHT="18" WC="0.96" CONTENT="ett"/><SP WIDTH="16" VPOS="653" HPOS="497"/>
							<String ID="string_143" HPOS="513" VPOS="650" WIDTH="78" HEIGHT="27" WC="0.96" CONTENT="belopp"/><SP WIDTH="16" VPOS="650" HPOS="591"/>
							<String ID="string_144" HPOS="607" VPOS="657" WIDTH="26" HEIGHT="13" WC="0.96" CONTENT="av"/><SP WIDTH="16" VPOS="657" HPOS="633"/>
							<String ID="string_145" HPOS="649" VPOS="650" WIDTH="61" HEIGHT="26" WC="0.96" CONTENT="högst"/><SP WIDTH="17" VPOS="650" HPOS="710"/>
							<String ID="string_146" HPOS="727" VPOS="650" WIDTH="27" HEIGHT="20" WC="0.83" CONTENT="12"/><SP WIDTH="10" VPOS="650" HPOS="754"/>
							<String ID="string_147" HPOS="764" VPOS="650" WIDTH="42" HEIGHT="20" WC="0.83" CONTENT="000"/><SP WIDTH="17" VPOS="650" HPOS="806"/>
							<String ID="string_148" HPOS="823" VPOS="650" WIDTH="30" HEIGHT="20" WC="0.96" CONTENT="kr."/><SP WIDTH="506" VPOS="650" HPOS="853"/>
							<String ID="string_149" HPOS="1359" VPOS="634" WIDTH="1" HEIGHT="35" WC="0.87" CONTENT="|"/><SP WIDTH="172" VPOS="634" HPOS="1360"/>
							<String ID="string_150" HPOS="1532" VPOS="646" WIDTH="1" HEIGHT="61" WC="0.71" CONTENT="|"/><SP WIDTH="143" VPOS="646" HPOS="1533"/>
							<String ID="string_151" HPOS="1676" VPOS="656" WIDTH="1" HEIGHT="31" WC="0.78" CONTENT="|"/>
						</TextLine>
						<TextLine ID="line_30" HPOS="191" VPOS="672" WIDTH="1575" HEIGHT="83">
							<String ID="string_152" HPOS="191" VPOS="715" WIDTH="8" HEIGHT="15" WC="0.93" CONTENT="1"/><SP WIDTH="20" VPOS="715" HPOS="199"/>
							<String ID="string_153" HPOS="219" VPOS="710" WIDTH="37" HEIGHT="20" WC="0.92" CONTENT="RD"/><SP WIDTH="17" VPOS="710" HPOS="256"/>
							<String ID="string_154" HPOS="273" VPOS="710" WIDTH="115" HEIGHT="26" WC="0.89" CONTENT="medgiver,"/><SP WIDTH="17" VPOS="710" HPOS="388"/>
							<String ID="string_155" HPOS="405" VPOS="712" WIDTH="31" HEIGHT="18" WC="0.96" CONTENT="att"/><SP WIDTH="15" VPOS="712" HPOS="436"/>
							<String ID="string_156" HPOS="451" VPOS="710" WIDTH="33" HEIGHT="21" WC="0.93" CONTENT="till"/><SP WIDTH="17" VPOS="710" HPOS="484"/>
							<String ID="string_157" HPOS="501" VPOS="710" WIDTH="166" HEIGHT="21" WC="0.91" CONTENT="säkerställande"/><SP WIDTH="11" VPOS="710" HPOS="667"/>
							<String ID="string_158" HPOS="678" VPOS="717" WIDTH="26" HEIGHT="13" WC="0.96" CONTENT="av"/><SP WIDTH="12" VPOS="717" HPOS="704"/>
							<String ID="string_159" HPOS="716" VPOS="709" WIDTH="118" HEIGHT="21" WC="0.93" CONTENT="Ulriksdals"/><SP WIDTH="11" VPOS="709" HPOS="834"/>
							<String ID="string_160" HPOS="845" VPOS="709" WIDTH="132" HEIGHT="26" WC="0.90" CONTENT="kungsgårds"/><SP WIDTH="10" VPOS="709" HPOS="977"/>
							<String ID="string_161" HPOS="987" VPOS="709" WIDTH="40" HEIGHT="20" WC="0.93" CONTENT="för-"/><SP WIDTH="15" VPOS="709" HPOS="1027"/>
							<String ID="string_162" HPOS="1042" VPOS="709" WIDTH="56" HEIGHT="22" WC="0.66" CONTENT="[1926]"/><SP WIDTH="25" VPOS="709" HPOS="1098"/>
							<String ID="string_163" HPOS="1123" VPOS="711" WIDTH="25" HEIGHT="20" WC="0.95" CONTENT="15"/><SP WIDTH="147" VPOS="711" HPOS="1148"/>
							<String ID="string_164" HPOS="1295" VPOS="710" WIDTH="11" HEIGHT="20" WC="0.95" CONTENT="6"/><SP WIDTH="11" VPOS="710" HPOS="1306"/>
							<String ID="string_165" HPOS="1317" VPOS="672" WIDTH="2" HEIGHT="63" WC="0.84" CONTENT="|"/><SP WIDTH="20" VPOS="672" HPOS="1319"/>
							<String ID="string_166" HPOS="1339" VPOS="710" WIDTH="9" HEIGHT="20" WC="0.83" CONTENT="1"/><SP WIDTH="11" VPOS="710" HPOS="1348"/>
							<String ID="string_167" HPOS="1359" VPOS="675" WIDTH="1" HEIGHT="80" WC="0.96" CONTENT="|"/><SP WIDTH="27" VPOS="675" HPOS="1360"/>
							<String ID="string_168" HPOS="1387" VPOS="710" WIDTH="25" HEIGHT="20" WC="0.93" CONTENT="17"/><SP WIDTH="88" VPOS="710" HPOS="1412"/>
							<String ID="string_169" HPOS="1500" VPOS="704" WIDTH="33" HEIGHT="35" WC="0.4" CONTENT="40/"/><SP WIDTH="77" VPOS="704" HPOS="1533"/>
							<String ID="string_170" HPOS="1610" VPOS="709" WIDTH="17" HEIGHT="19" WC="0.92" CONTENT="9:"/><SP WIDTH="12" VPOS="709" HPOS="1627"/>
							<String ID="string_171" HPOS="1639" VPOS="713" WIDTH="9" HEIGHT="15" WC="0.95" CONTENT="6"/><SP WIDTH="28" VPOS="713" HPOS="1648"/>
							<String ID="string_172" HPOS="1676" VPOS="688" WIDTH="1" HEIGHT="47" WC="0.89" CONTENT="|"/><SP WIDTH="35" VPOS="688" HPOS="1677"/>
							<String ID="string_173" HPOS="1712" VPOS="709" WIDTH="19" HEIGHT="20" WC="0.95" CONTENT="9:"/><SP WIDTH="12" VPOS="709" HPOS="1731"/>
							<String ID="string_174" HPOS="1743" VPOS="714" WIDTH="23" HEIGHT="15" WC="0.95" CONTENT="14"/>
						</TextLine>
						<TextLine ID="line_31" HPOS="232" VPOS="736" WIDTH="1445" HEIGHT="33">
							<String ID="string_175" HPOS="232" VPOS="740" WIDTH="98" HEIGHT="26" WC="0.92" CONTENT="valtning"/><SP WIDTH="16" VPOS="740" HPOS="330"/>
							<String ID="string_176" HPOS="346" VPOS="740" WIDTH="39" HEIGHT="20" WC="0.96" CONTENT="och"/><SP WIDTH="11" VPOS="740" HPOS="385"/>
							<String ID="string_177" HPOS="396" VPOS="740" WIDTH="52" HEIGHT="21" WC="0.96" CONTENT="drift"/><SP WIDTH="11" VPOS="740" HPOS="448"/>
							<String ID="string_178" HPOS="459" VPOS="741" WIDTH="35" HEIGHT="19" WC="0.96" CONTENT="må"/><SP WIDTH="11" VPOS="741" HPOS="494"/>
							<String ID="string_179" HPOS="505" VPOS="747" WIDTH="26" HEIGHT="13" WC="0.93" CONTENT="av"/><SP WIDTH="11" VPOS="747" HPOS="531"/>
							<String ID="string_180" HPOS="542" VPOS="740" WIDTH="206" HEIGHT="27" WC="0.91" CONTENT="Djurgårdskassans"/><SP WIDTH="12" VPOS="740" HPOS="748"/>
							<String ID="string_181" HPOS="760" VPOS="739" WIDTH="189" HEIGHT="21" WC="0.91" CONTENT="överskottsmedel"/><SP WIDTH="11" VPOS="739" HPOS="949"/>
							<String ID="string_182" HPOS="960" VPOS="739" WIDTH="68" HEIGHT="20" WC="0.95" CONTENT="under"/><SP WIDTH="139" VPOS="739" HPOS="1028"/>
							<String ID="string_183" HPOS="1167" VPOS="757" WIDTH="1" HEIGHT="12" WC="0.91" CONTENT="|"/><SP WIDTH="149" VPOS="757" HPOS="1168"/>
							<String ID="string_184" HPOS="1317" VPOS="740" WIDTH="1" HEIGHT="23" WC="0.70" CONTENT="I"/><SP WIDTH="213" VPOS="740" HPOS="1318"/>
							<String ID="string_185" HPOS="1531" VPOS="736" WIDTH="2" HEIGHT="24" WC="0.63" CONTENT="|"/><SP WIDTH="143" VPOS="736" HPOS="1533"/>
							<String ID="string_186" HPOS="1676" VPOS="736" WIDTH="1" HEIGHT="20" WC="0.65" CONTENT="I"/>
						</TextLine>
						<TextLine ID="line_32" HPOS="233" VPOS="760" WIDTH="1444" HEIGHT="49">
							<String ID="string_187" HPOS="233" VPOS="771" WIDTH="23" HEIGHT="19" WC="0.96" CONTENT="år"/><SP WIDTH="17" VPOS="771" HPOS="256"/>
							<String ID="string_188" HPOS="273" VPOS="770" WIDTH="56" HEIGHT="20" WC="0.96" CONTENT="1927"/><SP WIDTH="17" VPOS="770" HPOS="329"/>
							<String ID="string_189" HPOS="346" VPOS="770" WIDTH="106" HEIGHT="20" WC="0.96" CONTENT="utbetalas"/><SP WIDTH="16" VPOS="770" HPOS="452"/>
							<String ID="string_190" HPOS="468" VPOS="772" WIDTH="30" HEIGHT="19" WC="0.96" CONTENT="ett"/><SP WIDTH="16" VPOS="772" HPOS="498"/>
							<String ID="string_191" HPOS="514" VPOS="770" WIDTH="77" HEIGHT="26" WC="0.96" CONTENT="belopp"/><SP WIDTH="17" VPOS="770" HPOS="591"/>
							<String ID="string_192" HPOS="608" VPOS="777" WIDTH="25" HEIGHT="14" WC="0.95" CONTENT="av"/><SP WIDTH="17" VPOS="777" HPOS="633"/>
							<String ID="string_193" HPOS="650" VPOS="770" WIDTH="61" HEIGHT="26" WC="0.96" CONTENT="högst"/><SP WIDTH="17" VPOS="770" HPOS="711"/>
							<String ID="string_194" HPOS="728" VPOS="770" WIDTH="26" HEIGHT="19" WC="0.82" CONTENT="12"/><SP WIDTH="10" VPOS="770" HPOS="754"/>
							<String ID="string_195" HPOS="764" VPOS="769" WIDTH="42" HEIGHT="20" WC="0.82" CONTENT="000"/><SP WIDTH="17" VPOS="769" HPOS="806"/>
							<String ID="string_196" HPOS="823" VPOS="769" WIDTH="30" HEIGHT="20" WC="0.96" CONTENT="kr."/><SP WIDTH="314" VPOS="769" HPOS="853"/>
							<String ID="string_197" HPOS="1167" VPOS="770" WIDTH="2" HEIGHT="27" WC="0.66" CONTENT="|"/><SP WIDTH="148" VPOS="770" HPOS="1169"/>
							<String ID="string_198" HPOS="1317" VPOS="765" WIDTH="1" HEIGHT="43" WC="0.76" CONTENT="|"/><SP WIDTH="41" VPOS="765" HPOS="1318"/>
							<String ID="string_199" HPOS="1359" VPOS="772" WIDTH="1" HEIGHT="27" WC="0.90" CONTENT="|"/><SP WIDTH="171" VPOS="772" HPOS="1360"/>
							<String ID="string_200" HPOS="1531" VPOS="765" WIDTH="2" HEIGHT="44" WC="0.88" CONTENT="|"/><SP WIDTH="143" VPOS="765" HPOS="1533"/>
							<String ID="string_201" HPOS="1676" VPOS="760" WIDTH="1" HEIGHT="43" WC="0.87" CONTENT="|"/>
						</TextLine>
						<TextLine ID="line_33" HPOS="1168" VPOS="804" WIDTH="192" HEIGHT="11">
							<String ID="string_202" HPOS="1168" VPOS="812" WIDTH="1" HEIGHT="3" WC="0.80" CONTENT="|"/><SP WIDTH="148" VPOS="812" HPOS="1169"/>
							<String ID="string_203" HPOS="1317" VPOS="804" WIDTH="43" HEIGHT="10" WC="0.16" CONTENT="En"/>
						</TextLine>
						<TextLine ID="line_34" HPOS="192" VPOS="816" WIDTH="1574" HEIGHT="42">
							<String ID="string_204" HPOS="192" VPOS="835" WIDTH="9" HEIGHT="15" WC="0.91" CONTENT="2"/><SP WIDTH="19" VPOS="835" HPOS="201"/>
							<String ID="string_205" HPOS="220" VPOS="830" WIDTH="37" HEIGHT="20" WC="0.91" CONTENT="RD"/><SP WIDTH="20" VPOS="830" HPOS="257"/>
							<String ID="string_206" HPOS="277" VPOS="830" WIDTH="95" HEIGHT="20" WC="0.95" CONTENT="anhåller"/><SP WIDTH="18" VPOS="830" HPOS="372"/>
							<String ID="string_207" HPOS="390" VPOS="837" WIDTH="35" HEIGHT="13" WC="0.96" CONTENT="om"/><SP WIDTH="16" VPOS="837" HPOS="425"/>
							<String ID="string_208" HPOS="441" VPOS="830" WIDTH="115" HEIGHT="26" WC="0.96" CONTENT="utredning"/><SP WIDTH="15" VPOS="830" HPOS="556"/>
							<String ID="string_209" HPOS="571" VPOS="832" WIDTH="39" HEIGHT="18" WC="0.96" CONTENT="rör."/><SP WIDTH="17" VPOS="832" HPOS="610"/>
							<String ID="string_210" HPOS="627" VPOS="829" WIDTH="140" HEIGHT="27" WC="0.96" CONTENT="möjligheten"/><SP WIDTH="16" VPOS="829" HPOS="767"/>
							<String ID="string_211" HPOS="783" VPOS="829" WIDTH="33" HEIGHT="20" WC="0.93" CONTENT="för"/><SP WIDTH="16" VPOS="829" HPOS="816"/>
							<String ID="string_212" HPOS="832" VPOS="829" WIDTH="36" HEIGHT="20" WC="0.92" CONTENT="RD"/><SP WIDTH="17" VPOS="829" HPOS="868"/>
							<String ID="string_213" HPOS="885" VPOS="830" WIDTH="31" HEIGHT="19" WC="0.96" CONTENT="att"/><SP WIDTH="16" VPOS="830" HPOS="916"/>
							<String ID="string_214" HPOS="932" VPOS="829" WIDTH="58" HEIGHT="26" WC="0.92" CONTENT="varje"/><SP WIDTH="16" VPOS="829" HPOS="990"/>
							<String ID="string_215" HPOS="1006" VPOS="829" WIDTH="22" HEIGHT="19" WC="0.65" CONTENT="år|"/><SP WIDTH="32" VPOS="829" HPOS="1028"/>
							<String ID="string_216" HPOS="1060" VPOS="825" WIDTH="8" HEIGHT="35" WC="0.49" CONTENT="&gt;»"/><SP WIDTH="228" VPOS="825" HPOS="1068"/>
							<String ID="string_217" HPOS="1296" VPOS="830" WIDTH="10" HEIGHT="19" WC="0.55" CONTENT="6"/><SP WIDTH="-1" VPOS="830" HPOS="1306"/>
							<String ID="string_218" HPOS="1305" VPOS="816" WIDTH="11" HEIGHT="42" WC="0.55" CONTENT="|"/><SP WIDTH="22" VPOS="816" HPOS="1316"/>
							<String ID="string_219" HPOS="1338" VPOS="816" WIDTH="22" HEIGHT="34" WC="0.56" CONTENT="1)"/><SP WIDTH="27" VPOS="816" HPOS="1360"/>
							<String ID="string_220" HPOS="1387" VPOS="830" WIDTH="27" HEIGHT="19" WC="0.67" CONTENT="60"/><SP WIDTH="2" VPOS="830" HPOS="1414"/>
							<String ID="string_221" HPOS="1416" VPOS="820" WIDTH="20" HEIGHT="38" WC="0.67" CONTENT="|"/><SP WIDTH="28" VPOS="820" HPOS="1436"/>
							<String ID="string_222" HPOS="1464" VPOS="824" WIDTH="69" HEIGHT="26" WC="0.31" CONTENT="8107)"/><SP WIDTH="20" VPOS="824" HPOS="1533"/>
							<String ID="string_223" HPOS="1553" VPOS="835" WIDTH="9" HEIGHT="15" WC="0.60" CONTENT="al"/><SP WIDTH="33" VPOS="835" HPOS="1562"/>
							<String ID="string_224" HPOS="1595" VPOS="829" WIDTH="68" HEIGHT="21" WC="0.0" CONTENT="18:79"/><SP WIDTH="2" VPOS="829" HPOS="1663"/>
							<String ID="string_225" HPOS="1665" VPOS="820" WIDTH="15" HEIGHT="38" WC="0.0" CONTENT="1"/><SP WIDTH="17" VPOS="820" HPOS="1680"/>
							<String ID="string_226" HPOS="1697" VPOS="829" WIDTH="69" HEIGHT="21" WC="0.95" CONTENT="18:67"/>
						</TextLine>
						<TextLine ID="line_35" HPOS="234" VPOS="852" WIDTH="1299" HEIGHT="49">
							<String ID="string_227" HPOS="234" VPOS="860" WIDTH="28" HEIGHT="26" WC="0.96" CONTENT="på"/><SP WIDTH="17" VPOS="860" HPOS="262"/>
							<String ID="string_228" HPOS="279" VPOS="861" WIDTH="31" HEIGHT="19" WC="0.96" CONTENT="ett"/><SP WIDTH="15" VPOS="861" HPOS="310"/>
							<String ID="string_229" HPOS="325" VPOS="866" WIDTH="59" HEIGHT="14" WC="0.96" CONTENT="mera"/><SP WIDTH="15" VPOS="866" HPOS="384"/>
							<String ID="string_230" HPOS="399" VPOS="860" WIDTH="103" HEIGHT="26" WC="0.96" CONTENT="ingående"/><SP WIDTH="17" VPOS="860" HPOS="502"/>
							<String ID="string_231" HPOS="519" VPOS="860" WIDTH="39" HEIGHT="20" WC="0.96" CONTENT="och"/><SP WIDTH="16" VPOS="860" HPOS="558"/>
							<String ID="string_232" HPOS="574" VPOS="859" WIDTH="94" HEIGHT="26" WC="0.95" CONTENT="allsidigt"/><SP WIDTH="16" VPOS="859" HPOS="668"/>
							<String ID="string_233" HPOS="684" VPOS="861" WIDTH="42" HEIGHT="18" WC="0.96" CONTENT="sätt"/><SP WIDTH="15" VPOS="861" HPOS="726"/>
							<String ID="string_234" HPOS="741" VPOS="861" WIDTH="66" HEIGHT="25" WC="0.96" CONTENT="pröva"/><SP WIDTH="15" VPOS="861" HPOS="807"/>
							<String ID="string_235" HPOS="822" VPOS="859" WIDTH="164" HEIGHT="25" WC="0.96" CONTENT="användningen"/><SP WIDTH="17" VPOS="859" HPOS="986"/>
							<String ID="string_236" HPOS="1003" VPOS="865" WIDTH="26" HEIGHT="13" WC="0.96" CONTENT="av"/><SP WIDTH="247" VPOS="865" HPOS="1029"/>
							<String ID="string_237" HPOS="1276" VPOS="870" WIDTH="1" HEIGHT="31" WC="0.56" CONTENT="|"/><SP WIDTH="82" VPOS="870" HPOS="1277"/>
							<String ID="string_238" HPOS="1359" VPOS="875" WIDTH="1" HEIGHT="7" WC="0.69" CONTENT="|"/><SP WIDTH="172" VPOS="875" HPOS="1360"/>
							<String ID="string_239" HPOS="1532" VPOS="852" WIDTH="1" HEIGHT="36" WC="0.83" CONTENT="i"/>
						</TextLine>
						<TextLine ID="line_36" HPOS="234" VPOS="889" WIDTH="1443" HEIGHT="36">
							<String ID="string_240" HPOS="234" VPOS="890" WIDTH="207" HEIGHT="26" WC="0.92" CONTENT="Djurgårdskassans"/><SP WIDTH="16" VPOS="890" HPOS="441"/>
							<String ID="string_241" HPOS="457" VPOS="890" WIDTH="70" HEIGHT="20" WC="0.96" CONTENT="medel"/><SP WIDTH="16" VPOS="890" HPOS="527"/>
							<String ID="string_242" HPOS="543" VPOS="890" WIDTH="39" HEIGHT="20" WC="0.93" CONTENT="och"/><SP WIDTH="17" VPOS="890" HPOS="582"/>
							<String ID="string_243" HPOS="599" VPOS="889" WIDTH="48" HEIGHT="20" WC="0.92" CONTENT="därå"/><SP WIDTH="17" VPOS="889" HPOS="647"/>
							<String ID="string_244" HPOS="664" VPOS="889" WIDTH="176" HEIGHT="26" WC="0.96" CONTENT="uppkommande"/><SP WIDTH="16" VPOS="889" HPOS="840"/>
							<String ID="string_245" HPOS="856" VPOS="889" WIDTH="114" HEIGHT="20" WC="0.96" CONTENT="överskott."/><SP WIDTH="390" VPOS="889" HPOS="970"/>
							<String ID="string_246" HPOS="1360" VPOS="891" WIDTH="1" HEIGHT="29" WC="0.92" CONTENT="|"/><SP WIDTH="171" VPOS="891" HPOS="1361"/>
							<String ID="string_247" HPOS="1532" VPOS="894" WIDTH="1" HEIGHT="31" WC="0.76" CONTENT="|"/><SP WIDTH="143" VPOS="894" HPOS="1533"/>
							<String ID="string_248" HPOS="1676" VPOS="899" WIDTH="1" HEIGHT="17" WC="0.60" CONTENT="|"/>
						</TextLine>
						<TextLine ID="line_37" HPOS="245" VPOS="919" WIDTH="1432" HEIGHT="36">
							<String ID="string_249" HPOS="245" VPOS="924" WIDTH="24" HEIGHT="18" WC="0.95" CONTENT="Se"/><SP WIDTH="13" VPOS="924" HPOS="269"/>
							<String ID="string_250" HPOS="282" VPOS="924" WIDTH="65" HEIGHT="18" WC="0.93" CONTENT="vidare"/><SP WIDTH="13" VPOS="924" HPOS="347"/>
							<String ID="string_251" HPOS="360" VPOS="925" WIDTH="144" HEIGHT="18" WC="0.91" CONTENT="Slottsstaten"/><SP WIDTH="13" VPOS="925" HPOS="504"/>
							<String ID="string_252" HPOS="517" VPOS="924" WIDTH="58" HEIGHT="21" WC="0.0" CONTENT="(1924:"/><SP WIDTH="10" VPOS="924" HPOS="575"/>
							<String ID="string_253" HPOS="585" VPOS="930" WIDTH="17" HEIGHT="15" WC="0.0" CONTENT="6;"/><SP WIDTH="14" VPOS="930" HPOS="602"/>
							<String ID="string_254" HPOS="616" VPOS="924" WIDTH="78" HEIGHT="20" WC="0.54" CONTENT="1927:5;"/><SP WIDTH="15" VPOS="924" HPOS="694"/>
							<String ID="string_255" HPOS="709" VPOS="923" WIDTH="75" HEIGHT="21" WC="0.91" CONTENT="1928:4,"/><SP WIDTH="16" VPOS="923" HPOS="784"/>
							<String ID="string_256" HPOS="800" VPOS="930" WIDTH="17" HEIGHT="14" WC="0.85" CONTENT="5;"/><SP WIDTH="15" VPOS="930" HPOS="817"/>
							<String ID="string_257" HPOS="832" VPOS="923" WIDTH="75" HEIGHT="21" WC="0.39" CONTENT="1929:3,"/><SP WIDTH="11" VPOS="923" HPOS="907"/>
							<String ID="string_258" HPOS="918" VPOS="929" WIDTH="18" HEIGHT="15" WC="0.96" CONTENT="4;"/><SP WIDTH="10" VPOS="929" HPOS="936"/>
							<String ID="string_259" HPOS="946" VPOS="923" WIDTH="52" HEIGHT="17" WC="0.95" CONTENT="1930:"/><SP WIDTH="9" VPOS="923" HPOS="998"/>
							<String ID="string_260" HPOS="1007" VPOS="923" WIDTH="21" HEIGHT="21" WC="0.76" CONTENT="3)."/><SP WIDTH="332" VPOS="923" HPOS="1028"/>
							<String ID="string_261" HPOS="1360" VPOS="926" WIDTH="1" HEIGHT="29" WC="0.92" CONTENT="|"/><SP WIDTH="171" VPOS="926" HPOS="1361"/>
							<String ID="string_262" HPOS="1532" VPOS="930" WIDTH="2" HEIGHT="8" WC="0.69" CONTENT="|"/><SP WIDTH="142" VPOS="930" HPOS="1534"/>
							<String ID="string_263" HPOS="1676" VPOS="919" WIDTH="1" HEIGHT="18" WC="0.64" CONTENT="I"/>
						</TextLine>
						<TextLine ID="line_38" HPOS="270" VPOS="952" WIDTH="1407" HEIGHT="30">
							<String ID="string_264" HPOS="270" VPOS="975" WIDTH="7" HEIGHT="6" WC="0.0" CONTENT=":"/><SP WIDTH="170" VPOS="975" HPOS="277"/>
							<String ID="string_265" HPOS="447" VPOS="977" WIDTH="4" HEIGHT="5" WC="0.19" CONTENT="Re"/><SP WIDTH="717" VPOS="977" HPOS="451"/>
							<String ID="string_266" HPOS="1168" VPOS="960" WIDTH="1" HEIGHT="4" WC="0.63" CONTENT="|"/><SP WIDTH="149" VPOS="960" HPOS="1169"/>
							<String ID="string_267" HPOS="1318" VPOS="957" WIDTH="1" HEIGHT="19" WC="0.27" CONTENT="[SAN"/><SP WIDTH="214" VPOS="957" HPOS="1319"/>
							<String ID="string_268" HPOS="1533" VPOS="958" WIDTH="1" HEIGHT="3" WC="0.85" CONTENT="|"/><SP WIDTH="142" VPOS="958" HPOS="1534"/>
							<String ID="string_269" HPOS="1676" VPOS="952" WIDTH="1" HEIGHT="5" WC="0.87" CONTENT="|"/>
						</TextLine>
						<TextLine ID="line_39" HPOS="189" VPOS="965" WIDTH="1489" HEIGHT="46">
							<String ID="string_270" HPOS="189" VPOS="967" WIDTH="335" HEIGHT="42" WC="0.91" CONTENT="Djurgårdskommissionen."/><SP WIDTH="645" VPOS="967" HPOS="524"/>
							<String ID="string_271" HPOS="1169" VPOS="970" WIDTH="1" HEIGHT="41" WC="0.90" CONTENT="|"/><SP WIDTH="107" VPOS="970" HPOS="1170"/>
							<String ID="string_272" HPOS="1277" VPOS="970" WIDTH="84" HEIGHT="36" WC="0.9" CONTENT="FSH"/><SP WIDTH="172" VPOS="970" HPOS="1361"/>
							<String ID="string_273" HPOS="1533" VPOS="965" WIDTH="1" HEIGHT="37" WC="0.89" CONTENT="|"/><SP WIDTH="143" VPOS="965" HPOS="1534"/>
							<String ID="string_274" HPOS="1677" VPOS="979" WIDTH="1" HEIGHT="21" WC="0.89" CONTENT="|"/>
						</TextLine>
						<TextLine ID="line_40" HPOS="219" VPOS="1003" WIDTH="1547" HEIGHT="41">
							<String ID="string_275" HPOS="219" VPOS="1009" WIDTH="63" HEIGHT="20" WC="0.91" CONTENT="Rev:s"/><SP WIDTH="24" VPOS="1009" HPOS="282"/>
							<String ID="string_276" HPOS="306" VPOS="1016" WIDTH="56" HEIGHT="13" WC="0.92" CONTENT="anm."/><SP WIDTH="26" VPOS="1016" HPOS="362"/>
							<String ID="string_277" HPOS="388" VPOS="1009" WIDTH="69" HEIGHT="26" WC="0.92" CONTENT="(Rev:s"/><SP WIDTH="23" VPOS="1009" HPOS="457"/>
							<String ID="string_278" HPOS="480" VPOS="1009" WIDTH="43" HEIGHT="20" WC="0.96" CONTENT="ber."/><SP WIDTH="25" VPOS="1009" HPOS="523"/>
							<String ID="string_279" HPOS="548" VPOS="1016" WIDTH="46" HEIGHT="19" WC="0.93" CONTENT="ang."/><SP WIDTH="24" VPOS="1016" HPOS="594"/>
							<String ID="string_280" HPOS="618" VPOS="1011" WIDTH="72" HEIGHT="18" WC="0.88" CONTENT="statsv."/><SP WIDTH="26" VPOS="1011" HPOS="690"/>
							<String ID="string_281" HPOS="716" VPOS="1009" WIDTH="16" HEIGHT="23" WC="0.93" CONTENT="I,"/><SP WIDTH="20" VPOS="1009" HPOS="732"/>
							<String ID="string_282" HPOS="752" VPOS="1015" WIDTH="15" HEIGHT="14" WC="0.90" CONTENT="s."/><SP WIDTH="19" VPOS="1015" HPOS="767"/>
							<String ID="string_283" HPOS="786" VPOS="1008" WIDTH="36" HEIGHT="24" WC="0.96" CONTENT="30;"/><SP WIDTH="18" VPOS="1008" HPOS="822"/>
							<String ID="string_284" HPOS="840" VPOS="1008" WIDTH="39" HEIGHT="24" WC="0.93" CONTENT="III,"/><SP WIDTH="17" VPOS="1008" HPOS="879"/>
							<String ID="string_285" HPOS="896" VPOS="1015" WIDTH="15" HEIGHT="13" WC="0.91" CONTENT="s."/><SP WIDTH="19" VPOS="1015" HPOS="911"/>
							<String ID="string_286" HPOS="930" VPOS="1007" WIDTH="35" HEIGHT="27" WC="0.96" CONTENT="39)"/><SP WIDTH="16" VPOS="1007" HPOS="965"/>
							<String ID="string_287" HPOS="981" VPOS="1014" WIDTH="46" HEIGHT="19" WC="0.27" CONTENT="ang."/><SP WIDTH="16" VPOS="1014" HPOS="1027"/>
							<String ID="string_288" HPOS="1043" VPOS="1008" WIDTH="57" HEIGHT="22" WC="0.27" CONTENT="1924|"/><SP WIDTH="68" VPOS="1008" HPOS="1100"/>
							<String ID="string_289" HPOS="1168" VPOS="1013" WIDTH="2" HEIGHT="18" WC="0.78" CONTENT="|"/><SP WIDTH="107" VPOS="1013" HPOS="1170"/>
							<String ID="string_290" HPOS="1277" VPOS="1027" WIDTH="1" HEIGHT="12" WC="0.91" CONTENT="|"/><SP WIDTH="19" VPOS="1027" HPOS="1278"/>
							<String ID="string_291" HPOS="1297" VPOS="1009" WIDTH="22" HEIGHT="35" WC="0.65" CONTENT="6/"/><SP WIDTH="20" VPOS="1009" HPOS="1319"/>
							<String ID="string_292" HPOS="1339" VPOS="1006" WIDTH="23" HEIGHT="26" WC="0.28" CONTENT="it"/><SP WIDTH="25" VPOS="1006" HPOS="1362"/>
							<String ID="string_293" HPOS="1387" VPOS="1009" WIDTH="27" HEIGHT="20" WC="0.11" CONTENT="är"/><SP WIDTH="48" VPOS="1009" HPOS="1414"/>
							<String ID="string_294" HPOS="1462" VPOS="1014" WIDTH="9" HEIGHT="15" WC="0.77" CONTENT="8"/><SP WIDTH="62" VPOS="1014" HPOS="1471"/>
							<String ID="string_295" HPOS="1533" VPOS="1006" WIDTH="1" HEIGHT="23" WC="0.70" CONTENT="I"/><SP WIDTH="62" VPOS="1006" HPOS="1534"/>
							<String ID="string_296" HPOS="1596" VPOS="1003" WIDTH="32" HEIGHT="31" WC="0.92" CONTENT="37:"/><SP WIDTH="12" VPOS="1003" HPOS="1628"/>
							<String ID="string_297" HPOS="1640" VPOS="1013" WIDTH="24" HEIGHT="15" WC="0.84" CONTENT="43"/><SP WIDTH="13" VPOS="1013" HPOS="1664"/>
							<String ID="string_298" HPOS="1677" VPOS="1022" WIDTH="1" HEIGHT="18" WC="0.84" CONTENT="|"/><SP WIDTH="19" VPOS="1022" HPOS="1678"/>
							<String ID="string_299" HPOS="1697" VPOS="1003" WIDTH="33" HEIGHT="31" WC="0.95" CONTENT="36:"/><SP WIDTH="11" VPOS="1003" HPOS="1730"/>
							<String ID="string_300" HPOS="1741" VPOS="1012" WIDTH="25" HEIGHT="16" WC="0.93" CONTENT="83"/>
						</TextLine>
						<TextLine ID="line_41" HPOS="234" VPOS="1030" WIDTH="1444" HEIGHT="34">
							<String ID="string_301" HPOS="234" VPOS="1039" WIDTH="287" HEIGHT="25" WC="0.92" CONTENT="Djurgårdskommissionen"/><SP WIDTH="16" VPOS="1039" HPOS="521"/>
							<String ID="string_302" HPOS="537" VPOS="1039" WIDTH="70" HEIGHT="25" WC="0.96" CONTENT="lägges"/><SP WIDTH="17" VPOS="1039" HPOS="607"/>
							<String ID="string_303" HPOS="624" VPOS="1039" WIDTH="33" HEIGHT="20" WC="0.96" CONTENT="till"/><SP WIDTH="17" VPOS="1039" HPOS="657"/>
							<String ID="string_304" HPOS="674" VPOS="1039" WIDTH="161" HEIGHT="25" WC="0.96" CONTENT="handlingarna."/><SP WIDTH="333" VPOS="1039" HPOS="835"/>
							<String ID="string_305" HPOS="1168" VPOS="1032" WIDTH="2" HEIGHT="28" WC="0.65" CONTENT="|"/><SP WIDTH="148" VPOS="1032" HPOS="1170"/>
							<String ID="string_306" HPOS="1318" VPOS="1049" WIDTH="1" HEIGHT="12" WC="0.65" CONTENT="|"/><SP WIDTH="214" VPOS="1049" HPOS="1319"/>
							<String ID="string_307" HPOS="1533" VPOS="1030" WIDTH="1" HEIGHT="34" WC="0.87" CONTENT="|"/><SP WIDTH="143" VPOS="1030" HPOS="1534"/>
							<String ID="string_308" HPOS="1677" VPOS="1041" WIDTH="1" HEIGHT="3" WC="0.61" CONTENT="I"/>
						</TextLine>
						<TextLine ID="line_42" HPOS="247" VPOS="1060" WIDTH="1432" HEIGHT="43">
							<String ID="string_309" HPOS="247" VPOS="1073" WIDTH="24" HEIGHT="18" WC="0.96" CONTENT="Se"/><SP WIDTH="14" VPOS="1073" HPOS="271"/>
							<String ID="string_310" HPOS="285" VPOS="1074" WIDTH="35" HEIGHT="16" WC="0.93" CONTENT="ock"/><SP WIDTH="13" VPOS="1074" HPOS="320"/>
							<String ID="string_311" HPOS="333" VPOS="1073" WIDTH="167" HEIGHT="23" WC="0.91" CONTENT="Avsöndringar"/><SP WIDTH="13" VPOS="1073" HPOS="500"/>
							<String ID="string_312" HPOS="513" VPOS="1073" WIDTH="58" HEIGHT="22" WC="0.92" CONTENT="(1928:"/><SP WIDTH="9" VPOS="1073" HPOS="571"/>
							<String ID="string_313" HPOS="580" VPOS="1073" WIDTH="22" HEIGHT="22" WC="0.92" CONTENT="1),"/><SP WIDTH="13" VPOS="1073" HPOS="602"/>
							<String ID="string_314" HPOS="615" VPOS="1072" WIDTH="203" HEIGHT="24" WC="0.91" CONTENT="Ladugårdsgärde."/><SP WIDTH="351" VPOS="1072" HPOS="818"/>
							<String ID="string_315" HPOS="1169" VPOS="1064" WIDTH="1" HEIGHT="33" WC="0.85" CONTENT="|"/><SP WIDTH="148" VPOS="1064" HPOS="1170"/>
							<String ID="string_316" HPOS="1318" VPOS="1068" WIDTH="1" HEIGHT="35" WC="0.89" CONTENT="|"/><SP WIDTH="214" VPOS="1068" HPOS="1319"/>
							<String ID="string_317" HPOS="1533" VPOS="1067" WIDTH="1" HEIGHT="28" WC="0.88" CONTENT="|"/><SP WIDTH="143" VPOS="1067" HPOS="1534"/>
							<String ID="string_318" HPOS="1677" VPOS="1060" WIDTH="2" HEIGHT="40" WC="0.90" CONTENT="|"/>
						</TextLine>
						<TextLine ID="line_43" HPOS="189" VPOS="1099" WIDTH="1489" HEIGHT="55">
							<String ID="string_319" HPOS="189" VPOS="1110" WIDTH="231" HEIGHT="44" WC="0.95" CONTENT="Djurgårdsstaden."/><SP WIDTH="749" VPOS="1110" HPOS="420"/>
							<String ID="string_320" HPOS="1169" VPOS="1099" WIDTH="1" HEIGHT="41" WC="0.88" CONTENT="|"/><SP WIDTH="52" VPOS="1099" HPOS="1170"/>
							<String ID="string_321" HPOS="1222" VPOS="1112" WIDTH="1" HEIGHT="38" WC="0.73" CONTENT="|"/><SP WIDTH="95" VPOS="1112" HPOS="1223"/>
							<String ID="string_322" HPOS="1318" VPOS="1118" WIDTH="1" HEIGHT="32" WC="0.86" CONTENT="|"/><SP WIDTH="214" VPOS="1118" HPOS="1319"/>
							<String ID="string_323" HPOS="1533" VPOS="1110" WIDTH="1" HEIGHT="43" WC="0.90" CONTENT="|"/><SP WIDTH="143" VPOS="1110" HPOS="1534"/>
							<String ID="string_324" HPOS="1677" VPOS="1116" WIDTH="1" HEIGHT="31" WC="0.87" CONTENT="|"/>
						</TextLine>
						<TextLine ID="line_44" HPOS="219" VPOS="1150" WIDTH="1315" HEIGHT="35">
							<String ID="string_325" HPOS="219" VPOS="1152" WIDTH="54" HEIGHT="25" WC="0.95" CONTENT="Ang."/><SP WIDTH="18" VPOS="1152" HPOS="273"/>
							<String ID="string_326" HPOS="291" VPOS="1152" WIDTH="84" HEIGHT="20" WC="0.96" CONTENT="inlösen"/><SP WIDTH="15" VPOS="1152" HPOS="375"/>
							<String ID="string_327" HPOS="390" VPOS="1159" WIDTH="26" HEIGHT="13" WC="0.96" CONTENT="av"/><SP WIDTH="16" VPOS="1159" HPOS="416"/>
							<String ID="string_328" HPOS="432" VPOS="1152" WIDTH="128" HEIGHT="25" WC="0.96" CONTENT="fastigheten"/><SP WIDTH="17" VPOS="1152" HPOS="560"/>
							<String ID="string_329" HPOS="577" VPOS="1158" WIDTH="24" HEIGHT="13" WC="0.96" CONTENT="nr"/><SP WIDTH="16" VPOS="1158" HPOS="601"/>
							<String ID="string_330" HPOS="617" VPOS="1151" WIDTH="13" HEIGHT="21" WC="0.96" CONTENT="6"/><SP WIDTH="16" VPOS="1151" HPOS="630"/>
							<String ID="string_331" HPOS="646" VPOS="1152" WIDTH="7" HEIGHT="19" WC="0.96" CONTENT="i"/><SP WIDTH="16" VPOS="1152" HPOS="653"/>
							<String ID="string_332" HPOS="669" VPOS="1151" WIDTH="106" HEIGHT="20" WC="0.93" CONTENT="kvarteret"/><SP WIDTH="16" VPOS="1151" HPOS="775"/>
							<String ID="string_333" HPOS="791" VPOS="1150" WIDTH="213" HEIGHT="27" WC="0.92" CONTENT="Krigsmanskassan;"/><SP WIDTH="18" VPOS="1150" HPOS="1004"/>
							<String ID="string_334" HPOS="1022" VPOS="1150" WIDTH="6" HEIGHT="19" WC="0.96" CONTENT="i"/><SP WIDTH="145" VPOS="1150" HPOS="1028"/>
							<String ID="string_335" HPOS="1173" VPOS="1145" WIDTH="42" HEIGHT="44" WC="0.19" CONTENT="ae"/><SP WIDTH="103" VPOS="1145" HPOS="1215"/>
							<String ID="string_336" HPOS="1318" VPOS="1168" WIDTH="43" HEIGHT="13" WC="0.36" CONTENT="="/><SP WIDTH="172" VPOS="1168" HPOS="1361"/>
							<String ID="string_337" HPOS="1533" VPOS="1158" WIDTH="1" HEIGHT="20" WC="0.69" CONTENT="|"/><SP WIDTH="143" VPOS="1158" HPOS="1534"/>
							<String ID="string_338" HPOS="1677" VPOS="1148" WIDTH="1" HEIGHT="31" WC="0.90" CONTENT="|"/>
						</TextLine>
						<TextLine ID="line_45" HPOS="234" VPOS="1178" WIDTH="1444" HEIGHT="56">
							<String ID="string_339" HPOS="234" VPOS="1182" WIDTH="41" HEIGHT="20" WC="0.93" CONTENT="den"/><SP WIDTH="17" VPOS="1182" HPOS="275"/>
							<String ID="string_340" HPOS="292" VPOS="1188" WIDTH="15" HEIGHT="14" WC="0.89" CONTENT="s."/><SP WIDTH="18" VPOS="1188" HPOS="307"/>
							<String ID="string_341" HPOS="325" VPOS="1182" WIDTH="20" HEIGHT="20" WC="0.93" CONTENT="k."/><SP WIDTH="17" VPOS="1182" HPOS="345"/>
							<String ID="string_342" HPOS="362" VPOS="1181" WIDTH="203" HEIGHT="27" WC="0.96" CONTENT="Djurgårdsstaden;"/><SP WIDTH="18" VPOS="1181" HPOS="565"/>
							<String ID="string_343" HPOS="583" VPOS="1188" WIDTH="22" HEIGHT="13" WC="0.96" CONTENT="se"/><SP WIDTH="15" VPOS="1188" HPOS="605"/>
							<String ID="string_344" HPOS="620" VPOS="1180" WIDTH="106" HEIGHT="21" WC="0.96" CONTENT="Marinen"/><SP WIDTH="16" VPOS="1180" HPOS="726"/>
							<String ID="string_345" HPOS="742" VPOS="1181" WIDTH="73" HEIGHT="26" WC="0.93" CONTENT="(1927:"/><SP WIDTH="12" VPOS="1181" HPOS="815"/>
							<String ID="string_346" HPOS="827" VPOS="1180" WIDTH="25" HEIGHT="28" WC="0.93" CONTENT="9)."/><SP WIDTH="317" VPOS="1180" HPOS="852"/>
							<String ID="string_347" HPOS="1169" VPOS="1179" WIDTH="1" HEIGHT="40" WC="0.85" CONTENT="|"/><SP WIDTH="52" VPOS="1179" HPOS="1170"/>
							<String ID="string_348" HPOS="1222" VPOS="1192" WIDTH="2" HEIGHT="24" WC="0.84" CONTENT="|"/><SP WIDTH="94" VPOS="1192" HPOS="1224"/>
							<String ID="string_349" HPOS="1318" VPOS="1206" WIDTH="1" HEIGHT="28" WC="0.86" CONTENT="|"/><SP WIDTH="41" VPOS="1206" HPOS="1319"/>
							<String ID="string_350" HPOS="1360" VPOS="1178" WIDTH="1" HEIGHT="25" WC="0.63" CONTENT="|"/><SP WIDTH="172" VPOS="1178" HPOS="1361"/>
							<String ID="string_351" HPOS="1533" VPOS="1180" WIDTH="1" HEIGHT="3" WC="0.74" CONTENT="|"/><SP WIDTH="143" VPOS="1180" HPOS="1534"/>
							<String ID="string_352" HPOS="1677" VPOS="1184" WIDTH="1" HEIGHT="6" WC="0.72" CONTENT="|"/>
						</TextLine>
						<TextLine ID="line_46" HPOS="218" VPOS="1226" WIDTH="1316" HEIGHT="46">
							<String ID="string_353" HPOS="218" VPOS="1236" WIDTH="54" HEIGHT="25" WC="0.96" CONTENT="Ang."/><SP WIDTH="17" VPOS="1236" HPOS="272"/>
							<String ID="string_354" HPOS="289" VPOS="1235" WIDTH="82" HEIGHT="20" WC="0.96" CONTENT="inlösen"/><SP WIDTH="16" VPOS="1235" HPOS="371"/>
							<String ID="string_355" HPOS="387" VPOS="1242" WIDTH="25" HEIGHT="13" WC="0.95" CONTENT="av"/><SP WIDTH="16" VPOS="1242" HPOS="412"/>
							<String ID="string_356" HPOS="428" VPOS="1235" WIDTH="128" HEIGHT="26" WC="0.96" CONTENT="fastigheten"/><SP WIDTH="16" VPOS="1235" HPOS="556"/>
							<String ID="string_357" HPOS="572" VPOS="1242" WIDTH="25" HEIGHT="13" WC="0.96" CONTENT="nr"/><SP WIDTH="16" VPOS="1242" HPOS="597"/>
							<String ID="string_358" HPOS="613" VPOS="1235" WIDTH="20" HEIGHT="24" WC="0.96" CONTENT="5,"/><SP WIDTH="17" VPOS="1235" HPOS="633"/>
							<String ID="string_359" HPOS="650" VPOS="1235" WIDTH="53" HEIGHT="20" WC="0.96" CONTENT="efter"/><SP WIDTH="17" VPOS="1235" HPOS="703"/>
							<String ID="string_360" HPOS="720" VPOS="1234" WIDTH="56" HEIGHT="21" WC="0.95" CONTENT="1810"/><SP WIDTH="11" VPOS="1234" HPOS="776"/>
							<String ID="string_361" HPOS="787" VPOS="1235" WIDTH="33" HEIGHT="19" WC="0.96" CONTENT="års"/><SP WIDTH="12" VPOS="1235" HPOS="820"/>
							<String ID="string_362" HPOS="832" VPOS="1233" WIDTH="196" HEIGHT="26" WC="0.96" CONTENT="nummerordning,"/><SP WIDTH="290" VPOS="1233" HPOS="1028"/>
							<String ID="string_363" HPOS="1318" VPOS="1237" WIDTH="1" HEIGHT="25" WC="0.67" CONTENT="I"/><SP WIDTH="41" VPOS="1237" HPOS="1319"/>
							<String ID="string_364" HPOS="1360" VPOS="1244" WIDTH="1" HEIGHT="28" WC="0.91" CONTENT="|"/><SP WIDTH="172" VPOS="1244" HPOS="1361"/>
							<String ID="string_365" HPOS="1533" VPOS="1235" WIDTH="1" HEIGHT="21" WC="0.60" CONTENT="I"/>
						</TextLine>
						<TextLine ID="line_47" HPOS="233" VPOS="1250" WIDTH="1128" HEIGHT="41">
							<String ID="string_366" HPOS="233" VPOS="1266" WIDTH="7" HEIGHT="19" WC="0.96" CONTENT="i"/><SP WIDTH="16" VPOS="1266" HPOS="240"/>
							<String ID="string_367" HPOS="256" VPOS="1265" WIDTH="107" HEIGHT="20" WC="0.96" CONTENT="kvarteret"/><SP WIDTH="15" VPOS="1265" HPOS="363"/>
							<String ID="string_368" HPOS="378" VPOS="1265" WIDTH="153" HEIGHT="26" WC="0.96" CONTENT="Kyrkogården"/><SP WIDTH="17" VPOS="1265" HPOS="531"/>
							<String ID="string_369" HPOS="548" VPOS="1265" WIDTH="7" HEIGHT="20" WC="0.96" CONTENT="i"/><SP WIDTH="16" VPOS="1265" HPOS="555"/>
							<String ID="string_370" HPOS="571" VPOS="1265" WIDTH="41" HEIGHT="20" WC="0.92" CONTENT="den"/><SP WIDTH="16" VPOS="1265" HPOS="612"/>
							<String ID="string_371" HPOS="628" VPOS="1271" WIDTH="16" HEIGHT="13" WC="0.90" CONTENT="s."/><SP WIDTH="17" VPOS="1271" HPOS="644"/>
							<String ID="string_372" HPOS="661" VPOS="1265" WIDTH="20" HEIGHT="19" WC="0.92" CONTENT="k."/><SP WIDTH="18" VPOS="1265" HPOS="681"/>
							<String ID="string_373" HPOS="699" VPOS="1264" WIDTH="202" HEIGHT="27" WC="0.96" CONTENT="Djurgårdsstaden;"/><SP WIDTH="18" VPOS="1264" HPOS="901"/>
							<String ID="string_374" HPOS="919" VPOS="1270" WIDTH="21" HEIGHT="13" WC="0.91" CONTENT="se"/><SP WIDTH="17" VPOS="1270" HPOS="940"/>
							<String ID="string_375" HPOS="957" VPOS="1262" WIDTH="72" HEIGHT="21" WC="0.86" CONTENT="Stock-"/><SP WIDTH="140" VPOS="1262" HPOS="1029"/>
							<String ID="string_376" HPOS="1169" VPOS="1250" WIDTH="1" HEIGHT="40" WC="0.89" CONTENT="|"/><SP WIDTH="148" VPOS="1250" HPOS="1170"/>
							<String ID="string_377" HPOS="1318" VPOS="1273" WIDTH="43" HEIGHT="11" WC="0.10" CONTENT="Pad"/>
						</TextLine>
						<TextLine ID="line_48" HPOS="233" VPOS="1294" WIDTH="1301" HEIGHT="32">
							<String ID="string_378" HPOS="233" VPOS="1294" WIDTH="66" HEIGHT="21" WC="0.93" CONTENT="holms"/><SP WIDTH="11" VPOS="1294" HPOS="299"/>
							<String ID="string_379" HPOS="310" VPOS="1294" WIDTH="132" HEIGHT="27" WC="0.90" CONTENT="flottstation"/><SP WIDTH="17" VPOS="1294" HPOS="442"/>
							<String ID="string_380" HPOS="459" VPOS="1294" WIDTH="80" HEIGHT="27" WC="0.96" CONTENT="(1922)."/><SP WIDTH="630" VPOS="1294" HPOS="539"/>
							<String ID="string_381" HPOS="1169" VPOS="1306" WIDTH="1" HEIGHT="14" WC="0.72" CONTENT="|"/><SP WIDTH="148" VPOS="1306" HPOS="1170"/>
							<String ID="string_382" HPOS="1318" VPOS="1303" WIDTH="43" HEIGHT="23" WC="0.10" CONTENT="EN"/><SP WIDTH="172" VPOS="1303" HPOS="1361"/>
							<String ID="string_383" HPOS="1533" VPOS="1313" WIDTH="1" HEIGHT="7" WC="0.91" CONTENT="|"/>
						</TextLine>
						<TextLine ID="line_49" HPOS="1169" VPOS="1321" WIDTH="365" HEIGHT="24">
							<String ID="string_384" HPOS="1169" VPOS="1321" WIDTH="1" HEIGHT="24" WC="0.89" CONTENT="|"/><SP WIDTH="148" VPOS="1321" HPOS="1170"/>
							<String ID="string_385" HPOS="1318" VPOS="1328" WIDTH="1" HEIGHT="7" WC="0.92" CONTENT="|"/><SP WIDTH="214" VPOS="1328" HPOS="1319"/>
							<String ID="string_386" HPOS="1533" VPOS="1325" WIDTH="1" HEIGHT="20" WC="0.89" CONTENT="|"/>
						</TextLine>
						<TextLine ID="line_50" HPOS="188" VPOS="1340" WIDTH="1346" HEIGHT="36">
							<String ID="string_387" HPOS="188" VPOS="1346" WIDTH="160" HEIGHT="30" WC="0.92" CONTENT="Djurimport;"/><SP WIDTH="16" VPOS="1346" HPOS="348"/>
							<String ID="string_388" HPOS="364" VPOS="1355" WIDTH="22" HEIGHT="13" WC="0.93" CONTENT="se"/><SP WIDTH="17" VPOS="1355" HPOS="386"/>
							<String ID="string_389" HPOS="403" VPOS="1347" WIDTH="174" HEIGHT="27" WC="0.91" CONTENT="Köttbesiktning"/><SP WIDTH="15" VPOS="1347" HPOS="577"/>
							<String ID="string_390" HPOS="592" VPOS="1347" WIDTH="80" HEIGHT="27" WC="0.96" CONTENT="(1929)."/><SP WIDTH="497" VPOS="1347" HPOS="672"/>
							<String ID="string_391" HPOS="1169" VPOS="1346" WIDTH="1" HEIGHT="29" WC="0.88" CONTENT="|"/><SP WIDTH="148" VPOS="1346" HPOS="1170"/>
							<String ID="string_392" HPOS="1318" VPOS="1340" WIDTH="1" HEIGHT="30" WC="0.85" CONTENT="|"/><SP WIDTH="107" VPOS="1340" HPOS="1319"/>
							<String ID="string_393" HPOS="1426" VPOS="1345" WIDTH="1" HEIGHT="31" WC="0.89" CONTENT="|"/><SP WIDTH="106" VPOS="1345" HPOS="1427"/>
							<String ID="string_394" HPOS="1533" VPOS="1364" WIDTH="1" HEIGHT="8" WC="0.84" CONTENT="|"/>
						</TextLine>
						<TextLine ID="line_51" HPOS="1169" VPOS="1374" WIDTH="365" HEIGHT="19">
							<String ID="string_395" HPOS="1169" VPOS="1378" WIDTH="1" HEIGHT="15" WC="0.74" CONTENT="I"/><SP WIDTH="53" VPOS="1378" HPOS="1170"/>
							<String ID="string_396" HPOS="1223" VPOS="1387" WIDTH="1" HEIGHT="3" WC="0.63" CONTENT="I"/><SP WIDTH="94" VPOS="1387" HPOS="1224"/>
							<String ID="string_397" HPOS="1318" VPOS="1387" WIDTH="1" HEIGHT="4" WC="0.70" CONTENT="I"/><SP WIDTH="214" VPOS="1387" HPOS="1319"/>
							<String ID="string_398" HPOS="1533" VPOS="1374" WIDTH="1" HEIGHT="16" WC="0.68" CONTENT="I"/>
						</TextLine>
						<TextLine ID="line_52" HPOS="190" VPOS="1389" WIDTH="1487" HEIGHT="55">
							<String ID="string_399" HPOS="190" VPOS="1389" WIDTH="162" HEIGHT="42" WC="0.91" CONTENT="Djurplågeri."/><SP WIDTH="817" VPOS="1389" HPOS="352"/>
							<String ID="string_400" HPOS="1169" VPOS="1409" WIDTH="1" HEIGHT="15" WC="0.17" CONTENT="fö"/><SP WIDTH="148" VPOS="1409" HPOS="1170"/>
							<String ID="string_401" HPOS="1318" VPOS="1392" WIDTH="1" HEIGHT="49" WC="0.86" CONTENT="|"/><SP WIDTH="41" VPOS="1392" HPOS="1319"/>
							<String ID="string_402" HPOS="1360" VPOS="1400" WIDTH="1" HEIGHT="44" WC="0.86" CONTENT="|"/><SP WIDTH="64" VPOS="1400" HPOS="1361"/>
							<String ID="string_403" HPOS="1425" VPOS="1399" WIDTH="2" HEIGHT="26" WC="0.88" CONTENT="|"/><SP WIDTH="106" VPOS="1399" HPOS="1427"/>
							<String ID="string_404" HPOS="1533" VPOS="1391" WIDTH="1" HEIGHT="39" WC="0.88" CONTENT="|"/><SP WIDTH="142" VPOS="1391" HPOS="1534"/>
							<String ID="string_405" HPOS="1676" VPOS="1408" WIDTH="1" HEIGHT="18" WC="0.89" CONTENT="|"/>
						</TextLine>
						<TextLine ID="line_53" HPOS="218" VPOS="1429" WIDTH="1556" HEIGHT="35">
							<String ID="string_406" HPOS="218" VPOS="1432" WIDTH="38" HEIGHT="19" WC="0.92" CONTENT="RD"/><SP WIDTH="16" VPOS="1432" HPOS="256"/>
							<String ID="string_407" HPOS="272" VPOS="1433" WIDTH="87" HEIGHT="24" WC="0.95" CONTENT="antager"/><SP WIDTH="15" VPOS="1433" HPOS="359"/>
							<String ID="string_408" HPOS="374" VPOS="1432" WIDTH="33" HEIGHT="19" WC="0.96" CONTENT="för"/><SP WIDTH="16" VPOS="1432" HPOS="407"/>
							<String ID="string_409" HPOS="423" VPOS="1432" WIDTH="32" HEIGHT="20" WC="0.96" CONTENT="sin"/><SP WIDTH="17" VPOS="1432" HPOS="455"/>
							<String ID="string_410" HPOS="472" VPOS="1431" WIDTH="34" HEIGHT="20" WC="0.96" CONTENT="del"/><SP WIDTH="17" VPOS="1431" HPOS="506"/>
							<String ID="string_411" HPOS="523" VPOS="1431" WIDTH="34" HEIGHT="26" WC="0.96" CONTENT="lag"/><SP WIDTH="15" VPOS="1431" HPOS="557"/>
							<String ID="string_412" HPOS="572" VPOS="1438" WIDTH="35" HEIGHT="13" WC="0.96" CONTENT="om"/><SP WIDTH="17" VPOS="1438" HPOS="607"/>
							<String ID="string_413" HPOS="624" VPOS="1431" WIDTH="81" HEIGHT="20" WC="0.96" CONTENT="ändrad"/><SP WIDTH="16" VPOS="1431" HPOS="705"/>
							<String ID="string_414" HPOS="721" VPOS="1431" WIDTH="81" HEIGHT="26" WC="0.96" CONTENT="lydelse"/><SP WIDTH="16" VPOS="1431" HPOS="802"/>
							<String ID="string_415" HPOS="818" VPOS="1437" WIDTH="26" HEIGHT="13" WC="0.97" CONTENT="av"/><SP WIDTH="16" VPOS="1437" HPOS="844"/>
							<String ID="string_416" HPOS="860" VPOS="1430" WIDTH="48" HEIGHT="26" WC="0.96" CONTENT="kap."/><SP WIDTH="20" VPOS="1430" HPOS="908"/>
							<String ID="string_417" HPOS="928" VPOS="1429" WIDTH="26" HEIGHT="20" WC="0.92" CONTENT="18"/><SP WIDTH="17" VPOS="1429" HPOS="954"/>
							<String ID="string_418" HPOS="971" VPOS="1430" WIDTH="13" HEIGHT="25" WC="0.73" CONTENT="$"/><SP WIDTH="18" VPOS="1430" HPOS="984"/>
							<String ID="string_419" HPOS="1002" VPOS="1429" WIDTH="25" HEIGHT="20" WC="0.75" CONTENT="16"/><SP WIDTH="17" VPOS="1429" HPOS="1027"/>
							<String ID="string_420" HPOS="1044" VPOS="1430" WIDTH="53" HEIGHT="22" WC="0.75" CONTENT="1921]"/><SP WIDTH="34" VPOS="1430" HPOS="1097"/>
							<String ID="string_421" HPOS="1131" VPOS="1431" WIDTH="11" HEIGHT="20" WC="0.96" CONTENT="6"/><SP WIDTH="26" VPOS="1431" HPOS="1142"/>
							<String ID="string_422" HPOS="1168" VPOS="1434" WIDTH="2" HEIGHT="4" WC="0.61" CONTENT="|"/><SP WIDTH="106" VPOS="1434" HPOS="1170"/>
							<String ID="string_423" HPOS="1276" VPOS="1431" WIDTH="43" HEIGHT="33" WC="0.26" CONTENT="19"/><SP WIDTH="69" VPOS="1431" HPOS="1319"/>
							<String ID="string_424" HPOS="1388" VPOS="1430" WIDTH="38" HEIGHT="24" WC="0.38" CONTENT="SE"/><SP WIDTH="76" VPOS="1430" HPOS="1426"/>
							<String ID="string_425" HPOS="1502" VPOS="1431" WIDTH="27" HEIGHT="20" WC="0.0" CONTENT="68"/><SP WIDTH="67" VPOS="1431" HPOS="1529"/>
							<String ID="string_426" HPOS="1596" VPOS="1430" WIDTH="67" HEIGHT="20" WC="0.71" CONTENT="12:38"/><SP WIDTH="19" VPOS="1430" HPOS="1663"/>
							<String ID="string_427" HPOS="1682" VPOS="1429" WIDTH="92" HEIGHT="21" WC="0.35" CONTENT="1T:1210d"/>
						</TextLine>
						<TextLine ID="line_54" HPOS="233" VPOS="1456" WIDTH="1444" HEIGHT="32">
							<String ID="string_428" HPOS="233" VPOS="1462" WIDTH="122" HEIGHT="25" WC="0.94" CONTENT="strafflagen"/><SP WIDTH="24" VPOS="1462" HPOS="355"/>
							<String ID="string_429" HPOS="379" VPOS="1462" WIDTH="69" HEIGHT="25" WC="0.94" CONTENT="(straff"/><SP WIDTH="22" VPOS="1462" HPOS="448"/>
							<String ID="string_430" HPOS="470" VPOS="1461" WIDTH="33" HEIGHT="20" WC="0.97" CONTENT="för"/><SP WIDTH="23" VPOS="1461" HPOS="503"/>
							<String ID="string_431" HPOS="526" VPOS="1461" WIDTH="144" HEIGHT="26" WC="0.93" CONTENT="djurplågeri);"/><SP WIDTH="20" VPOS="1461" HPOS="670"/>
							<String ID="string_432" HPOS="690" VPOS="1461" WIDTH="40" HEIGHT="20" WC="0.96" CONTENT="och"/><SP WIDTH="16" VPOS="1461" HPOS="730"/>
							<String ID="string_433" HPOS="746" VPOS="1462" WIDTH="86" HEIGHT="24" WC="0.93" CONTENT="antager"/><SP WIDTH="16" VPOS="1462" HPOS="832"/>
							<String ID="string_434" HPOS="848" VPOS="1460" WIDTH="37" HEIGHT="20" WC="0.92" CONTENT="RD"/><SP WIDTH="15" VPOS="1460" HPOS="885"/>
							<String ID="string_435" HPOS="900" VPOS="1459" WIDTH="79" HEIGHT="26" WC="0.96" CONTENT="förslag"/><SP WIDTH="16" VPOS="1459" HPOS="979"/>
							<String ID="string_436" HPOS="995" VPOS="1459" WIDTH="33" HEIGHT="20" WC="0.96" CONTENT="till"/><SP WIDTH="248" VPOS="1459" HPOS="1028"/>
							<String ID="string_437" HPOS="1276" VPOS="1458" WIDTH="85" HEIGHT="13" WC="0.0" CONTENT="Fosköed"/><SP WIDTH="171" VPOS="1458" HPOS="1361"/>
							<String ID="string_438" HPOS="1532" VPOS="1458" WIDTH="1" HEIGHT="24" WC="0.72" CONTENT="|"/><SP WIDTH="143" VPOS="1458" HPOS="1533"/>
							<String ID="string_439" HPOS="1676" VPOS="1456" WIDTH="1" HEIGHT="32" WC="0.94" CONTENT="|"/>
						</TextLine>
						<TextLine ID="line_55" HPOS="232" VPOS="1489" WIDTH="1301" HEIGHT="31">
							<String ID="string_440" HPOS="232" VPOS="1491" WIDTH="34" HEIGHT="26" WC="0.95" CONTENT="lag"/><SP WIDTH="23" VPOS="1491" HPOS="266"/>
							<String ID="string_441" HPOS="289" VPOS="1498" WIDTH="35" HEIGHT="13" WC="0.94" CONTENT="om"/><SP WIDTH="24" VPOS="1498" HPOS="324"/>
							<String ID="string_442" HPOS="348" VPOS="1493" WIDTH="42" HEIGHT="18" WC="0.93" CONTENT="rätt"/><SP WIDTH="16" VPOS="1493" HPOS="390"/>
							<String ID="string_443" HPOS="406" VPOS="1492" WIDTH="6" HEIGHT="19" WC="0.96" CONTENT="i"/><SP WIDTH="16" VPOS="1492" HPOS="412"/>
							<String ID="string_444" HPOS="428" VPOS="1491" WIDTH="56" HEIGHT="20" WC="0.96" CONTENT="vissa"/><SP WIDTH="23" VPOS="1491" HPOS="484"/>
							<String ID="string_445" HPOS="507" VPOS="1491" WIDTH="38" HEIGHT="20" WC="0.96" CONTENT="fall"/><SP WIDTH="24" VPOS="1491" HPOS="545"/>
							<String ID="string_446" HPOS="569" VPOS="1491" WIDTH="33" HEIGHT="20" WC="0.96" CONTENT="för"/><SP WIDTH="15" VPOS="1491" HPOS="602"/>
							<String ID="string_447" HPOS="617" VPOS="1490" WIDTH="183" HEIGHT="27" WC="0.96" CONTENT="polismyndighet"/><SP WIDTH="15" VPOS="1490" HPOS="800"/>
							<String ID="string_448" HPOS="815" VPOS="1492" WIDTH="31" HEIGHT="18" WC="0.93" CONTENT="att"/><SP WIDTH="16" VPOS="1492" HPOS="846"/>
							<String ID="string_449" HPOS="862" VPOS="1489" WIDTH="167" HEIGHT="25" WC="0.90" CONTENT="omhändertaga"/><SP WIDTH="247" VPOS="1489" HPOS="1029"/>
							<String ID="string_450" HPOS="1276" VPOS="1494" WIDTH="1" HEIGHT="26" WC="0.85" CONTENT="|"/><SP WIDTH="82" VPOS="1494" HPOS="1277"/>
							<String ID="string_451" HPOS="1359" VPOS="1498" WIDTH="1" HEIGHT="16" WC="0.62" CONTENT="I"/><SP WIDTH="172" VPOS="1498" HPOS="1360"/>
							<String ID="string_452" HPOS="1532" VPOS="1496" WIDTH="1" HEIGHT="5" WC="0.65" CONTENT="I"/>
						</TextLine>
						<TextLine ID="line_56" HPOS="232" VPOS="1521" WIDTH="1194" HEIGHT="27">
							<String ID="string_453" HPOS="232" VPOS="1521" WIDTH="56" HEIGHT="27" WC="0.96" CONTENT="djur."/><SP WIDTH="988" VPOS="1521" HPOS="288"/>
							<String ID="string_454" HPOS="1276" VPOS="1522" WIDTH="84" HEIGHT="15" WC="0.0" CONTENT="krshgd"/><SP WIDTH="65" VPOS="1522" HPOS="1360"/>
							<String ID="string_455" HPOS="1425" VPOS="1530" WIDTH="1" HEIGHT="7" WC="0.73" CONTENT="|"/>
						</TextLine>
						<TextLine ID="line_57" HPOS="245" VPOS="1502" WIDTH="1288" HEIGHT="82">
							<String ID="string_456" HPOS="245" VPOS="1556" WIDTH="23" HEIGHT="17" WC="0.95" CONTENT="Se"/><SP WIDTH="13" VPOS="1556" HPOS="268"/>
							<String ID="string_457" HPOS="281" VPOS="1556" WIDTH="66" HEIGHT="17" WC="0.93" CONTENT="vidare"/><SP WIDTH="14" VPOS="1556" HPOS="347"/>
							<String ID="string_458" HPOS="361" VPOS="1556" WIDTH="137" HEIGHT="22" WC="0.91" CONTENT="Schäktning"/><SP WIDTH="13" VPOS="1556" HPOS="498"/>
							<String ID="string_459" HPOS="511" VPOS="1555" WIDTH="66" HEIGHT="23" WC="0.93" CONTENT="(1922),"/><SP WIDTH="14" VPOS="1555" HPOS="577"/>
							<String ID="string_460" HPOS="591" VPOS="1556" WIDTH="64" HEIGHT="18" WC="0.92" CONTENT="Slakt"/><SP WIDTH="12" VPOS="1556" HPOS="655"/>
							<String ID="string_461" HPOS="667" VPOS="1555" WIDTH="65" HEIGHT="22" WC="0.96" CONTENT="(1928)."/><SP WIDTH="585" VPOS="1555" HPOS="732"/>
							<String ID="string_462" HPOS="1317" VPOS="1552" WIDTH="1" HEIGHT="16" WC="0.41" CONTENT="RS"/><SP WIDTH="107" VPOS="1552" HPOS="1318"/>
							<String ID="string_463" HPOS="1425" VPOS="1552" WIDTH="1" HEIGHT="18" WC="0.72" CONTENT="|"/><SP WIDTH="54" VPOS="1552" HPOS="1426"/>
							<String ID="string_464" HPOS="1480" VPOS="1553" WIDTH="2" HEIGHT="25" WC="0.88" CONTENT="|"/><SP WIDTH="50" VPOS="1553" HPOS="1482"/>
							<String ID="string_465" HPOS="1532" VPOS="1502" WIDTH="1" HEIGHT="82" WC="0.87" CONTENT="|"/>
						</TextLine>
						<TextLine ID="line_58" HPOS="1359" VPOS="1582" WIDTH="318" HEIGHT="17">
							<String ID="string_466" HPOS="1359" VPOS="1582" WIDTH="1" HEIGHT="17" WC="0.76" CONTENT="I"/><SP WIDTH="172" VPOS="1582" HPOS="1360"/>
							<String ID="string_467" HPOS="1532" VPOS="1586" WIDTH="1" HEIGHT="12" WC="0.74" CONTENT="I"/><SP WIDTH="143" VPOS="1586" HPOS="1533"/>
							<String ID="string_468" HPOS="1676" VPOS="1584" WIDTH="1" HEIGHT="10" WC="0.70" CONTENT="I"/>
						</TextLine>
						<TextLine ID="line_59" HPOS="187" VPOS="1576" WIDTH="1491" HEIGHT="88">
							<String ID="string_469" HPOS="187" VPOS="1602" WIDTH="243" HEIGHT="27" WC="0.95" CONTENT="Djursholmsbanan;"/><SP WIDTH="16" VPOS="1602" HPOS="430"/>
							<String ID="string_470" HPOS="446" VPOS="1611" WIDTH="22" HEIGHT="14" WC="0.96" CONTENT="se"/><SP WIDTH="16" VPOS="1611" HPOS="468"/>
							<String ID="string_471" HPOS="484" VPOS="1603" WIDTH="128" HEIGHT="27" WC="0.96" CONTENT="Järnvägar"/><SP WIDTH="15" VPOS="1603" HPOS="612"/>
							<String ID="string_472" HPOS="627" VPOS="1604" WIDTH="71" HEIGHT="25" WC="0.95" CONTENT="(1926:"/><SP WIDTH="12" VPOS="1604" HPOS="698"/>
							<String ID="string_473" HPOS="710" VPOS="1604" WIDTH="24" HEIGHT="25" WC="0.95" CONTENT="6)."/><SP WIDTH="487" VPOS="1604" HPOS="734"/>
							<String ID="string_474" HPOS="1221" VPOS="1595" WIDTH="2" HEIGHT="21" WC="0.83" CONTENT="|"/><SP WIDTH="52" VPOS="1595" HPOS="1223"/>
							<String ID="string_475" HPOS="1275" VPOS="1588" WIDTH="1" HEIGHT="76" WC="0.95" CONTENT="|"/><SP WIDTH="41" VPOS="1588" HPOS="1276"/>
							<String ID="string_476" HPOS="1317" VPOS="1576" WIDTH="1" HEIGHT="87" WC="0.92" CONTENT="|"/><SP WIDTH="41" VPOS="1576" HPOS="1318"/>
							<String ID="string_477" HPOS="1359" VPOS="1600" WIDTH="1" HEIGHT="28" WC="0.91" CONTENT="|"/><SP WIDTH="172" VPOS="1600" HPOS="1360"/>
							<String ID="string_478" HPOS="1532" VPOS="1599" WIDTH="1" HEIGHT="28" WC="0.89" CONTENT="|"/><SP WIDTH="143" VPOS="1599" HPOS="1533"/>
							<String ID="string_479" HPOS="1676" VPOS="1603" WIDTH="2" HEIGHT="35" WC="0.86" CONTENT="|"/>
						</TextLine>
						<TextLine ID="line_60" HPOS="1221" VPOS="1633" WIDTH="457" HEIGHT="21">
							<String ID="string_480" HPOS="1221" VPOS="1637" WIDTH="1" HEIGHT="8" WC="0.77" CONTENT="|"/><SP WIDTH="137" VPOS="1637" HPOS="1222"/>
							<String ID="string_481" HPOS="1359" VPOS="1638" WIDTH="1" HEIGHT="16" WC="0.74" CONTENT="|"/><SP WIDTH="172" VPOS="1638" HPOS="1360"/>
							<String ID="string_482" HPOS="1532" VPOS="1633" WIDTH="1" HEIGHT="8" WC="0.70" CONTENT="I"/><SP WIDTH="143" VPOS="1633" HPOS="1533"/>
							<String ID="string_483" HPOS="1676" VPOS="1640" WIDTH="2" HEIGHT="13" WC="0.28" CONTENT="|"/>
						</TextLine>
						<TextLine ID="line_61" HPOS="188" VPOS="1645" WIDTH="1489" HEIGHT="40">
							<String ID="string_484" HPOS="188" VPOS="1656" WIDTH="150" HEIGHT="29" WC="0.96" CONTENT="Djurskydd;"/><SP WIDTH="17" VPOS="1656" HPOS="338"/>
							<String ID="string_485" HPOS="355" VPOS="1665" WIDTH="21" HEIGHT="13" WC="0.93" CONTENT="se"/><SP WIDTH="17" VPOS="1665" HPOS="376"/>
							<String ID="string_486" HPOS="393" VPOS="1657" WIDTH="64" HEIGHT="21" WC="0.92" CONTENT="Slakt"/><SP WIDTH="15" VPOS="1657" HPOS="457"/>
							<String ID="string_487" HPOS="472" VPOS="1658" WIDTH="80" HEIGHT="25" WC="0.95" CONTENT="(1925)."/><SP WIDTH="723" VPOS="1658" HPOS="552"/>
							<String ID="string_488" HPOS="1275" VPOS="1667" WIDTH="43" HEIGHT="11" WC="0.8" CONTENT="rr"/><SP WIDTH="214" VPOS="1667" HPOS="1318"/>
							<String ID="string_489" HPOS="1532" VPOS="1645" WIDTH="1" HEIGHT="24" WC="0.85" CONTENT="|"/><SP WIDTH="143" VPOS="1645" HPOS="1533"/>
							<String ID="string_490" HPOS="1676" VPOS="1656" WIDTH="1" HEIGHT="14" WC="0.68" CONTENT="|"/>
						</TextLine>
						<TextLine ID="line_62" HPOS="186" VPOS="1689" WIDTH="1174" HEIGHT="58">
							<String ID="string_491" HPOS="186" VPOS="1706" WIDTH="127" HEIGHT="35" WC="0.91" CONTENT="Docenter."/><SP WIDTH="854" VPOS="1706" HPOS="313"/>
							<String ID="string_492" HPOS="1167" VPOS="1732" WIDTH="1" HEIGHT="4" WC="0.61" CONTENT="I"/><SP WIDTH="149" VPOS="1732" HPOS="1168"/>
							<String ID="string_493" HPOS="1317" VPOS="1689" WIDTH="1" HEIGHT="29" WC="0.87" CONTENT="|"/><SP WIDTH="40" VPOS="1689" HPOS="1318"/>
							<String ID="string_494" HPOS="1358" VPOS="1699" WIDTH="2" HEIGHT="48" WC="0.85" CONTENT="|"/>
						</TextLine>
						<TextLine ID="line_63" HPOS="216" VPOS="1736" WIDTH="1317" HEIGHT="35">
							<String ID="string_495" HPOS="216" VPOS="1743" WIDTH="53" HEIGHT="24" WC="0.91" CONTENT="Ang."/><SP WIDTH="27" VPOS="1743" HPOS="269"/>
							<String ID="string_496" HPOS="296" VPOS="1741" WIDTH="200" HEIGHT="26" WC="0.91" CONTENT="forskarstipendier"/><SP WIDTH="25" VPOS="1741" HPOS="496"/>
							<String ID="string_497" HPOS="521" VPOS="1741" WIDTH="32" HEIGHT="20" WC="0.96" CONTENT="för"/><SP WIDTH="26" VPOS="1741" HPOS="553"/>
							<String ID="string_498" HPOS="579" VPOS="1741" WIDTH="107" HEIGHT="23" WC="0.96" CONTENT="docenter;"/><SP WIDTH="18" VPOS="1741" HPOS="686"/>
							<String ID="string_499" HPOS="704" VPOS="1747" WIDTH="21" HEIGHT="14" WC="0.96" CONTENT="se"/><SP WIDTH="23" VPOS="1747" HPOS="725"/>
							<String ID="string_500" HPOS="748" VPOS="1739" WIDTH="156" HEIGHT="22" WC="0.95" CONTENT="Universiteten"/><SP WIDTH="17" VPOS="1739" HPOS="904"/>
							<String ID="string_501" HPOS="921" VPOS="1735" WIDTH="72" HEIGHT="36" WC="0.15" CONTENT="(1927:"/><SP WIDTH="4" VPOS="1735" HPOS="993"/>
							<String ID="string_502" HPOS="997" VPOS="1735" WIDTH="28" HEIGHT="36" WC="0.15" CONTENT="3;"/><SP WIDTH="249" VPOS="1735" HPOS="1025"/>
							<String ID="string_503" HPOS="1274" VPOS="1750" WIDTH="1" HEIGHT="3" WC="0.22" CONTENT="fer"/><SP WIDTH="149" VPOS="1750" HPOS="1275"/>
							<String ID="string_504" HPOS="1424" VPOS="1736" WIDTH="1" HEIGHT="6" WC="0.91" CONTENT="|"/><SP WIDTH="107" VPOS="1736" HPOS="1425"/>
							<String ID="string_505" HPOS="1532" VPOS="1736" WIDTH="1" HEIGHT="35" WC="0.89" CONTENT="|"/>
						</TextLine>
						<TextLine ID="line_64" HPOS="233" VPOS="1771" WIDTH="1443" HEIGHT="42">
							<String ID="string_506" HPOS="233" VPOS="1771" WIDTH="96" HEIGHT="23" WC="0.61" CONTENT="1928:2;"/><SP WIDTH="19" VPOS="1771" HPOS="329"/>
							<String ID="string_507" HPOS="348" VPOS="1771" WIDTH="63" HEIGHT="20" WC="0.90" CONTENT="1929:"/><SP WIDTH="13" VPOS="1771" HPOS="411"/>
							<String ID="string_508" HPOS="424" VPOS="1771" WIDTH="139" HEIGHT="26" WC="0.0" CONTENT="s;&#39;19307:8)."/><SP WIDTH="711" VPOS="1771" HPOS="563"/>
							<String ID="string_509" HPOS="1274" VPOS="1783" WIDTH="1" HEIGHT="30" WC="0.81" CONTENT="|"/><SP WIDTH="41" VPOS="1783" HPOS="1275"/>
							<String ID="string_510" HPOS="1316" VPOS="1772" WIDTH="1" HEIGHT="28" WC="0.69" CONTENT="I"/><SP WIDTH="41" VPOS="1772" HPOS="1317"/>
							<String ID="string_511" HPOS="1358" VPOS="1791" WIDTH="1" HEIGHT="11" WC="0.89" CONTENT="|"/><SP WIDTH="316" VPOS="1791" HPOS="1359"/>
							<String ID="string_512" HPOS="1675" VPOS="1776" WIDTH="1" HEIGHT="6" WC="0.71" CONTENT="I"/>
						</TextLine>
						<TextLine ID="line_65" HPOS="187" VPOS="1814" WIDTH="1489" HEIGHT="48">
							<String ID="string_513" HPOS="187" VPOS="1823" WIDTH="82" HEIGHT="21" WC="0.92" CONTENT="Docka"/><SP WIDTH="16" VPOS="1823" HPOS="269"/>
							<String ID="string_514" HPOS="285" VPOS="1825" WIDTH="12" HEIGHT="19" WC="0.93" CONTENT="å"/><SP WIDTH="16" VPOS="1825" HPOS="297"/>
							<String ID="string_515" HPOS="313" VPOS="1824" WIDTH="154" HEIGHT="24" WC="0.96" CONTENT="Beckholmen;"/><SP WIDTH="18" VPOS="1824" HPOS="467"/>
							<String ID="string_516" HPOS="485" VPOS="1831" WIDTH="22" HEIGHT="14" WC="0.96" CONTENT="se"/><SP WIDTH="16" VPOS="1831" HPOS="507"/>
							<String ID="string_517" HPOS="523" VPOS="1823" WIDTH="106" HEIGHT="22" WC="0.96" CONTENT="Marinen"/><SP WIDTH="16" VPOS="1823" HPOS="629"/>
							<String ID="string_518" HPOS="645" VPOS="1824" WIDTH="72" HEIGHT="25" WC="0.96" CONTENT="(1925:"/><SP WIDTH="13" VPOS="1824" HPOS="717"/>
							<String ID="string_519" HPOS="730" VPOS="1824" WIDTH="39" HEIGHT="25" WC="0.95" CONTENT="21),"/><SP WIDTH="505" VPOS="1824" HPOS="769"/>
							<String ID="string_520" HPOS="1274" VPOS="1816" WIDTH="1" HEIGHT="40" WC="0.85" CONTENT="|"/><SP WIDTH="41" VPOS="1816" HPOS="1275"/>
							<String ID="string_521" HPOS="1316" VPOS="1825" WIDTH="1" HEIGHT="31" WC="0.87" CONTENT="|"/><SP WIDTH="107" VPOS="1825" HPOS="1317"/>
							<String ID="string_522" HPOS="1424" VPOS="1847" WIDTH="1" HEIGHT="15" WC="0.87" CONTENT="|"/><SP WIDTH="250" VPOS="1847" HPOS="1425"/>
							<String ID="string_523" HPOS="1675" VPOS="1814" WIDTH="1" HEIGHT="39" WC="0.80" CONTENT="|"/>
						</TextLine>
						<TextLine ID="line_66" HPOS="186" VPOS="1869" WIDTH="1490" HEIGHT="54">
							<String ID="string_524" HPOS="186" VPOS="1876" WIDTH="288" HEIGHT="26" WC="0.91" CONTENT="Doktorsavhandlingar"/><SP WIDTH="17" VPOS="1876" HPOS="474"/>
							<String ID="string_525" HPOS="491" VPOS="1881" WIDTH="31" HEIGHT="16" WC="0.83" CONTENT="m."/><SP WIDTH="16" VPOS="1881" HPOS="522"/>
							<String ID="string_526" HPOS="538" VPOS="1881" WIDTH="31" HEIGHT="16" WC="0.90" CONTENT="m."/><SP WIDTH="705" VPOS="1881" HPOS="569"/>
							<String ID="string_527" HPOS="1274" VPOS="1870" WIDTH="1" HEIGHT="34" WC="0.88" CONTENT="|"/><SP WIDTH="41" VPOS="1870" HPOS="1275"/>
							<String ID="string_528" HPOS="1316" VPOS="1888" WIDTH="1" HEIGHT="24" WC="0.87" CONTENT="|"/><SP WIDTH="107" VPOS="1888" HPOS="1317"/>
							<String ID="string_529" HPOS="1424" VPOS="1876" WIDTH="1" HEIGHT="24" WC="0.82" CONTENT="|"/><SP WIDTH="50" VPOS="1876" HPOS="1425"/>
							<String ID="string_530" HPOS="1475" VPOS="1869" WIDTH="1" HEIGHT="54" WC="0.85" CONTENT="|"/><SP WIDTH="55" VPOS="1869" HPOS="1476"/>
							<String ID="string_531" HPOS="1531" VPOS="1880" WIDTH="1" HEIGHT="36" WC="0.85" CONTENT="|"/><SP WIDTH="143" VPOS="1880" HPOS="1532"/>
							<String ID="string_532" HPOS="1675" VPOS="1888" WIDTH="1" HEIGHT="13" WC="0.74" CONTENT="|"/>
						</TextLine>
						<TextLine ID="line_67" HPOS="190" VPOS="1893" WIDTH="1580" HEIGHT="41">
							<String ID="string_533" HPOS="190" VPOS="1913" WIDTH="7" HEIGHT="15" WC="0.96" CONTENT="1"/><SP WIDTH="20" VPOS="1913" HPOS="197"/>
							<String ID="string_534" HPOS="217" VPOS="1908" WIDTH="74" HEIGHT="20" WC="0.95" CONTENT="Såsom"/><SP WIDTH="17" VPOS="1908" HPOS="291"/>
							<String ID="string_535" HPOS="308" VPOS="1908" WIDTH="75" HEIGHT="26" WC="0.96" CONTENT="bidrag"/><SP WIDTH="16" VPOS="1908" HPOS="383"/>
							<String ID="string_536" HPOS="399" VPOS="1907" WIDTH="32" HEIGHT="21" WC="0.96" CONTENT="till"/><SP WIDTH="17" VPOS="1907" HPOS="431"/>
							<String ID="string_537" HPOS="448" VPOS="1908" WIDTH="113" HEIGHT="26" WC="0.96" CONTENT="tryckning"/><SP WIDTH="16" VPOS="1908" HPOS="561"/>
							<String ID="string_538" HPOS="577" VPOS="1914" WIDTH="25" HEIGHT="14" WC="0.92" CONTENT="av"/><SP WIDTH="17" VPOS="1914" HPOS="602"/>
							<String ID="string_539" HPOS="619" VPOS="1907" WIDTH="243" HEIGHT="25" WC="0.91" CONTENT="doktorsavhandlingar"/><SP WIDTH="15" VPOS="1907" HPOS="862"/>
							<String ID="string_540" HPOS="877" VPOS="1907" WIDTH="36" HEIGHT="20" WC="0.90" CONTENT="vid"/><SP WIDTH="11" VPOS="1907" HPOS="913"/>
							<String ID="string_541" HPOS="924" VPOS="1907" WIDTH="101" HEIGHT="20" WC="0.90" CONTENT="universi-"/><SP WIDTH="16" VPOS="1907" HPOS="1025"/>
							<String ID="string_542" HPOS="1041" VPOS="1906" WIDTH="54" HEIGHT="22" WC="0.1" CONTENT="19211"/><SP WIDTH="19" VPOS="1906" HPOS="1095"/>
							<String ID="string_543" HPOS="1114" VPOS="1907" WIDTH="41" HEIGHT="20" WC="0.1" CONTENT="1:8"/><SP WIDTH="119" VPOS="1907" HPOS="1155"/>
							<String ID="string_544" HPOS="1274" VPOS="1906" WIDTH="72" HEIGHT="22" WC="0.7" CONTENT="61"/><SP WIDTH="26" VPOS="1906" HPOS="1346"/>
							<String ID="string_545" HPOS="1372" VPOS="1906" WIDTH="40" HEIGHT="20" WC="0.7" CONTENT="8A"/><SP WIDTH="33" VPOS="1906" HPOS="1412"/>
							<String ID="string_546" HPOS="1445" VPOS="1893" WIDTH="55" HEIGHT="41" WC="0.60" CONTENT="70l8"/><SP WIDTH="10" VPOS="1893" HPOS="1500"/>
							<String ID="string_547" HPOS="1510" VPOS="1907" WIDTH="53" HEIGHT="26" WC="0.47" CONTENT="Al7ol"/><SP WIDTH="30" VPOS="1907" HPOS="1563"/>
							<String ID="string_548" HPOS="1593" VPOS="1906" WIDTH="67" HEIGHT="21" WC="0.65" CONTENT="26:21"/><SP WIDTH="15" VPOS="1906" HPOS="1660"/>
							<String ID="string_549" HPOS="1675" VPOS="1902" WIDTH="1" HEIGHT="17" WC="0.92" CONTENT="|"/><SP WIDTH="11" VPOS="1902" HPOS="1676"/>
							<String ID="string_550" HPOS="1687" VPOS="1905" WIDTH="33" HEIGHT="20" WC="0.92" CONTENT="31:"/><SP WIDTH="13" VPOS="1905" HPOS="1720"/>
							<String ID="string_551" HPOS="1733" VPOS="1911" WIDTH="37" HEIGHT="15" WC="0.96" CONTENT="112"/>
						</TextLine>
						<TextLine ID="line_68" HPOS="230" VPOS="1926" WIDTH="1446" HEIGHT="43">
							<String ID="string_552" HPOS="230" VPOS="1940" WIDTH="58" HEIGHT="18" WC="0.96" CONTENT="teten"/><SP WIDTH="16" VPOS="1940" HPOS="288"/>
							<String ID="string_553" HPOS="304" VPOS="1938" WIDTH="8" HEIGHT="19" WC="0.96" CONTENT="i"/><SP WIDTH="16" VPOS="1938" HPOS="312"/>
							<String ID="string_554" HPOS="328" VPOS="1937" WIDTH="94" HEIGHT="27" WC="0.96" CONTENT="Uppsala"/><SP WIDTH="16" VPOS="1937" HPOS="422"/>
							<String ID="string_555" HPOS="438" VPOS="1938" WIDTH="40" HEIGHT="19" WC="0.96" CONTENT="och"/><SP WIDTH="16" VPOS="1938" HPOS="478"/>
							<String ID="string_556" HPOS="494" VPOS="1937" WIDTH="62" HEIGHT="20" WC="0.96" CONTENT="Lund"/><SP WIDTH="16" VPOS="1937" HPOS="556"/>
							<String ID="string_557" HPOS="572" VPOS="1939" WIDTH="56" HEIGHT="18" WC="0.96" CONTENT="samt"/><SP WIDTH="11" VPOS="1939" HPOS="628"/>
							<String ID="string_558" HPOS="639" VPOS="1938" WIDTH="128" HEIGHT="19" WC="0.96" CONTENT="Karolinska"/><SP WIDTH="14" VPOS="1938" HPOS="767"/>
							<String ID="string_559" HPOS="781" VPOS="1937" WIDTH="106" HEIGHT="20" WC="0.96" CONTENT="institutet"/><SP WIDTH="11" VPOS="1937" HPOS="887"/>
							<String ID="string_560" HPOS="898" VPOS="1937" WIDTH="90" HEIGHT="26" WC="0.96" CONTENT="beviljas"/><SP WIDTH="11" VPOS="1937" HPOS="988"/>
							<String ID="string_561" HPOS="999" VPOS="1937" WIDTH="27" HEIGHT="26" WC="0.96" CONTENT="på"/><SP WIDTH="80" VPOS="1937" HPOS="1026"/>
							<String ID="string_562" HPOS="1106" VPOS="1934" WIDTH="61" HEIGHT="35" WC="0.43" CONTENT="p.104/"/><SP WIDTH="60" VPOS="1934" HPOS="1167"/>
							<String ID="string_563" HPOS="1227" VPOS="1922" WIDTH="27" HEIGHT="48" WC="0.13" CONTENT="as"/><SP WIDTH="221" VPOS="1922" HPOS="1254"/>
							<String ID="string_564" HPOS="1475" VPOS="1950" WIDTH="1" HEIGHT="5" WC="0.0" CONTENT="RR"/><SP WIDTH="55" VPOS="1950" HPOS="1476"/>
							<String ID="string_565" HPOS="1531" VPOS="1934" WIDTH="1" HEIGHT="34" WC="0.88" CONTENT="|"/><SP WIDTH="143" VPOS="1934" HPOS="1532"/>
							<String ID="string_566" HPOS="1675" VPOS="1945" WIDTH="1" HEIGHT="5" WC="0.69" CONTENT="|"/>
						</TextLine>
						<TextLine ID="line_69" HPOS="231" VPOS="1965" WIDTH="1301" HEIGHT="35">
							<String ID="string_567" HPOS="231" VPOS="1970" WIDTH="60" HEIGHT="17" WC="0.96" CONTENT="extra"/><SP WIDTH="16" VPOS="1970" HPOS="291"/>
							<String ID="string_568" HPOS="307" VPOS="1970" WIDTH="42" HEIGHT="17" WC="0.96" CONTENT="stat"/><SP WIDTH="16" VPOS="1970" HPOS="349"/>
							<String ID="string_569" HPOS="365" VPOS="1970" WIDTH="30" HEIGHT="17" WC="0.93" CONTENT="ett"/><SP WIDTH="16" VPOS="1970" HPOS="395"/>
							<String ID="string_570" HPOS="411" VPOS="1967" WIDTH="213" HEIGHT="26" WC="0.91" CONTENT="reservationsanslag"/><SP WIDTH="16" VPOS="1967" HPOS="624"/>
							<String ID="string_571" HPOS="640" VPOS="1974" WIDTH="26" HEIGHT="14" WC="0.96" CONTENT="av"/><SP WIDTH="11" VPOS="1974" HPOS="666"/>
							<String ID="string_572" HPOS="677" VPOS="1967" WIDTH="27" HEIGHT="20" WC="0.96" CONTENT="40"/><SP WIDTH="11" VPOS="1967" HPOS="704"/>
							<String ID="string_573" HPOS="715" VPOS="1967" WIDTH="42" HEIGHT="21" WC="0.93" CONTENT="000"/><SP WIDTH="12" VPOS="1967" HPOS="757"/>
							<String ID="string_574" HPOS="769" VPOS="1968" WIDTH="37" HEIGHT="23" WC="0.92" CONTENT="kr.;"/><SP WIDTH="13" VPOS="1968" HPOS="806"/>
							<String ID="string_575" HPOS="819" VPOS="1967" WIDTH="39" HEIGHT="20" WC="0.96" CONTENT="och"/><SP WIDTH="12" VPOS="1967" HPOS="858"/>
							<String ID="string_576" HPOS="870" VPOS="1968" WIDTH="70" HEIGHT="19" WC="0.96" CONTENT="såsom"/><SP WIDTH="12" VPOS="1968" HPOS="940"/>
							<String ID="string_577" HPOS="952" VPOS="1967" WIDTH="74" HEIGHT="25" WC="0.96" CONTENT="bidrag"/><SP WIDTH="140" VPOS="1967" HPOS="1026"/>
							<String ID="string_578" HPOS="1166" VPOS="1965" WIDTH="1" HEIGHT="35" WC="0.86" CONTENT="|"/><SP WIDTH="52" VPOS="1965" HPOS="1167"/>
							<String ID="string_579" HPOS="1219" VPOS="1983" WIDTH="1" HEIGHT="9" WC="0.63" CONTENT="I"/><SP WIDTH="203" VPOS="1983" HPOS="1220"/>
							<String ID="string_580" HPOS="1423" VPOS="1990" WIDTH="1" HEIGHT="4" WC="0.54" CONTENT="|"/><SP WIDTH="107" VPOS="1990" HPOS="1424"/>
							<String ID="string_581" HPOS="1531" VPOS="1982" WIDTH="1" HEIGHT="9" WC="0.83" CONTENT="|"/>
						</TextLine>
						<TextLine ID="line_70" HPOS="231" VPOS="1994" WIDTH="1444" HEIGHT="30">
							<String ID="string_582" HPOS="231" VPOS="1997" WIDTH="33" HEIGHT="20" WC="0.94" CONTENT="till"/><SP WIDTH="24" VPOS="1997" HPOS="264"/>
							<String ID="string_583" HPOS="288" VPOS="1997" WIDTH="113" HEIGHT="27" WC="0.94" CONTENT="tryckning"/><SP WIDTH="22" VPOS="1997" HPOS="401"/>
							<String ID="string_584" HPOS="423" VPOS="2004" WIDTH="25" HEIGHT="13" WC="0.93" CONTENT="av"/><SP WIDTH="16" VPOS="2004" HPOS="448"/>
							<String ID="string_585" HPOS="464" VPOS="1997" WIDTH="243" HEIGHT="26" WC="0.91" CONTENT="doktorsavhandlingar"/><SP WIDTH="15" VPOS="1997" HPOS="707"/>
							<String ID="string_586" HPOS="722" VPOS="1997" WIDTH="36" HEIGHT="20" WC="0.96" CONTENT="vid"/><SP WIDTH="16" VPOS="1997" HPOS="758"/>
							<String ID="string_587" HPOS="774" VPOS="1997" WIDTH="142" HEIGHT="26" WC="0.96" CONTENT="högskolorna"/><SP WIDTH="15" VPOS="1997" HPOS="916"/>
							<String ID="string_588" HPOS="931" VPOS="1997" WIDTH="7" HEIGHT="19" WC="0.93" CONTENT="i"/><SP WIDTH="16" VPOS="1997" HPOS="938"/>
							<String ID="string_589" HPOS="954" VPOS="1997" WIDTH="70" HEIGHT="20" WC="0.91" CONTENT="Stock-"/><SP WIDTH="142" VPOS="1997" HPOS="1024"/>
							<String ID="string_590" HPOS="1166" VPOS="1994" WIDTH="54" HEIGHT="26" WC="0.22" CONTENT="EL"/><SP WIDTH="53" VPOS="1994" HPOS="1220"/>
							<String ID="string_591" HPOS="1273" VPOS="1997" WIDTH="1" HEIGHT="3" WC="0.71" CONTENT="I"/><SP WIDTH="149" VPOS="1997" HPOS="1274"/>
							<String ID="string_592" HPOS="1423" VPOS="1995" WIDTH="52" HEIGHT="8" WC="0.0" CONTENT="jöso-t]"/><SP WIDTH="56" VPOS="1995" HPOS="1475"/>
							<String ID="string_593" HPOS="1531" VPOS="1995" WIDTH="1" HEIGHT="5" WC="0.78" CONTENT="|"/><SP WIDTH="142" VPOS="1995" HPOS="1532"/>
							<String ID="string_594" HPOS="1674" VPOS="2000" WIDTH="1" HEIGHT="12" WC="0.64" CONTENT="I"/>
						</TextLine>
						<TextLine ID="line_71" HPOS="231" VPOS="2026" WIDTH="1444" HEIGHT="38">
							<String ID="string_595" HPOS="231" VPOS="2027" WIDTH="59" HEIGHT="20" WC="0.96" CONTENT="holm"/><SP WIDTH="17" VPOS="2027" HPOS="290"/>
							<String ID="string_596" HPOS="307" VPOS="2027" WIDTH="40" HEIGHT="20" WC="0.96" CONTENT="och"/><SP WIDTH="16" VPOS="2027" HPOS="347"/>
							<String ID="string_597" HPOS="363" VPOS="2027" WIDTH="106" HEIGHT="26" WC="0.96" CONTENT="Göteborg"/><SP WIDTH="16" VPOS="2027" HPOS="469"/>
							<String ID="string_598" HPOS="485" VPOS="2027" WIDTH="89" HEIGHT="26" WC="0.96" CONTENT="beviljas"/><SP WIDTH="16" VPOS="2027" HPOS="574"/>
							<String ID="string_599" HPOS="590" VPOS="2028" WIDTH="27" HEIGHT="25" WC="0.96" CONTENT="på"/><SP WIDTH="16" VPOS="2028" HPOS="617"/>
							<String ID="string_600" HPOS="633" VPOS="2029" WIDTH="59" HEIGHT="18" WC="0.95" CONTENT="extra"/><SP WIDTH="17" VPOS="2029" HPOS="692"/>
							<String ID="string_601" HPOS="709" VPOS="2029" WIDTH="43" HEIGHT="19" WC="0.96" CONTENT="stat"/><SP WIDTH="15" VPOS="2029" HPOS="752"/>
							<String ID="string_602" HPOS="767" VPOS="2029" WIDTH="31" HEIGHT="18" WC="0.93" CONTENT="ett"/><SP WIDTH="13" VPOS="2029" HPOS="798"/>
							<String ID="string_603" HPOS="811" VPOS="2026" WIDTH="215" HEIGHT="26" WC="0.91" CONTENT="reservationsanslag"/><SP WIDTH="140" VPOS="2026" HPOS="1026"/>
							<String ID="string_604" HPOS="1166" VPOS="2029" WIDTH="1" HEIGHT="26" WC="0.34" CONTENT="för"/><SP WIDTH="190" VPOS="2029" HPOS="1167"/>
							<String ID="string_605" HPOS="1357" VPOS="2053" WIDTH="1" HEIGHT="3" WC="0.64" CONTENT="I"/><SP WIDTH="65" VPOS="2053" HPOS="1358"/>
							<String ID="string_606" HPOS="1423" VPOS="2033" WIDTH="1" HEIGHT="26" WC="0.88" CONTENT="|"/><SP WIDTH="106" VPOS="2033" HPOS="1424"/>
							<String ID="string_607" HPOS="1530" VPOS="2034" WIDTH="1" HEIGHT="30" WC="0.86" CONTENT="|"/><SP WIDTH="143" VPOS="2034" HPOS="1531"/>
							<String ID="string_608" HPOS="1674" VPOS="2033" WIDTH="1" HEIGHT="19" WC="0.70" CONTENT="|"/>
						</TextLine>
						<TextLine ID="line_72" HPOS="232" VPOS="2055" WIDTH="1443" HEIGHT="28">
							<String ID="string_609" HPOS="232" VPOS="2064" WIDTH="26" HEIGHT="13" WC="0.95" CONTENT="av"/><SP WIDTH="17" VPOS="2064" HPOS="258"/>
							<String ID="string_610" HPOS="275" VPOS="2057" WIDTH="64" HEIGHT="20" WC="0.86" CONTENT="8000"/><SP WIDTH="17" VPOS="2057" HPOS="339"/>
							<String ID="string_611" HPOS="356" VPOS="2057" WIDTH="30" HEIGHT="20" WC="0.95" CONTENT="kr."/><SP WIDTH="780" VPOS="2057" HPOS="386"/>
							<String ID="string_612" HPOS="1166" VPOS="2067" WIDTH="54" HEIGHT="15" WC="0.64" CONTENT="bön"/><SP WIDTH="137" VPOS="2067" HPOS="1220"/>
							<String ID="string_613" HPOS="1357" VPOS="2060" WIDTH="1" HEIGHT="23" WC="0.62" CONTENT="I"/><SP WIDTH="172" VPOS="2060" HPOS="1358"/>
							<String ID="string_614" HPOS="1530" VPOS="2072" WIDTH="1" HEIGHT="10" WC="0.68" CONTENT="I"/><SP WIDTH="143" VPOS="2072" HPOS="1531"/>
							<String ID="string_615" HPOS="1674" VPOS="2055" WIDTH="1" HEIGHT="15" WC="0.70" CONTENT="|"/>
						</TextLine>
					</TextBlock>
				</ComposedBlock>
				<ComposedBlock ID="cblock_17" HPOS="1571" VPOS="215" WIDTH="9" HEIGHT="1868">
					<TextBlock ID="block_17" HPOS="1571" VPOS="215" WIDTH="9" HEIGHT="1868">
						<TextLine ID="line_73" HPOS="1571" VPOS="215" WIDTH="9" HEIGHT="1868">
							<String ID="string_616" HPOS="1571" VPOS="215" WIDTH="9" HEIGHT="1868" WC="0.95" CONTENT=" "/>
						</TextLine>
					</TextBlock>
				</ComposedBlock>
				<ComposedBlock ID="cblock_18" HPOS="1100" VPOS="217" WIDTH="8" HEIGHT="1866">
					<TextBlock ID="block_18" HPOS="1100" VPOS="217" WIDTH="8" HEIGHT="1866">
						<TextLine ID="line_74" HPOS="1100" VPOS="217" WIDTH="8" HEIGHT="1866">
							<String ID="string_617" HPOS="1100" VPOS="217" WIDTH="8" HEIGHT="1866" WC="0.95" CONTENT=" "/>
						</TextLine>
					</TextBlock>
				</ComposedBlock>
				<ComposedBlock ID="cblock_19" HPOS="1480" VPOS="216" WIDTH="6" HEIGHT="1867">
					<TextBlock ID="block_19" HPOS="1480" VPOS="216" WIDTH="6" HEIGHT="1867">
						<TextLine ID="line_75" HPOS="1480" VPOS="216" WIDTH="6" HEIGHT="1867">
							<String ID="string_618" HPOS="1480" VPOS="216" WIDTH="6" HEIGHT="1867" WC="0.95" CONTENT=" "/>
						</TextLine>
					</TextBlock>
				</ComposedBlock>
				<ComposedBlock ID="cblock_20" HPOS="1036" VPOS="272" WIDTH="6" HEIGHT="1812">
					<TextBlock ID="block_20" HPOS="1036" VPOS="272" WIDTH="6" HEIGHT="1812">
						<TextLine ID="line_76" HPOS="1036" VPOS="272" WIDTH="6" HEIGHT="1812">
							<String ID="string_619" HPOS="1036" VPOS="272" WIDTH="6" HEIGHT="1812" WC="0.95" CONTENT=" "/>
						</TextLine>
					</TextBlock>
				</ComposedBlock>
				<ComposedBlock ID="cblock_21" HPOS="1839" VPOS="320" WIDTH="10" HEIGHT="873">
					<TextBlock ID="block_21" HPOS="1839" VPOS="320" WIDTH="10" HEIGHT="873">
						<TextLine ID="line_77" HPOS="1839" VPOS="320" WIDTH="10" HEIGHT="873">
							<String ID="string_620" HPOS="1839" VPOS="320" WIDTH="10" HEIGHT="873" WC="0.95" CONTENT=" "/>
						</TextLine>
					</TextBlock>
				</ComposedBlock>
				<ComposedBlock ID="cblock_22" HPOS="1775" VPOS="215" WIDTH="7" HEIGHT="1864">
					<TextBlock ID="block_22" HPOS="1775" VPOS="215" WIDTH="7" HEIGHT="1864">
						<TextLine ID="line_78" HPOS="1775" VPOS="215" WIDTH="7" HEIGHT="1864">
							<String ID="string_621" HPOS="1775" VPOS="215" WIDTH="7" HEIGHT="1864" WC="0.95" CONTENT=" "/>
						</TextLine>
					</TextBlock>
				</ComposedBlock>
				<ComposedBlock ID="cblock_23" HPOS="925" VPOS="2354" WIDTH="903" HEIGHT="2">
					<TextBlock ID="block_23" HPOS="925" VPOS="2354" WIDTH="903" HEIGHT="2">
						<TextLine ID="line_79" HPOS="925" VPOS="2354" WIDTH="903" HEIGHT="2">
							<String ID="string_622" HPOS="925" VPOS="2354" WIDTH="903" HEIGHT="2" WC="0.95" CONTENT=" "/>
						</TextLine>
					</TextBlock>
				</ComposedBlock>
			</PrintSpace>
		</Page>
	</Layout>
</alto>
