1843 2359
160 160 41 20 374
856 160 224 18 SAKREGISTER

180 452 71 20 Enkla
264 451 75 27 frågor.

179 482 39 20 FK

179 512 31 20 Nr
220 512 14 20 4
245 512 58 26 (herr
313 511 102 27 Andrén):
429 512 114 20 Huruvida
555 512 122 27 regeringen
689 518 63 14 avser
762 514 35 18 att
807 518 78 21 genom
895 513 122 20 fullständi-

206 548 50 21 gare
275 541 40 21 och
334 548 58 14 mera
411 542 138 26 fortlöpande
567 542 165 20 informationer
749 542 50 26 giva
818 542 62 21 RD:s
898 543 120 20 ledamöter

206 579 26 13 en
248 572 87 20 säkrare
351 572 142 26 uppfattning
509 578 35 14 om
560 572 38 20 det
612 572 186 26 utrikespolitiska
813 572 64 27 läget.

179 632 31 20 Nr
221 632 12 20 5
245 632 58 26 (herr
314 631 95 26 Herlitz):
421 632 55 26 Ang.
488 632 140 26 möjligheten
641 632 39 20 och
692 632 154 26 lämpligheten
857 634 35 18 att
903 633 113 26 påskynda

207 662 57 20 årets
273 661 191 21 studentexamina
474 662 40 20 och
523 663 34 19 att
566 662 44 20 låta
620 662 26 20 de
655 662 102 20 blivande
766 662 142 21 studenterna
917 662 99 27 tidigare,

206 694 28 18 än
248 691 63 27 eljest
324 692 55 23 sker,
394 691 91 27 påbörja
499 692 32 20 sin
545 692 93 20 militära
653 692 130 26 utbildning.

179 752 31 19 Nr
222 752 12 19 6
247 752 58 26 (herr
316 751 128 26 Hagström):
457 751 55 27 Ang.
525 751 126 27 tolkningen
664 758 28 13 av
704 752 62 20 RD:s
778 752 71 20 beslut
862 758 34 14 om
910 752 107 26 utgående

207 787 28 14 av
248 781 76 26 bidrag
337 787 25 14 ur
374 781 98 26 anslaget
484 781 33 20 till
530 781 280 27 ladugårdsförbättringar.

179 841 31 20 Nr
227 841 11 20 7
255 841 59 26 (herr
329 837 83 29 Öman):
429 841 55 26 Ang.
501 841 122 20 beredande
639 847 28 14 av
684 843 45 18 rätt
745 841 24 20 åt
784 842 105 19 kommun
906 844 34 18 att
956 842 60 20 anslå

206 871 70 20 medel
289 870 33 21 till
335 870 131 27 skjutbanor
478 871 33 20 för
524 871 41 20 den
579 871 99 26 frivilliga
692 871 175 26 skytterörelsen.

179 931 31 19 Nr
227 931 13 20 8
259 930 58 27 (herr
334 930 140 26 Nordenson):
493 930 55 27 Ang.
567 930 101 27 åtgärder
686 931 33 20 för
736 931 124 26 bevakning
878 937 28 14 av
924 932 92 20 svenska

206 961 99 23 hamnar,
320 960 249 27 industrianläggningar
583 961 40 19 och
637 961 183 26 transportmedel
834 961 6 20 i
855 961 57 26 syfte
926 963 35 18 att
975 961 42 21 för-

206 990 77 20 hindra
297 990 93 26 spioneri
403 990 39 20 och
455 990 110 26 sabotage.

179 1050 31 19 Nr
227 1050 12 20 9
257 1050 58 26 (herr
335 1050 116 25 Velander):
470 1050 54 26 Ang.
542 1050 228 20 straffbestämmelser
786 1050 33 20 för
836 1051 60 19 brott
913 1051 104 19 förövade

206 1079 69 20 under
289 1079 50 20 eller
352 1080 7 19 i
373 1079 106 20 samband
493 1079 49 20 med
557 1079 110 26 påbjuden
682 1079 170 27 mörkläggning.

179 1139 31 19 Nr
223 1139 25 20 10
260 1139 58 26 (herr
330 1138 134 26 Ekströmer):
477 1139 54 26 Ang.
544 1139 137 26 registrering
692 1145 28 14 av
732 1139 33 20 till
777 1139 74 20 landet
862 1139 154 21 inkommande

206 1168 120 27 flyktingar
345 1169 47 19 från
414 1169 70 25 Norge
505 1169 39 20 och
565 1174 48 20 ang.
635 1169 61 19 deras
716 1168 125 21 insättande
861 1169 6 19 i
887 1169 130 26 produktivt

206 1198 80 20 arbete.

178 1258 32 19 Nr
226 1258 21 19 11
264 1258 58 26 (herr
337 1258 124 25 Wistrand):
475 1258 56 26 Ang.
546 1258 125 26 ytterligare
685 1258 101 26 åtgärder
800 1258 33 20 för
847 1258 170 27 möjliggörande

206 1293 28 14 av
251 1287 93 27 tillfällig
361 1287 127 27 suspension
506 1294 28 13 av
550 1288 99 26 gällande
666 1287 199 27 lagbestämmelser
882 1294 35 14 om
934 1288 83 20 arbets-

206 1317 71 20 tidens
290 1317 151 26 begränsning.

178 1377 31 19 Nr
229 1377 24 20 12
271 1377 58 26 (herr
346 1377 181 26 Mannerskantz):
546 1377 54 26 Ang.
619 1377 101 26 åtgärder
737 1379 47 18 mot
802 1377 78 26 onödig
897 1377 120 21 bensinför-

206 1407 109 26 brukning
332 1407 27 26 på
377 1407 70 26 grund
461 1413 28 14 av
502 1407 99 26 gällande
614 1407 163 20 bestämmelser
790 1413 35 14 om
838 1407 133 20 maximilast
984 1407 33 20 för

206 1436 104 21 lastbilar.

179 1496 31 20 Nr
222 1496 24 20 13
257 1496 58 26 (herr
323 1496 116 24 Petersson,
450 1496 77 26 Knuf):
538 1496 55 27 Ang.
605 1496 6 20 i
622 1502 86 21 pressen
718 1496 178 21 förekommande
907 1496 110 27 uppgifter

206 1532 35 14 om
253 1526 179 26 kommendering
442 1532 29 14 av
482 1526 147 26 värnpliktiga
641 1528 34 18 att
687 1526 72 20 utföra
771 1526 246 26 handräckningstjänst

206 1556 23 20 åt
244 1555 124 21 internerad
384 1556 136 20 främmande
535 1556 187 26 militärpersonal.

178 1615 31 20 Nr
223 1615 25 20 14
261 1615 58 26 (herr
330 1616 128 25 Hagström):
471 1615 55 27 Ang.
540 1615 101 27 åtgärder
653 1615 33 21 för
698 1617 35 19 att
745 1617 51 25 göra
808 1615 153 27 förordningen
974 1617 41 19 rör.

205 1645 79 20 förbud
302 1647 46 18 mot
365 1645 116 20 befordran
498 1651 29 14 av
543 1645 57 20 vissa
618 1645 122 26 periodiska
758 1645 87 20 skrifter
861 1645 50 20 med
928 1645 88 27 statliga

205 1675 139 20 trafikmedel
360 1681 29 14 m.
398 1681 29 14 m.
444 1675 51 20 fullt
511 1675 98 20 effektiv.

178 1729 31 19 Nr
228 1728 25 21 135
272 1729 58 26 (herr
347 1728 182 26 Mannerskantz):
548 1728 55 27 Ang.
622 1728 151 21 fastställande
791 1734 28 14 av
838 1728 128 27 normalpris
984 1729 33 20 för

206 1758 112 20 brännved
334 1764 29 14 m.
373 1764 28 14 m.

177 1836 49 20 AK.

179 1866 30 20 Nr
223 1866 24 19 16
260 1866 58 26 (herr
328 1866 129 26 Lithander):
472 1866 40 20 Om
525 1865 151 27 utsträckning
688 1872 28 14 av
728 1866 62 20 RD:s
802 1865 115 21 revisorers
928 1866 89 26 gransk-

206 1896 109 26 ningsrätt
329 1896 34 19 till
378 1897 34 19 att
428 1896 93 20 omfatta
536 1895 57 20 vissa
609 1895 87 26 statliga
712 1895 193 27 monopolföretag.

178 1949 32 20 Nr
222 1949 25 20 17
259 1949 58 26 (herr
332 1949 80 26 Vougt):
425 1949 55 27 Ang.
492 1949 136 26 förseningen
640 1955 28 14 av
680 1949 57 20 vissa
749 1949 117 20 utländska
878 1949 140 26 tidningsför-

206 1979 109 20 sändelser
328 1979 32 20 till
375 1979 93 26 Sverige.

179 2033 31 20 Nr
224 2033 25 20 18
263 2033 58 26 (herr
335 2033 32 20 De
381 2032 64 27 Geer):
459 2033 55 26 Ang.
528 2033 44 20 viss
584 2032 169 27 komplettering
766 2039 28 13 av
808 2032 41 20 den
863 2032 111 27 pågående
987 2032 31 20 in-

206 2062 297 22 formationsverksamheten
518 2064 52 19 över
584 2063 79 20 svensk
677 2062 61 21 radio
752 2063 27 26 på
794 2062 137 21 främmande
945 2062 72 27 språk.

1304 233 106 31 Utskotts-
1472 233 65 31 Riks-
1701 261 3 4 E

1100 260 55 34 Kungl.
1209 286 3 3 z
1302 262 117 29 utlåtanden,
1475 262 70 30 dagens
1603 252 118 41 (ERMITATRAN

1102 294 53 18 Maj:ts]
1167 286 92 16 Motioner
1285 298 95 16 memorial
1393 298 43 16 eller
1486 297 38 17 skri
1594 285 139 21 förhandlingar

1047 318 27 20 År
1101 327 51 15 Ipropir
1296 328 131 16 betänkanden
1432 319 31 35 |
1479 328 59 16 velser
1620 315 86 21 (prot.nt)

1109 354 36 14 eller
1288 375 4 4 :

1101 383 154 27 SENVTLSRlAR
1276 382 16 50 i
1320 383 11 52 Zz
1358 393 90 17 Nummer|
1464 394 91 16 Nummer
1588 381 27 40 NN
1678 377 33 49 ÄR

1035 513 21 20 FO
1056 495 35 50 VTR
1093 495 20 50 RR
1276 526 28 2 EN
1318 526 23 2 SR
1393 526 28 2 EEE
1500 526 28 2 ED
1559 495 38 50 FE

1035 633 53 20 19401
1112 645 28 2 —
1158 629 7 34 |]
1174 645 27 2 —I
1228 645 75 3 —1—
1318 646 27 2 —
1394 646 27 1 —
1488 632 44 32 ES?
1592 632 53 20 11:4
1705 645 23 2 de

1035 752 53 20 1940]
1112 765 28 2 —
1145 748 27 34 I
1174 765 26 2 —|
1228 765 60 2 —I1—
1317 765 17 2 —
1394 765 27 2 —
1500 765 28 2 —
1593 752 53 20 10
1702 765 28 2 —

1035 842 53 20 1940]
1112 854 27 2 --
1160 838 7 34 1]
1174 854 27 2 —-1
1228 854 117 3 —1l—A—
1393 855 28 1 —
1501 854 27 2 2
1591 841 54 20 20:1
1702 854 28 1 pSR

1035 931 53 20 1940]
1111 944 28 2 —
1156 927 7 34 |]
1174 944 27 2 —I
1228 943 75 3 —I1—
1318 944 25 2 —
1402 944 18 2 --
1504 944 24 2 —
1590 931 54 20 22:1
1701 943 28 2 —

1035 1050 53 20 19401
1111 1063 28 2 —
1158 1046 7 34 |]
1173 1063 28 1 —I
1228 1063 116 2 —1I—1—
1413 1063 8 2 -
1500 1063 28 2 —
1591 1050 32 19 24:
1628 1046 9 33 1
1701 1062 28 2 —

1037 1139 51 20 1940]
1111 1152 28 2 —
1152 1135 22 34 1
1174 1151 27 2 —!1
1227 1151 118 3 —1——
1412 1152 9 2 -
1500 1152 28 2 =
1591 1138 32 20 24:
1635 1141 10 17 2
1701 1151 28 1 2

1036 1258 52 20 19401
1111 1270 28 3 —
1146 1254 27 34 1
1173 1270 28 2 —|j
1227 1270 117 3 —]——
1392 1270 28 3 —
1505 1271 22 1 —
1590 1257 33 20 24:
1634 1259 10 17 3
1701 1269 27 2 —

1035 1377 52 20 1940]
1111 1389 27 2 —
1159 1372 7 36 I]
1173 1389 28 2 —l
1227 1389 117 3 ———
1392 1389 25 2 —
1517 1389 10 2 4
1589 1376 55 20 AA
1700 1388 28 2 nr

1035 1496 52 20 1940]
1111 1508 28 3 —
1154 1492 13 34 ff
1173 1508 27 2 —1
1227 1508 117 3 —]——
1392 1508 28 2 —
1499 1508 28 3 =
1590 1495 33 20 30:
1634 1497 11 17 2
1701 1507 28 2 —

1035 1615 52 20 1940]
1111 1627 28 2 —
1145 1611 27 34 1
1173 1627 28 3 —I
1227 1627 117 3 —I1—-—
1392 1627 28 2 —
1500 1627 27 2 —
1590 1614 33 20 32:
1628 1610 9 34 1
1701 1626 28 2 —

1035 1728 53 20 1940]
1112 1740 28 3 —
1157 1723 7 36 |]
1174 1740 27 2 —
1227 1740 117 3 —l—l—
1402 1740 19 2 3
1518 1740 9 2 &
1590 1727 55 20 dr

1036 1865 52 21 1940]
1112 1877 28 3 —
1155 1861 13 34 |]
1174 1877 27 2 —!
1228 1877 116 3 —]——
1393 1877 28 2 —
1513 1877 15 2 —
1601 1876 28 3 —
1705 1864 20 20 1:

1036 1949 53 20 1940]
1112 1960 28 3 —
1155 1945 13 34 I]
1174 1960 28 3 —I1
1228 1960 117 3 —I]—1—|
1500 1960 29 3 —
1602 1960 28 2 —
1706 1947 41 20 7:8

1037 2032 52 20 1940]
1112 2044 27 2 —
1174 2044 28 2 ]—]
1228 2043 118 4 —]——
1394 2043 28 4 —
1501 2043 28 3 —
1602 2043 27 3 —
1694 2031 32 20 11:
1732 2027 9 34 4
