1844 2356
808 154 136 15 SAKREGISTER

90 434 159 23 Ecklesiastika
265 434 102 22 boställen
383 442 26 13 m.
426 441 27 14 m.

91 471 9 15 3
117 466 38 20 RD
177 465 115 26 medgiver,
315 467 31 18 att
368 464 36 21 det
423 464 68 21 under
507 464 33 20 9:e
557 464 39 20 HT
612 464 33 20 för
661 464 125 25 budgetåret
803 463 125 28 1926/1927

93 710 5 15 1

90 1098 10 15 2

91 1366 9 15 4

91 1456 9 15 5

94 1546 5 14 1

91 1660 9 9 2

92 1875 9 14 3

94 2000 5 14 1

1634 148 43 19 405

134 495 106 27 beviljade
256 497 59 18 extra
332 494 164 27 förslagsanslag
506 495 12 19 å
531 494 25 20 15
567 494 42 20 000
621 494 32 20 kr.
666 494 33 20 till
711 493 135 21 bestridande
857 495 7 19 i
873 494 57 20 vissa

133 526 38 20 fall
188 525 49 20 med
254 525 108 20 allmänna
378 524 70 20 medel
465 531 26 14 av
507 524 115 21 kostnader
638 523 100 21 förenade
750 523 49 21 med
810 524 82 20 inlösen
903 531 26 13 av

132 555 69 21 under
220 554 155 28 nyttjanderätt
395 554 98 27 upplåtet
508 554 88 20 område
612 554 36 20 må
663 553 67 27 enligt
745 553 71 21 KM:ts
832 556 97 18 närmare

134 584 161 21 bestämmande
311 584 68 20 under
394 590 84 14 samma
493 584 31 20 tid
540 584 8 19 i
564 584 51 20 mån
631 590 26 14 av
673 583 69 21 behov
758 583 108 21 användas
876 584 52 26 jäm-

133 615 34 20 väl
184 615 32 20 till
234 614 135 21 bestridande
385 614 7 19 i
403 614 57 20 vissa
477 613 37 20 fall
531 620 26 14 av
573 613 115 20 kostnader
699 613 32 20 för
742 613 70 26 friköp
824 620 26 14 av
860 613 68 26 lägen-

134 645 59 20 heter
209 645 11 20 å
237 644 84 27 kyrklig
336 644 54 26 jord.

119 705 36 20 RD
172 708 86 22 antager
274 704 78 25 förslag
364 704 32 20 till
408 703 35 26 lag
453 710 35 13 om
504 702 81 21 ändrad
596 702 81 27 lydelse
692 709 26 14 av
730 702 27 21 18
769 703 13 26 $
794 703 134 20 ecklesiastik

134 734 179 26 boställsordning
324 733 41 21 den
377 733 12 20 9
402 733 43 21 dec.
460 733 67 22 1910;
540 733 38 20 och
591 732 109 27 medgiver
710 733 44 25 RD,
766 735 38 22 att,
816 732 38 21 där
864 733 64 20 stärb-

133 764 139 26 husdelägare
296 764 53 20 efter
373 763 75 27 biskop
468 763 52 20 eller
535 763 53 20 efter
604 762 44 21 ord.
665 762 111 27 prästerlig
792 763 136 26 befattnings-

133 794 77 21 havare
230 794 7 20 i
253 793 122 21 territoriell
391 793 132 25 församling,
540 792 133 21 beträffande
688 793 73 20 vilken
777 792 152 27 lönereglering

132 824 67 26 enligt
217 824 62 26 lagen
298 830 36 14 om
353 823 104 26 reglering
473 830 26 13 av
515 822 169 27 prästerskapets
700 822 101 26 avlöning
816 823 19 26 ej
852 823 77 20 vunnit

132 854 143 26 tillämpning,
300 853 61 20 skola
383 852 36 21 vid
436 853 123 26 tjänstårets
577 853 80 25 utgång
675 852 110 20 frånträda
804 852 124 20 löneförmå-

133 890 65 14 nerna
221 883 36 21 vid
282 883 74 27 tjänst,
380 882 50 21 med
455 882 71 21 vilken
550 883 23 19 är
588 882 89 20 förenad
696 884 42 18 rätt
754 882 33 20 till
802 882 28 20 fri
846 882 82 25 bostad,

132 913 224 27 tjänstinnehavarens
373 912 38 21 där
427 912 82 21 boende
527 911 198 27 stärbhusdelägare
744 912 67 20 likväl
823 912 35 20 må
869 912 58 20 kvar-

132 944 50 20 sitta
201 943 7 20 i
228 942 183 27 tjänstebostaden
428 942 50 20 med
494 941 72 21 därtill
582 941 94 21 hörande
692 941 66 21 uthus
774 942 39 20 och
829 942 99 26 trädgård

132 973 68 20 under
216 973 154 25 förutsättning
386 972 38 20 och
442 972 84 24 villkor,
543 978 46 14 som
605 971 33 21 för
654 971 149 21 motsvarande
819 971 39 21 fall
874 972 65 20 stad-|

132 1009 36 20 gas
184 1003 7 19 i
209 1002 27 20 18
253 1003 13 25 $&
282 1002 134 20 ecklesiastik
434 1001 180 26 boställsordning
630 1001 66 26 enligt
710 1001 47 21 dess
769 1008 29 13 nu
810 1001 119 27 föreslagna

133 1032 87 27 lydelse.

118 1092 42 21 Till
180 1092 136 21 bestridande
336 1092 6 20 i
360 1092 55 20 vissa
434 1091 39 21 fall
489 1091 50 20 med
555 1091 109 20 allmänna
680 1090 70 21 medel
765 1097 27 14 av
807 1072 119 48 kostnader,
937 1076 1 40 |

133 1122 101 21 förenade
256 1122 49 20 med
327 1122 71 26 friköp
418 1128 25 14 av
460 1121 121 26 lägenheter
597 1121 12 20 å
624 1121 86 26 kyrklig
724 1120 54 27 jord,
796 1121 84 20 anvisas
896 1122 33 19 för

133 1152 125 26 budgetåret
275 1149 126 30 1927/1928
418 1153 31 19 ett
464 1153 61 18 extra
540 1151 164 26 förslagsanslag
720 1151 12 20 å
749 1150 26 20 15
785 1150 43 21 000
844 1151 30 20 kr.

118 1212 42 20 Till
178 1211 156 27 omredigering
353 1212 39 20 och
411 1211 120 27 tryckning,
551 1211 27 26 på
597 1212 42 19 sätt
655 1211 61 20 KM:t
731 1212 76 25 prövar
822 1210 105 27 lämpligt,

133 1248 26 14 av
175 1241 146 27 redogörelsen
337 1242 33 19 för
385 1241 26 20 de
427 1241 148 20 ecklesiastika
586 1240 118 21 boställena
714 1241 8 20 i
733 1240 149 27 Kopparbergs
893 1240 35 21 län

133 1272 85 20 anvisas
233 1272 33 20 för
282 1271 125 26 budgetåret
424 1269 125 29 1927/1928
567 1272 30 19 ett
607 1272 60 19 extra
678 1270 214 26 reservationsanslag
903 1277 25 14 av

135 1301 26 21 13
172 1301 42 21 000
231 1301 31 20 kr.

118 1361 63 21 Rev:s
200 1368 57 13 anm.
279 1360 102 26 (Rev.ber.
402 1367 46 19 ang.
466 1362 72 19 statsv.
556 1360 40 24 III,
613 1367 16 13 s.
648 1360 48 24 144,
714 1360 49 26 304)
780 1366 47 19 ang.
843 1360 85 20 förvalt-

134 1391 78 26 ningen
228 1398 26 13 av
266 1390 26 21 de
303 1390 149 21 ecklesiastika
462 1390 169 20 löneboställena
641 1390 70 26 lägges
722 1390 33 20 till
766 1389 161 27 handlingarna.

119 1451 104 20 Motioner
239 1457 46 20 ang.
301 1450 115 26 utredning
432 1451 38 19 rör.
488 1449 140 27 möjligheten
644 1451 32 19 att
691 1449 89 26 upplåta
794 1449 134 21 ecklesiastik

133 1480 48 27 jord
197 1480 91 20 medelst
304 1479 88 27 tryggad
409 1480 170 25 besittningsrätt
594 1479 76 21 avslås.

119 1540 40 20 AK
176 1540 69 20 avslår
261 1540 82 20 motion
359 1546 35 13 om
411 1539 119 20 beredande
546 1539 22 20 åt
584 1539 127 20 ordförande
727 1539 7 20 i
748 1539 134 20 ecklesiastik
895 1528 43 31 bo-
927 1524 7 45 |

134 1569 143 21 ställsnämnd
299 1576 26 14 av
346 1571 43 19 rätt
408 1569 33 20 till
457 1569 118 26 ersättning
590 1569 33 20 för
638 1570 117 25 postporto,
772 1560 166 29 skrivmaterial
923 1556 17 43 |

134 1600 39 20 och
191 1599 182 28 protokollslösen.
937 1592 1 8 |

120 1654 39 20 AK
175 1654 69 21 avslår
260 1653 81 21 motion
358 1660 34 13 om
409 1652 114 27 utredning
539 1660 26 13 av
581 1653 98 26 frågorna
694 1659 35 14 om
746 1653 101 20 betesrätt
863 1659 28 14 m.
907 1653 19 20 fl.

135 1684 107 20 förmåner
258 1684 12 20 å
286 1683 194 26 prästhemmanets
495 1682 48 27 jord
559 1683 33 20 för
604 1683 7 19 i
622 1683 110 20 motionen
742 1682 93 21 avsedda
845 1684 83 25 torpare

134 1714 40 20 och
190 1713 247 26 lägenhetsinnehavare,
454 1719 35 14 om
506 1712 143 27 tillskapande
660 1719 26 14 av
697 1712 149 21 motsvarande
857 1713 71 26 rättig-

134 1744 59 20 heter
209 1744 12 20 å
237 1743 26 21 de
279 1743 149 21 ecklesiastika
444 1742 192 26 boställsskogarna
652 1742 33 21 till
697 1743 84 20 förmån
792 1743 33 19 för
835 1742 93 27 friköpta

134 1774 123 26 lägenheter
275 1775 57 18 samt
350 1780 35 13 om
411 1772 118 21 beredande
545 1779 26 14 av
587 1772 149 21 kostnadsfritt
752 1772 82 21 biträde
849 1773 7 19 i
872 1773 55 20 vissa

134 1804 38 20 fall
188 1804 21 19 åt
226 1803 240 26 lägenhetsinnehavare
482 1802 36 21 vid
535 1802 70 27 friköp
622 1809 26 14 av
663 1802 85 27 kyrklig
763 1802 53 27 jord.

120 1869 41 20 Till
179 1868 135 21 bestridande
335 1869 6 19 i
358 1868 56 20 vissa
433 1868 38 20 fall
488 1868 49 20 med
553 1868 109 20 allmänna
679 1868 69 20 medel
765 1875 26 13 av
807 1868 120 25 kostnader,

134 1898 100 21 förenade
257 1898 50 20 med
323 1898 70 26 friköp
409 1904 27 14 av
454 1898 122 26 lägenheter
594 1898 13 20 å
625 1898 86 26 kyrklig
725 1898 55 26 jord,
797 1898 83 21 anvisas
896 1898 33 20 för

135 1928 125 27 budgetåret
277 1927 126 28 1928/1929
420 1929 30 19 ett
466 1929 60 19 extra
541 1927 165 27 förslagsanslag
721 1928 12 20 å
751 1928 26 20 15
787 1927 42 21 000
845 1928 31 20 kr.

119 1994 41 21 Till
185 1993 137 21 bestridande
341 1994 7 20 i
365 1994 54 20 vissa
435 1993 38 20 fall
490 1993 49 21 med
555 1993 110 21 allmänna
680 1993 70 21 medel
766 2000 26 14 av
807 1993 120 25 kostnader,

134 2024 101 20 förenade
257 2023 50 21 med
329 2023 71 27 friköp
419 2030 26 14 av
461 2023 121 26 lägenheter
597 2024 13 19 å
625 2023 85 27 kyrklig
725 2023 54 27 jord,
796 2024 84 20 anvisas
896 2024 42 27 för!

942 209 20 2 =
1042 217 17 18 2
1398 223 47 17 Riks

1018 235 35 17 Öc

964 247 17 26 3
1018 250 41 32 2R
1076 271 45 17 Moti
1234 241 92 47 Re
1389 253 72 22 dagens
1518 252 118 17 Kamrarnas

964 278 17 25 ST
1096 273 73 16 RS
1262 272 72 32 NEAR
1403 282 39 18 skri-
1459 268 25 40 |
1503 282 145 22 förhandlingar

964 308 18 27 =
1038 299 15 39 Re
1197 301 46 18 eller
1256 301 98 18 memorial
1395 313 63 17 velsér

960 339 16 12 ”
1018 335 39 12 4

964 355 18 24 BO
1072 351 100 20 LA
1190 350 126 34 LEE
1345 350 21 31 RA
1386 350 40 2 Sr,
1443 350 21 31 IG
1489 344 75 51 Nörelas
1584 349 50 38 ARG

1042 379 11 8 s
1158 380 7 5 el
1190 375 28 11 ed
1285 379 4 8 b
1350 363 6 30 wp
1451 363 6 30 Dp
1507 372 52 12 örsta
1610 372 48 12 ndra

965 383 11 9 5
1018 378 36 35 2
1071 377 95 48 ERS
1190 385 59 31 Bilal
1345 389 17 25 ög
1398 379 17 27 Z
1446 389 17 25 &]
1488 391 70 17 kamm.
1573 403 1 3 |
1589 391 70 17 kamm.

1042 415 3 3 :
1189 415 4 4 z
1322 415 3 11 I
1573 418 2 6 |

1068 434 2 25 |
1175 455 1 4 |
1258 434 2 26 |
1431 433 1 25 |

944 464 55 20 19261
1015 464 42 20 206
1069 463 1 37 |
1175 458 32 50 [10
1258 463 2 38 |
1286 464 27 21 68
1386 464 41 20 322
1492 464 33 20 40:
1537 468 23 16 41
1562 460 21 33 |
1593 464 33 20 43:
1638 469 24 15 53

1069 504 1 24 |
1175 505 1 37 |
1259 520 1 7 |

1379 616 2 18 |
1573 607 1 9 |
1674 620 2 9 |

1380 638 1 7 |
1573 635 1 17 |
1674 630 2 22 I

1375 648 1 31 fx
1413 644 18 48 |
1573 658 2 22 |
1674 653 2 10 |

945 700 53 23 1927]
1023 703 27 19 30
1238 703 21 25 ET
1400 692 32 41 38)
1507 703 18 19 8:
1537 708 23 14 26
1561 691 17 41 |
1582 691 16 41 ;
1597 691 22 41 8:
1631 708 23 14 25
1674 695 1 33 |

1258 730 1 4 I
1431 732 1 11 I
1674 729 1 13 I

1258 744 1 22 I
1375 743 57 22 fr]

1175 769 1 4 |
1375 765 1 10 [rs

1068 786 2 2 |
1258 781 1 13 |
1386 765 30 40 SA

1068 812 1 15 |
1175 796 1 31 |
1258 797 1 24 |
1375 796 1 20 |

1068 828 1 21 |
1175 829 1 28 |
1258 832 1 23 |
1375 835 1 18 |
1674 826 1 36 |

1068 859 1 18 I
1175 860 1 17 |
1375 854 1 12 I

1258 856 1 24 |
1674 864 1 19 |

1068 902 1 12 |
1175 889 1 24 |
1258 884 1 27 |
1375 896 5 16 I

1122 961 1 28 |
1573 952 2 32 |

1122 992 1 23 |
1258 1011 1 5 |
1393 983 34 43 es
1573 994 1 17 |

1323 1021 2 10 I
1573 1013 2 13 |

1121 1025 2 47 |
1258 1035 1 21 |
1323 1034 2 27 |
1375 1043 5 19 II
1573 1054 2 21 I

967 1090 102 20 Arkad
1121 1091 86 29 nesdleld
1238 1090 74 20 [ens
1317 1082 37 42 kos
1360 1086 101 33 SAL
1469 1082 32 42 krk
1508 1091 11 19 0
1585 1089 41 28 ke
1638 1095 24 14 SO

1014 1125 55 22 PANTER
1175 1126 1 13 0
1375 1136 5 19 |
1573 1123 2 30 |

1121 1168 2 43 roles
1375 1163 1 37 |
1573 1173 2 23 |

1068 1199 1 11 |
1216 1199 2 6 I
1375 1195 5 16 I
1573 1202 2 4 I

967 1219 7 9 >
1068 1213 1 31 |
1089 1210 34 30 19/
1195 1210 23 26 61.
1238 1209 74 21 11::98
1375 1205 52 39 193
1485 1210 32 20 29:
1532 1215 36 15 1081:
1597 1209 20 19 31:
1632 1205 10 39 2
1674 1224 1 16 |

1068 1246 1 17 |
1121 1248 2 17 |
1216 1241 2 26 |
1323 1271 2 2 |
1375 1240 5 11 I
1573 1240 1 28 |
1674 1245 1 26 |

1121 1273 2 46 |
1374 1278 6 34 |
1674 1288 1 16 |

1121 1323 2 2 i
1323 1318 1 10 |
1375 1314 1 6 I

1121 1335 2 2 |
1216 1340 1 16 |
1323 1322 57 38 FE)
1674 1334 1 18 |

967 1368 7 9 »
1195 1359 52 20 6/1
1272 1358 35 20 St
1355 1363 25 45 I
1492 1360 33 20 35:
1536 1364 25 16 60
1573 1365 1 27 |
1585 1358 33 20 35:
1630 1358 40 20 s2d

1121 1430 1 3 |
1374 1407 6 59 |
1573 1414 1 22 |

967 1457 7 10 >
1088 1449 27 20 66
1121 1448 86 20 11110)
1286 1448 39 40 67
1374 1436 2 36 |
1484 1449 18 20 3:
1515 1449 59 27 119d]
1592 1447 54 20 36:
1630 1432 13 49 3

1121 1476 1 12 |
1323 1491 2 9 I
1375 1467 5 42 |
1492 1479 32 20 36:
1538 1483 22 15 14
1572 1479 2 14 |
1673 1472 2 35 |

1217 1533 1 3 |
1375 1516 6 19 |
1673 1512 1 27 I

943 1537 56 23 1928
1121 1532 97 37 193113]
1236 1539 12 19 3]
1300 1523 25 34 4]
1375 1539 5 36 |
1573 1561 1 8 |
1592 1536 82 22 20:85
1656 1519 21 54 |

1121 1576 1 21 |
1324 1559 1 83 |
1375 1576 6 28 I
1573 1576 1 16 |
1673 1570 2 2 I

1121 1624 1 24 |
1324 1609 57 46 bl
1573 1610 1 33 |

967 1661 7 9 »
1073 1652 49 27 209
1142 1652 66 20 13141
1237 1652 12 21 6
1324 1656 1 53 |
1375 1658 6 15 Il
1573 1651 1 28 |
1586 1651 32 19 24:
1629 1646 46 46 27d|

1121 1680 1 5 |
1375 1677 6 23 I
1573 1686 1 3 |
1674 1689 1 3 |

1375 1702 1 11 I
1573 1698 1 18 I
1674 1698 1 19 I

1324 1711 1 37 |
1375 1715 6 29 |
1573 1723 1 12 I
1674 1718 1 25 I

1324 1751 1 3 fö
1337 1725 36 40 sen
1674 1748 1 6 |

1324 1768 1 15 |
1375 1764 6 22 I

1174 1819 2 25 (Ed
1217 1803 43 52 ENE
1324 1814 52 30 ön]

1218 1849 1 6 Sä
1329 1838 45 39 RE
1573 1864 1 3 |

967 1875 8 10 >»
1017 1868 40 20 |1:8
1174 1856 45 56 je)
1300 1866 12 20 8
1323 1855 2 42 |
1345 1867 55 34 20/8
1409 1850 73 55 Als]
1492 1867 54 19 26:5
1573 1872 1 5 |
1593 1865 53 20 27:2
1674 1858 1 40 |

1015 1903 44 22 p.48
1258 1899 2 36 |
1323 1899 2 29 |
1375 1913 1 14 |

1217 1962 1 14 Fö
1323 1940 2 44 al

943 1992 114 22 192911:
1039 1986 15 40 8
1195 1987 130 39 61:11::8]
1345 1990 80 34 38/8
1437 1997 24 15 Al231]
1489 1992 85 28 20:-80
1561 1983 24 47 |
1593 1990 68 21 26:13

1013 2028 41 22 p-53
1068 2047 1 6 |
1258 2031 2 19 |
1323 2029 2 17 Hals
1573 2022 1 5 |
1673 2040 2 19 |

1068 2065 2 16 I
1258 2060 1 4 I
1673 2066 2 7 I

135 2054 125 26 budgetåret
277 2052 126 28 1929/1930
419 2055 31 19 ett
465 2055 60 19 extra
540 2053 164 27 förslagsanslag
719 2060 25 14 av
762 2053 26 21 10
798 2053 42 21 000
856 2053 31 20 kr.
