1837 2355
82 253 184 27 Byggnadsväsen.

80 289 36 20 län
133 295 29 14 m.
172 295 29 14 m.
219 289 40 20 623
261 284 50 35 000
326 289 40 23 kr.,
383 288 141 21 anordnande
542 295 28 13 av
587 288 122 27 personhiss
726 288 58 21 inom
802 289 102 20 Västerås
921 289 53 20 slott

80 319 27 20 25
116 319 41 20 000
169 318 40 24 kr.,
222 318 138 27 omläggning
371 325 27 14 av
411 320 182 24 värmesystemet
604 324 28 14 m.
641 324 29 14 m.
680 318 6 20 i
695 318 200 21 landsstatshuset
879 314 23 36 i
905 319 68 20 Falun

82 348 39 21 125
130 348 42 21 000
187 348 40 24 kr.,
243 348 133 27 nybyggnad
391 348 34 20 för
439 348 154 26 länsstyrelsen
608 348 6 20 i
630 348 133 27 Gävleborgs
778 348 35 20 län
829 348 40 21 750
878 348 41 21 000
933 348 40 24 kr.,

81 378 133 27 nybyggnad
232 378 34 20 för
282 378 153 26 länsstyrelsen
454 378 5 20 i
477 378 193 20 Västernorrlands
687 378 35 20 län
740 384 28 14 m.
779 384 29 14 m.
825 378 41 20 835
875 378 41 20 000
933 378 41 24 kr.,

80 408 134 26 nybyggnad
224 408 33 20 för
264 408 153 26 länsstyrelsen
425 408 7 20 i
440 408 126 20 Jämtlands
574 408 36 20 län
618 414 29 14 m.
657 414 28 14 m.
695 407 40 21 757
744 408 41 20 000
793 408 39 23 kr.,
842 408 133 26 nybyggnad

81 438 33 20 för
126 437 153 27 länsstyrelsen
293 437 6 20 i
311 437 168 21 Västerbottens
491 437 36 20 län
539 443 29 14 m.
578 443 28 14 m.
622 437 60 20 1025
691 437 41 20 000
744 437 32 20 kr.
789 437 40 20 och
842 438 133 26 nybyggnad

81 468 34 20 för
127 467 154 26 länsstyrelsen
295 467 6 20 i
314 467 146 20 Norrbottens
474 467 35 20 län
522 467 41 20 850
572 467 41 20 000
626 467 31 20 kr.

109 504 19 19 2.
146 503 42 20 RD
210 503 88 20 anvisar
319 503 32 20 till
373 503 189 26 ämbetsbyggnad
584 503 33 20 för
638 504 51 25 väg-
711 503 39 20 och
772 503 203 26 vattenbyggnads-

81 533 106 26 styrelsen
201 533 39 20 och
254 532 204 26 luftfartsstyrelsen
474 533 7 19 1
494 533 40 20 200
543 533 41 19 000
597 533 31 19 kr.
642 532 32 27 (i).

109 569 19 19 3.
147 568 8 19 I
171 568 43 20 anl.
231 575 28 13 av
276 568 61 20 RD:s
352 568 115 20 revisorers
483 574 58 14 anm.
558 568 97 20 anhåller
671 568 41 20 RD
729 569 35 19 att
780 568 63 20 KM:t
858 568 50 20 ville
923 570 51 24 taga

81 597 96 20 avsedda
194 603 86 15 normer
295 598 34 20 för
344 597 41 20 den
401 597 88 26 statliga
506 597 281 26 byggnadsverksamheten
803 598 69 20 under
886 598 89 26 förnyat

81 627 159 26 övervägande.

109 656 19 20 4.
145 657 42 19 RD
210 657 79 25 uppför
310 657 12 19 å
343 656 81 20 allmän
446 656 179 26 beredskapsstat
646 656 96 26 följande
762 656 82 27 anslag,
867 656 107 27 nämligen

82 686 131 20 bostadshus
230 686 36 20 vid
284 686 268 26 sinnessjukavdelningen
569 686 12 20 å
598 686 63 26 Håga
680 686 38 20 120
719 682 50 34 000
783 686 40 23 kr.,
840 686 135 26 gymnastik-

81 716 40 20 och
133 716 151 26 skolbyggnad
297 715 36 21 vid
347 715 218 27 ungdomsanstalten
578 716 12 19 å
603 715 81 21 Skenäs
698 716 39 20 120
746 715 41 20 000
798 716 40 23 kr.,
851 716 124 20 verkstads-

81 745 57 20 lokal
154 745 37 20 vid
207 745 219 26 ungdomsanstalten
442 745 6 20 i
464 745 70 20 Ystad
550 745 27 20 32
585 745 42 20 000
641 745 40 23 kr.,
697 745 203 26 fångvårdsanstalt
914 745 60 21 invid

81 774 127 27 Jönköping
226 775 60 20 1000
295 775 41 20 000
352 775 41 23 kr.,
410 775 203 26 fångvårdsanstalt
629 774 61 21 invid
707 771 82 24 Örebro
808 775 60 20 1000
867 767 49 38 000
934 775 40 23 kr.,

81 804 254 27 gymnastikbyggnader
348 804 37 20 vid
398 804 244 27 ungdomsanstalterna
655 804 6 20 i
675 804 103 27 Uppsala,
792 805 72 20 Ystad
877 805 40 20 och
930 805 45 26 Ny-

81 834 81 26 köping
174 834 41 20 240
223 834 42 20 000
277 834 31 20 kr.

109 864 19 20 5.
146 864 42 20 RD
200 864 80 26 uppför
290 864 12 20 å
314 863 81 21 allmän
407 864 179 26 beredskapsstat
597 863 96 26 följande
704 864 81 26 anslag,
798 864 107 26 nämligen
917 864 56 20 vissa

81 893 205 27 byggnadsarbeten
305 894 12 19 å
336 893 134 27 Gripsholms
489 893 53 20 slott
560 893 76 21 99000
653 893 40 23 kr.,
712 894 136 26 uppförande
866 900 28 14 av
912 899 62 21 grov-

81 923 157 20 laboratorium
253 923 37 20 vid
305 924 84 19 statens
403 923 133 26 väginstitut
550 923 27 20 60
580 919 47 35 000
640 923 40 23 kr.,
696 923 133 27 nybyggnad
843 924 34 20 för
890 925 84 18 statens

81 953 142 26 geotekniska
233 953 89 20 institut
333 953 8 20 1
353 953 40 20 700
402 953 41 20 000
452 953 40 23 kr.,
503 953 70 20 ökade
582 952 82 21 lokaler
672 953 34 20 för
715 953 117 20 hovrätten
842 954 52 19 över
903 953 71 20 Skåne

82 983 39 20 och
134 982 104 27 Blekinge
250 983 41 20 600
299 983 42 20 000
352 982 39 24 kr.,
404 982 70 20 ökade
486 982 81 21 lokaler
579 982 33 20 för
622 982 118 21 hovrätten
752 983 34 19 för
797 979 57 24 Övre
865 983 108 20 Norrland

82 1012 40 20 400
131 1012 41 20 000
186 1012 39 23 kr.,
240 1012 136 26 tillbyggnad
390 1018 28 14 av
432 1012 186 20 landsstatshuset
631 1012 6 20 i
652 1012 116 20 Halmstad
782 1008 40 34 850
821 1008 48 34 000
885 1012 32 20 kr.

112 1065 17 20 1.
147 1065 41 20 RD
209 1065 143 27 bemyndigar
371 1065 64 20 KM:t
453 1066 35 19 att
507 1065 49 20 med
576 1065 138 21 Stockholms
733 1066 50 19 stad
802 1066 66 20 träffa
887 1065 61 21 avtal
967 1066 7 20 i

82 1095 147 26 huvudsaklig
244 1094 96 27 enlighet
355 1095 50 20 med
421 1095 41 20 den
478 1095 6 20 i
500 1095 241 26 statsrådsprotokollet
756 1096 52 19 över
822 1095 152 21 kommunika-

82 1124 154 21 tionsärenden
250 1125 33 19 för
296 1125 41 19 den
351 1124 12 20 4
376 1125 46 19 okt.
438 1124 53 20 1946
504 1124 112 27 återgivna
630 1125 224 20 överenskommelsen
867 1126 58 19 samt
937 1131 38 14 an-

82 1154 58 20 visar
154 1154 33 20 till
202 1154 131 26 provisorisk
348 1154 194 26 kontorsbyggnad
556 1154 37 20 vid
608 1154 113 20 Bolinders
736 1154 51 26 plan
801 1154 6 20 i
822 1154 126 21 Stockholm
963 1155 11 19 å

82 1183 133 27 tilläggsstat
230 1183 8 21 I
254 1184 60 20 1000
323 1184 41 20 000
376 1184 32 19 kr.
423 1183 31 27 (i).

110 1214 19 19 2.
147 1213 42 20 RD
208 1213 88 20 anvisar
314 1213 33 20 till
365 1213 146 26 provisoriska
531 1213 125 26 byggnader
674 1213 33 20 för
725 1215 83 18 statens
827 1213 149 27 priskontroll-

83 1243 81 20 nämnd
179 1243 40 20 och
233 1244 85 19 statens
332 1242 228 21 bränslekommission
574 1243 12 20 å
601 1242 132 27 tilläggsstat
748 1243 8 20 I
772 1243 9 20 1
793 1243 40 20 600
842 1243 41 20 000
896 1243 32 20 kr.
943 1243 31 27 (i).

110 1273 19 20 3.
147 1272 42 20 RD
202 1272 89 21 anvisar
304 1272 32 21 till
350 1272 142 21 anordnande
504 1278 29 14 av
545 1272 58 20 vissa
616 1272 227 27 förvaltningslokaler
855 1273 13 20 å
881 1272 95 27 tilläggs-

82 1304 46 18 stat
142 1302 8 20 I
164 1297 40 36 600
206 1297 46 36 000
267 1302 32 20 kr.
313 1302 31 26 (i).

110 1332 19 20 4.
147 1332 42 20 RD
203 1332 89 20 anvisar
304 1331 33 21 till
350 1332 67 26 inköp
430 1338 28 14 av
472 1332 131 26 fastigheten
617 1338 25 14 nr
657 1332 24 20 13
695 1332 6 20 i
714 1332 113 20 kvarteret
839 1332 117 26 Wattrang
969 1332 6 20 i

82 1361 135 21 Karlskrona
230 1362 12 20 å
254 1361 132 27 tilläggsstat
400 1362 8 20 I
422 1361 38 21 175
469 1361 42 21 000
522 1361 31 21 kr.
567 1361 31 27 (i).

110 1392 20 20 5.
147 1392 42 20 RD
202 1391 88 21 anvisar
302 1391 33 20 till
346 1391 255 20 samarbetskommittén
613 1392 34 20 för
658 1392 186 26 byggnadsfrågor
856 1392 12 20 å
880 1391 95 27 tilläggs-

82 1422 46 19 stat
142 1421 8 20 I
162 1421 27 21 85
198 1421 42 20 000
251 1421 32 20 kr.
296 1421 35 26 (r).

112 1474 18 21 1.
147 1474 42 20 RD
209 1474 88 21 anvisar
316 1474 32 20 till
367 1474 136 27 konstnärlig
522 1474 155 26 utsmyckning
695 1480 28 15 av
742 1474 88 27 statliga
849 1475 126 26 byggnader

84 1504 39 20 150
131 1504 42 20 000
184 1504 33 20 kr.
230 1504 35 26 (r).

111 1593 19 20 2.
148 1593 42 20 RD
205 1592 88 21 anvisar
307 1593 32 20 till
355 1593 157 26 nybyggnader
526 1593 33 20 för
573 1593 97 20 kemiska
685 1593 40 20 och
740 1593 134 20 biokemiska
889 1593 87 20 institu-

82 1622 99 20 tionerna
191 1622 37 21 vid
238 1622 152 20 universitetet
398 1622 7 20 i
414 1622 97 26 Uppsala
520 1628 29 14 m.
559 1628 28 14 m.
599 1623 8 19 1
618 1623 42 20 000
668 1623 41 20 000
717 1623 32 19 kr.
759 1622 32 27 (i),
800 1623 34 20 till
842 1623 133 26 nybyggnad

83 1652 33 20 för
129 1652 180 26 meteorologiska
323 1652 154 20 institutionen
491 1652 38 20 vid
543 1652 152 20 universitetet
708 1652 6 20 i
728 1652 97 26 Uppsala
841 1652 39 21 150
880 1648 49 34 000
942 1652 32 20 kr.

83 1681 31 26 (i),
123 1681 33 20 till
164 1681 137 26 uppförande
309 1687 28 14 av
345 1682 133 26 nybyggnad
486 1681 34 21 för
527 1681 82 27 fysiska
617 1681 154 21 institutionen
778 1682 38 20 vid
824 1682 152 20 universitetet

83 1711 6 20 i
102 1711 64 20 Lund
179 1711 41 20 300
228 1711 42 20 000
282 1711 32 20 kr.
328 1711 32 26 (i),
374 1711 33 20 till
420 1711 137 27 uppförande
570 1717 28 14 av
611 1712 34 19 ett
656 1711 207 21 tandläkarinstitut
876 1711 6 20 i
895 1711 80 21 Malmö

82 1741 63 20 2100
154 1740 41 20 000
209 1741 32 19 kr.
257 1740 31 27 (i),
304 1740 32 20 till
351 1741 142 26 utbyggande
507 1747 28 14 av
549 1741 124 20 karolinska
688 1741 115 26 sjukhuset
818 1741 8 20 1
839 1741 40 20 750
887 1741 42 20 000
942 1741 32 20 kr.

83 1770 32 26 (i),
132 1770 33 20 till
181 1770 114 27 inredning
310 1776 28 14 av
354 1770 58 21 vissa
428 1770 81 20 lokaler
525 1770 58 20 inom
599 1770 184 21 radiumhemmet
798 1771 38 20 vid
851 1770 124 21 karolinska

83 1799 116 27 sjukhuset
211 1800 27 20 20
247 1800 41 20 000
300 1800 32 20 kr.
347 1800 31 26 (i),
392 1800 33 20 till
438 1800 136 26 uppförande
587 1806 28 14 av
628 1800 188 27 förrådsbyggnad
828 1800 34 21 för
874 1800 57 21 vissa
944 1800 32 20 in-

83 1829 127 21 stitutioner
219 1829 37 21 vid
266 1829 101 21 tekniska
377 1830 119 26 högskolan
506 1830 7 20 i
523 1830 126 20 Stockholm
659 1830 27 20 50
694 1830 41 20 000
745 1830 31 20 kr.
788 1830 31 26 (i),
829 1830 33 20 till
872 1830 104 27 ombygg-

83 1859 64 20 nads-
165 1860 40 19 och
223 1859 227 27 reparationsarbeten
468 1860 37 20 vid
523 1860 197 20 hantverksskolan
738 1860 6 20 i
762 1859 71 27 Växjö
850 1860 34 20 för
901 1860 74 20 blinda

83 1889 94 20 kvinnor
194 1889 38 20 190
232 1885 48 36 000
297 1889 32 20 kr.
345 1889 24 26 (i)
385 1891 58 18 samt
457 1889 33 20 till
506 1895 44 14 om-
566 1890 39 19 och
621 1890 235 26 nybyggnadsarbeten
871 1889 36 21 vid
923 1890 53 20 döv-

83 1919 162 20 stumskolorna
258 1919 7 20 1
277 1919 41 20 054
327 1919 41 20 000
379 1919 31 20 kr.
423 1919 31 26 (i).

111 1949 19 19 3.
148 1948 42 20 RD
201 1948 89 21 anvisar
300 1948 32 20 till
343 1948 66 27 inköp
420 1955 28 14 av
459 1949 131 26 fastigheten
601 1955 26 14 nr
639 1949 23 20 14
674 1949 5 20 i
690 1949 112 20 kvarteret
812 1949 60 20 Pilen
883 1949 6 20 i
901 1949 75 21 Stock-

83 1978 58 20 holm
157 1978 7 20 1
177 1978 41 20 912
227 1978 41 20 500
280 1978 32 20 kr.
326 1978 32 26 (i).

111 2008 19 19 4.
148 2008 42 19 RD
206 2008 88 20 anvisar
309 2008 32 20 till
357 2008 141 20 anordnande
513 2014 28 14 av
556 2008 81 20 lokaler
652 2008 33 20 för
699 2008 172 26 socialstyrelsen
876 2004 52 34 600
935 2009 41 20 000

83 2037 32 20 kr.
126 2037 24 26 (i)
160 2039 59 18 samt
228 2037 33 20 till
270 2038 142 20 anordnande
421 2044 28 14 av
459 2037 81 21 lokaler
549 2038 33 20 för
591 2038 202 20 kammarkollegiet
802 2038 40 20 325
851 2038 41 20 000
901 2038 32 20 kr.
943 2038 32 27 (i).

111 2067 20 20 5.
148 2067 42 20 RD
202 2067 88 20 anvisar
301 2067 33 20 till
346 2067 69 20 ökade
427 2067 81 20 lokaler
519 2067 33 20 för
563 2067 153 27 länsstyrelsen
728 2067 6 20 i
746 2039 79 60 Örebro
839 2068 35 20 län
886 2068 41 20 250
935 2068 41 20 000

83 2096 32 20 kr.
132 2096 31 26 (i).

1626 75 40 21 183
