1852 2356
777 160 222 16 SAKREGISTER

1648 159 36 20 671

101 444 296 31 HÖGOHMSMOTSTÅND;
413 457 21 14 se
453 450 112 21 Tulltazan
581 450 70 26 (1937:
665 453 24 23 1).

101 506 95 25 HÖGRE
210 510 202 25 FLICKSKOLOR;
427 517 22 14 se
461 510 171 21 Privatläroverk.

101 572 95 24 HÖGRE
208 577 192 20 FOLKSKOLOR.

106 609 6 17 1
129 606 42 20 RD
187 606 117 26 medgiver,
320 608 34 18 att
369 606 26 20 de
411 606 64 26 högre
491 606 146 20 folkskolorna
653 606 6 19 i
674 605 116 27 Göteborg,
806 605 79 20 Malmö
901 605 39 20 och

143 636 144 26 Norrköping,
309 636 5 20 i
335 636 41 20 den
396 636 134 26 omfattning
550 636 63 20 KM:t
633 636 137 23 bestämmer,
791 635 35 20 må
846 635 26 20 fr.
882 641 19 14 o.
911 641 28 14 m.

143 666 41 20 den
200 666 8 19 1
223 666 40 26 juli
278 666 52 19 1936
344 666 118 20 försöksvis
475 666 108 20 anordnas
596 671 46 14 som
656 665 112 26 praktiska
782 664 158 24 mellanskolor;

143 696 40 20 och
196 696 95 20 besluter
304 696 50 23 RD,
368 697 34 18 att
415 696 26 20 de
454 695 170 23 bestämmelser,
638 701 46 14 som
697 695 55 26 gälla
766 695 33 20 för
811 694 130 27 budgetåret

144 725 118 26 1935/1936
276 731 49 20 ang.
340 725 176 20 statsunderstöd
531 725 33 20 till
578 724 214 27 parallellavdelning
806 730 28 14 av
848 724 93 20 årsklass

143 755 36 20 vid
198 755 64 26 högre
279 755 114 23 folkskola,
411 755 60 20 skola
489 757 40 24 äga
546 755 155 20 motsvarande
718 754 138 26 tillämpning
873 754 68 20 under

143 785 130 26 budgetåret
289 785 125 26 1936/1937;
430 785 39 20 och
485 785 95 20 besluter
595 784 49 24 RD,
660 786 34 18 att
709 784 133 26 statsbidrag
856 784 33 20 till
903 790 38 14 an-

143 815 111 20 ordnande
267 821 28 14 av
308 815 81 26 manlig
401 815 55 26 slöjd
470 815 6 19 i
488 815 65 26 högre
567 814 106 20 folkskola
686 814 54 20 skall
753 815 52 25 utgå
818 814 76 20 endast
907 814 34 20 till

143 844 82 20 sådana
245 845 179 25 yrkesbestämda
445 845 64 25 högre
529 844 119 20 folkskolor
667 844 50 20 eller
737 844 62 26 linjer
819 850 28 13 av
867 844 73 25 dylika

143 874 78 23 skolor,
235 874 70 20 vilkas
319 874 154 26 undervisning
486 876 24 18 är
523 874 113 20 anordnad
650 874 6 19 i
669 874 126 26 anslutning
808 873 33 20 till
854 873 87 20 teknisk

144 904 123 25 utbildning
282 906 57 18 samt
354 904 32 20 till
401 904 73 26 övriga
490 904 64 26 högre
570 903 124 23 folkskolor,
710 904 6 19 i
731 904 40 19 den
786 904 50 19 mån
853 903 40 20 den
908 903 33 20 för

144 934 95 20 nämnda
259 934 154 26 undervisning
432 934 107 20 anställde
557 934 83 19 läraren
660 934 39 19 har
717 933 32 20 sin
767 933 121 26 väsentliga
907 935 34 17 ut-

143 964 73 19 komst
226 970 28 14 av
265 964 70 20 denna
346 964 139 26 anställning;
497 964 39 19 och
547 963 87 20 anvisar
645 963 42 20 RD
698 963 33 20 till
741 963 64 26 högre
816 963 123 20 folkskolor:

144 993 118 20 understöd
277 994 23 19 åt
316 994 65 25 högre
396 994 119 19 folkskolor
530 995 32 18 ett
577 993 75 25 anslag
667 999 27 14 av
711 993 57 20 1330
776 992 41 20 000
831 993 32 19 kr.
880 992 32 24 (f).

103 1056 10 16 2
128 1053 41 20 Till
181 1054 64 25 högre
258 1053 124 21 folkskolor:
395 1053 165 27 resestipendier
571 1054 23 19 åt
606 1053 67 20 lärare
685 1053 6 20 i
703 1053 136 20 främmande
850 1052 91 20 levande

143 1084 64 25 språk
222 1083 37 20 vid
273 1084 65 26 högre
352 1083 119 20 folkskolor
484 1083 87 20 anvisas
585 1085 32 18 ett
631 1083 74 26 anslag
719 1089 28 14 av
762 1083 56 19 1500
831 1082 32 20 kr.
878 1082 34 25 (r).

129 1143 41 20 Till
182 1143 64 26 högre
258 1143 124 20 folkskolor:
395 1143 165 26 resestipendier
571 1143 23 20 åt
606 1143 68 20 lärare
685 1143 6 19 i
703 1143 136 20 främmande
851 1142 90 19 levande

144 1173 64 26 språk
222 1173 87 20 anvisas
323 1175 31 17 ett
369 1173 75 26 anslag
457 1179 27 14 av
501 1173 55 19 1500
570 1173 31 19 kr.
616 1173 34 25 (r).

129 1233 40 19 Till
181 1233 65 25 högre
258 1233 124 20 folkskolor:
396 1233 164 25 resestipendier
572 1233 23 19 åt
607 1233 67 19 lärare
686 1233 5 19 i
704 1232 135 20 främmande
851 1232 90 19 levande

143 1262 63 26 språk
222 1263 87 19 anvisas
323 1264 33 18 ett
369 1263 76 25 anslag
458 1269 28 13 av
502 1262 56 20 1500
572 1263 31 19 kr.
618 1263 34 25 (r).

170 1299 21 16 Se
205 1299 34 15 ock
253 1299 109 15 Folkskolor
375 1303 25 12 m,
413 1303 32 12 m.;
460 1299 124 16 Kommunala
599 1299 83 15 läroverk
692 1298 59 18 (1938:
762 1299 21 16 3);
798 1298 144 16 Pensionsväsen

145 1323 59 18 (1938:
216 1323 33 18 10).

101 1371 94 25 HÖGRE
209 1376 171 24 GOSSKOLOR:
394 1383 21 12 se
428 1376 172 20 Privatläroverk.

101 1430 95 25 HÖGRE
207 1431 344 25 LÄRARINNESEMINARIET:
563 1442 20 13 se
595 1435 245 22 Lärarinneseminariet;
854 1431 88 23 Ämnes-

128 1465 67 20 lärare
210 1465 79 25 (1931).

102 1520 95 24 HÖGRE
212 1524 176 22 SAMSKOLOR:
404 1531 20 14 se
438 1525 173 20 Privatläroverk.

100 1579 96 25 HÖGRE
225 1584 322 25 SKOLUNDERVISNINGEN,
581 1584 112 25 utredning
722 1590 44 18 om;
794 1590 20 13 se
842 1584 100 19 Läroverk

129 1614 70 26 (1934:
213 1615 39 24 20).

101 1668 144 25 HÖGSBÖLA
261 1674 28 20 Nr
307 1674 19 24 1;
341 1681 21 12 se
377 1674 157 25 Avsöndringar
548 1674 69 23 (1931:
631 1676 30 18 29;
678 1674 58 19 1932:
750 1674 39 24 29).

100 1728 178 29 HÖGSKOLOR;
294 1740 21 13 se
331 1734 197 19 Nationalekonomi
544 1734 79 24 (1933);
643 1733 104 25 Taxering
762 1733 69 25 (1938:
844 1735 26 20 6);
890 1732 52 20 Uni-

128 1763 113 20 versiteten.

101 1817 127 25 HÖGSPÄN

130 1852 60 19 1932:
204 1854 25 23 7).

244 1822 235 24 NINGSFORSKNING;
511 1829 20 13 se
565 1822 96 26 Uppsala
693 1822 118 20 universitet
842 1821 98 26 (1931:
915 1817 27 36 3;

102 1906 107 25 HÖGSTA
227 1912 173 20 DOMSTOLEN.

128 1941 41 20 Till
190 1941 123 20 avlönande
333 1948 28 13 av
382 1948 26 13 en
430 1943 61 18 extra
512 1942 192 25 expeditionsvakt
725 1941 37 20 vid
784 1941 76 26 högsta
882 1941 60 19 dom-

143 1971 68 20 stolen
221 1971 87 20 anvisas
317 1972 32 19 för
359 1971 128 26 budgetåret
499 1971 116 26 1931/1932
624 1973 32 18 ett
665 1973 61 18 extra
736 1971 74 25 anslag
819 1977 11 13 å
839 1971 12 19 2
861 1970 40 20 208
909 1970 31 20 kr.

128 2031 41 20 Till
182 2031 123 20 avlönande
318 2037 27 14 av
359 2038 25 13 en
399 2033 61 18 extra
474 2031 192 26 expeditionsvakt
679 2031 37 19 vid
729 2031 77 26 högsta
821 2030 120 20 domstolen

142 2061 87 20 anvisas
244 2061 33 20 för
291 2061 129 25 budgetåret
436 2061 117 20 1932/1933
568 2062 30 18 ett
615 2063 60 17 extra
691 2061 74 26 anslag
779 2061 11 19 å
805 2061 12 19 2
827 2060 40 20 208
881 2060 31 20 kr.

967 316 27 20 År

1235 237 96 16 Utskotts-

1223 267 117 19 utlåtanden,

1207 297 94 16 memorial
1315 297 43 16 eller

1217 326 132 17 betänkanden

1404 237 54 16 Riks-

1396 267 69 21 dagens

1407 297 46 16 skri-

1400 327 59 17 velser

1528 255 115 16 Kamrarnas

1515 285 140 21 förhandlingar

1541 314 87 22 (prot.nr)

1198 374 16 57 Saml.

1244 383 7 33 ZE
1258 383 26 33 |
1280 392 90 17 Nummer

1240 413 15 17 <

1386 393 92 16 Nummer

1500 381 66 16 Första
1572 377 24 30 |
1603 381 64 16 Andra

1500 405 68 16 kamm.
1569 401 27 30 |
1600 405 70 16 kamm.

959 606 52 20 1936

961 1052 51 21 1936)

961 1141 51 22 1937

962 1232 50 20 1938

961 1940 48 20 1931

961 2030 51 20 1932

1026 2064 11 16 =

1029 2041 28 6 TR

1060 2032 10 43 AN

1207 1232 12 19 6
1242 1228 30 32 |—|
1290 1232 11 19 8
1316 1235 59 17 s.110

1409 607 13 19 8
1436 609 43 18 3.61

1410 1053 12 20 8
1436 1055 45 18 5.63

1410 1143 12 19 8
1437 1145 44 17 s.42

1488 607 68 20 21:94
1584 593 2 2 |
1603 607 55 20 22:2

1489 1054 68 20 21:94
1584 1078 2 5 |
1603 1053 54 20 22:2

1489 1144 32 19 22:
1533 1145 24 17 25
1569 1139 26 33 |
1603 1143 69 19 21:39

1489 1233 33 19 23:
1533 1234 24 18 83
1568 1232 13 20 dl
1603 1232 33 19 22:
1647 1234 24 17 66

1503 1940 40 19 9:6
1585 1933 1 3 |
1618 1940 40 18 9:3

1493 2029 51 19 10:2
1586 2020 1 3 |
1605 2028 68 20 12:19
