1838 2355
798 138 135 39 SAKREGISTER
1643 148 26 21 17

1006 216 41 31 25
1223 240 78 17 Utskott
1389 222 53 17 dr

953 245 17 26 2
1007 245 35 15 15:
1273 245 43 12 otts-
1379 252 12 17 d
1509 252 18 17 K

953 276 17 12 >
981 256 21 40 |
1006 260 13 20 =
1064 269 96 18 [Motioner
1199 265 124 32 utlåtanden
1404 257 37 42 Dö
1442 258 10 11 ”
1494 253 146 55 förhänaln

953 292 18 41 2
1007 290 41 39 AR
1187 299 47 18 eller
1246 299 99 18 memorial
1386 312 61 17 VOlbor

949 337 16 12 &
1007 326 41 29 l3ö

954 352 11 9 a
1007 347 12 10 e

954 365 17 12 >
1008 358 35 16 leg
1180 359 59 24 cr
1336 367 17 19 p
1437 367 17 18 2
1454 358 12 31 |
1483 365 67 17 Första
1555 358 24 31 |
1584 365 66 17 Andra

954 380 11 9 3
1007 376 37 40 28
1069 377 88 17 SE
1180 385 18 31 2
1222 382 18 31 å
1277 376 17 28 4
1342 383 7 33 RE
1390 377 17 27 z
1437 387 17 25 &|
1480 389 70 17 kamm.
1554 382 22 34 |
1580 389 71 17 kamm.

80 428 150 23 Alkoholister.

83 464 7 15 1
110 460 41 20 Till
167 461 80 19 statens
260 460 155 20 vårdanstalter
425 461 34 19 för
469 460 139 21 alkoholister
618 460 37 20 vid
666 460 95 27 Svartsjö
772 460 39 20 och
822 460 7 20 i
840 460 78 20 Lands-
933 459 91 24 192711:
1036 461 12 20 5
1186 461 51 20 Bla
1292 462 12 20 51
1336 462 56 20 2615
1401 462 54 20 Al1ol
1486 461 67 21 19:82]
1585 461 69 22 20:58

124 490 67 20 krona
213 490 85 20 anvisas
321 490 33 20 för
378 490 124 25 budgetåret
522 489 126 28 1927/1928
673 492 30 18 ett
726 492 60 18 extra
804 490 74 26 anslag
893 496 26 14 av
1004 495 45 23 p.27

126 519 26 20 27
162 519 42 21 000
222 520 31 20 kr.

82 601 9 15 2
110 596 37 20 RD
167 596 99 25 besluter,
283 596 49 20 med
348 596 143 27 upphävande
507 603 27 14 av
551 596 56 20 1919
624 597 33 19 års
673 596 88 26 lagtima
777 596 56 20 RD:s
849 596 70 20 beslut!
957 606 9 11 »
1007 598 41 20 11:55]
1078 596 82 22 80128
1186 597 12 20 61
1228 597 11 21 1
1292 598 12 20 5
1305 593 13 34 |
1336 603 25 16 2715
1380 598 75 20 Al1iol
1485 597 68 22 19:32
1571 598 33 20 120:
1615 603 24 16 53

125 626 7 20 i
148 626 60 26 fråga
230 633 35 13 om
289 626 137 26 förläggande
449 626 34 20 till
507 627 113 25 Venngarn
644 633 26 13 av
685 633 26 13 en
728 627 80 19 statens
823 626 96 26 uppfost-
1004 633 46 23 p-28

124 656 138 25 ringsanstalt
279 656 33 20 för
330 656 142 26 minderåriga
487 656 95 26 manliga
597 656 119 26 förbrytare
731 658 57 18 samt
804 656 50 20 med
869 655 50 21 änd-

125 686 47 25 ring
198 692 26 14 av
251 685 55 20 1921
334 686 34 20 års
391 686 56 20 RD:s
471 686 70 20 beslut
563 692 35 14 om
622 685 139 27 provisoriskt
783 685 136 26 förläggande

125 715 33 20 till
183 716 113 25 Venngarn
320 722 26 14 av
369 717 80 19 statens
467 715 134 21 vårdanstalt
616 716 33 20 för
664 715 144 25 alkoholister,
825 717 32 18 att
871 715 48 20 sist-

125 745 95 20 nämnda
238 745 79 20 anstalt
335 745 55 20 skall
406 745 25 20 fr.
448 752 18 13 o.
484 752 28 13 m.
529 745 42 20 den
589 745 10 20 1
616 745 41 27 juli
675 745 55 20 1927
747 752 50 13 vara
813 745 107 20 definitivt

124 774 81 26 förlagd
222 775 33 20 till
272 775 123 25 Venngarn;
412 775 40 20 och
468 775 93 20 besluter
572 775 44 24 RD,
628 777 32 18 att
670 775 251 26 avlöningsreglementet

124 804 41 20 den
182 804 27 20 22
225 805 49 26 juni
290 804 54 20 1921
357 805 33 25 (nr
400 805 52 26 451)
462 805 33 20 för
506 805 209 26 befattningshavare
726 804 36 21 vid
773 804 147 26 statsdeparte-

123 836 60 18 ment
191 834 40 20 och
240 834 57 21 vissa
305 834 67 20 andra
368 830 69 35 verk,
443 830 127 35 tillhörande
581 834 42 20 den
631 834 63 20 civila
702 834 218 26 statsförvaltningen,

124 864 55 20 skall
198 864 26 19 fr.
240 870 19 14 o.
276 871 29 12 m.
322 864 42 20 den
385 864 10 20 1
415 864 41 26 juli
473 864 56 20 1927
547 866 39 24 äga
601 864 138 26 tillämpning
755 865 12 19 å
783 864 137 25 befattnings-

125 894 78 20 havare
218 893 38 21 vid
272 896 80 18 statens
368 893 133 21 vårdanstalt
516 895 12 19 å
545 894 112 26 Venngarn
673 894 33 20 för
722 893 144 25 alkoholister,
881 894 39 20 och

124 923 131 20 bestämmes
271 923 81 20 antalet
367 923 45 21 ord.
428 924 144 25 befattningar
587 923 37 21 vid
634 923 95 20 nämnda
739 923 132 21 vårdanstalt
881 923 39 20 och

124 952 62 21 dessa
205 953 154 26 befattningars
383 953 108 26 placering
509 954 7 19 i
535 953 100 26 lönegrad
651 960 28 13 m.
697 960 36 17 m.;
757 953 39 20 och
814 953 108 26 medgiver

125 982 44 25 RD,
194 985 32 18 att
250 983 215 25 befattningshavare,
488 989 45 14 som
550 983 42 20 den
608 983 27 20 30
652 983 48 26 juni
718 983 55 20 1927
790 985 22 18 är
828 982 92 21 anställd

125 1012 36 20 vid
177 1014 80 18 statens
273 1012 132 20 vårdanstalt
421 1013 12 19 å
449 1013 114 25 Venngarn
579 1013 33 20 för
628 1012 144 25 alkoholister,
786 1013 36 19 må
834 1013 33 19 för
878 1012 42 26 pla-

125 1042 72 26 cering
215 1042 7 20 i
238 1042 108 20 löneklass
362 1043 7 19 i
385 1042 44 20 ord.
448 1043 119 26 befattning
582 1042 37 21 vid
635 1042 106 21 anstalten
757 1043 25 19 fr.
799 1049 18 13 o.
834 1049 29 13 m.
880 1042 41 20 den

126 1071 10 21 1
153 1072 42 26 juli
212 1071 56 21 1927
281 1072 167 26 tillgodoräknas
459 1072 41 21 den
511 1072 39 25 tid,
562 1072 42 20 han
615 1072 67 26 enligt
692 1072 26 20 de
732 1072 45 20 före
788 1072 134 21 sistnämnda

126 1101 40 27 dag
176 1101 99 27 gällande
286 1102 190 20 bestämmelserna
486 1104 35 24 ägt
532 1102 66 20 räkna
609 1102 32 26 sig
651 1102 34 20 till
696 1102 54 26 godo
758 1102 33 20 för
799 1101 122 21 erhållande

125 1138 26 14 av
170 1131 154 26 ålderstillägg;
344 1132 40 20 och
400 1132 123 25 godkänner
538 1132 38 20 RD
592 1132 78 26 förslag
685 1132 34 20 till
735 1134 43 18 stat
792 1132 34 20 för
841 1134 80 18 statens

125 1161 133 21 vårdanstalt
274 1162 12 19 å
302 1161 114 26 Venngarn
432 1162 33 20 för
481 1162 145 26 alkoholister,
642 1163 31 19 att
689 1162 109 26 tillämpas
813 1162 25 19 fr.
856 1168 18 14 o.
892 1168 28 14 m.

125 1191 126 26 budgetåret
268 1190 136 28 1927/1928;
421 1192 40 19 och
476 1192 116 25 medgives,
609 1194 32 18 att
656 1198 26 14 av
698 1192 38 19 RD
751 1192 50 20 med
817 1191 104 21 avseende

125 1221 12 20 å
153 1221 41 20 den
218 1221 111 20 definitiva
345 1221 180 26 löneregleringen
540 1221 34 20 för
589 1221 201 27 statsdepartement
806 1221 49 20 med
871 1221 51 20 flera

125 1250 51 21 verk
200 1251 100 20 lämnade
324 1251 155 25 medgivanden
503 1252 36 19 må
554 1252 7 19 i
577 1251 129 26 tillämpliga
721 1251 60 20 delar
796 1251 56 26 gälla
867 1253 53 18 även

125 1280 132 21 beträffande
273 1280 209 26 befattningshavare
498 1281 36 20 vid
550 1282 80 19 statens
641 1281 133 20 vårdanstalt
784 1281 12 20 å
807 1281 114 25 Venngarn

125 1310 33 20 för
181 1310 146 24 alkoholister;
352 1310 40 20 och
416 1311 101 25 uppföres
535 1310 68 21 under
619 1310 141 26 avdelningen
776 1310 78 21 sociala
869 1311 52 20 verk

125 1340 39 19 och
180 1340 148 25 inrättningar,
345 1340 210 26 underavdelningen
572 1340 174 24 alkoholistvård,
760 1340 49 20 med
820 1340 111 20 rubriken
922 1336 13 34 |

124 1371 80 18 statens
220 1369 133 21 vårdanstalt
368 1370 12 19 å
397 1370 112 26 Venngarn
526 1370 33 20 för
574 1370 139 20 alkoholister
728 1371 30 19 ett
768 1369 44 21 ord.
811 1354 109 47 förslags-
929 1358 2 27 |

124 1399 74 25 anslag
214 1406 26 13 av
257 1398 42 21 129
310 1399 41 20 700
365 1399 32 20 kr.

82 1481 9 15 3
109 1476 38 20 RD
170 1476 94 24 anvisar,
278 1476 33 20 för
335 1476 124 26 budgetåret
484 1475 126 28 1927/1928
634 1476 45 20 dels
699 1483 26 13 av
744 1476 36 20 det
795 1477 52 19 utav
864 1476 56 20 1926!
959 1485 8 10 »
1010 1477 38 20 |1:5
1187 1476 13 20 61
1217 1471 17 34 1
1293 1476 12 19 51
1338 1480 25 16 3715
1381 1476 74 21 Ali4l
1488 1476 67 20 19:32]
1587 1476 68 20 20:58

125 1506 34 20 års
176 1506 37 19 RD
229 1505 105 27 beviljade
345 1506 97 26 anslaget
452 1506 13 20 å
477 1505 41 21 150
528 1506 43 20 000
583 1506 29 20 kr.
624 1506 33 20 till
668 1505 121 27 främjande
800 1512 26 14 av
836 1506 84 26 nykter-
1005 1511 46 23 p.29

125 1535 193 21 hetsnämndernas
329 1535 137 21 verksamhet
476 1542 28 13 m.
516 1542 28 14 m.
557 1536 70 20 såsom
639 1537 60 19 extra
709 1535 211 26 reservationanslag,

124 1567 32 18 att
174 1566 51 25 utgå
240 1572 26 13 av
282 1566 138 20 statsverkets
435 1565 53 20 fond
504 1572 26 14 av
545 1565 193 27 rusdrycksmedel,
755 1567 31 18 ett
801 1565 78 26 belopp
895 1572 26 13 av

126 1595 27 20 35
163 1594 43 21 000
222 1595 39 24 kr.,
278 1595 46 20 dels
340 1595 33 20 till
390 1595 74 26 bidrag
479 1595 33 20 till
529 1595 94 20 erkända
638 1595 40 21 och
691 1595 97 20 enskilda
799 1595 121 20 alkoholist-
1209 1602 2 11 I

126 1624 112 21 anstalters
254 1624 169 21 driftkostnader
438 1627 31 18 ett
484 1627 60 18 extra
559 1625 164 26 förslagsanslag
739 1632 25 13 av
777 1624 41 21 135
828 1625 42 20 000
881 1625 39 24 kr.,

126 1654 46 20 dels
188 1654 34 20 till
238 1656 80 18 statens
334 1655 115 20 kostnader
462 1655 33 20 för
505 1655 76 25 farliga
591 1655 139 20 alkoholister
740 1661 28 13 m.
780 1661 29 13 m.
821 1656 31 19 ett
862 1656 60 19 extra

126 1684 165 26 förslagsanslag
307 1691 26 13 av
350 1685 12 19 5
373 1684 42 20 000
431 1684 39 24 kr.,
487 1684 45 20 dels
548 1684 40 21 ock
603 1684 34 20 till
653 1684 74 26 bidrag
739 1684 33 20 till
784 1684 137 20 anordnande

127 1720 26 14 av
176 1713 94 21 erkända
293 1714 219 21 alkoholistanstalter
535 1716 30 18 ett
588 1716 60 19 extra
666 1714 214 26 reservationsanslag
895 1721 27 13 av

127 1743 27 20 15
164 1743 42 21 000
223 1743 38 24 kr.;
278 1744 40 20 och
334 1744 116 25 medgives,
466 1745 32 19 att
513 1751 26 13 av
555 1744 147 26 nyssnämnda
717 1744 74 25 anslag
803 1744 34 20 till
848 1744 74 26 bidrag

126 1773 34 20 till
180 1773 93 20 erkända
289 1773 40 20 och
345 1773 98 21 enskilda
459 1773 229 21 alkohbolistanstalters
704 1773 167 21 driftkostnader
886 1775 36 18 må

126 1803 74 20 kunna
217 1803 33 20 till
267 1803 94 20 erkända
376 1803 223 21 alkoholistanstalten
614 1803 104 20 Hemmet
733 1803 142 26 Gunnarskog
889 1804 34 19 för

126 1832 126 26 budgetåret
276 1832 127 27 1927/1928
427 1833 51 26 utgå
501 1833 74 25 bidrag
600 1833 33 20 till
657 1832 197 21 driftkostnaderna
872 1833 50 20 med

126 1863 20 25 ej
163 1861 84 21 mindre
263 1864 31 18 ett
310 1862 78 27 belopp
404 1869 26 14 av
446 1869 26 13 en
486 1862 67 20 krona
563 1863 33 19 för
607 1862 41 26 dag
661 1863 39 20 och
711 1862 108 26 vårdplats
830 1864 28 18 än
868 1864 54 19 även
1567 1867 1 11 |

126 1893 30 18 ett
175 1891 78 27 belopp
269 1892 33 20 för
320 1892 100 26 vårddag,
437 1899 46 13 som
499 1892 50 20 med
565 1899 26 13 en
607 1892 67 20 krona
689 1892 132 26 understiger
836 1892 37 21 det
888 1892 34 20 till

125 1921 72 26 övriga
220 1921 94 20 erkända
336 1921 218 21 alkoholistanstalter
571 1922 106 26 utgående
693 1922 156 26 statsbidraget,
866 1924 57 18 samt

126 1952 31 19 att
180 1950 54 27 jord,
259 1957 47 14 som
326 1952 43 20 står
384 1951 68 21 under
467 1951 93 21 kronans
576 1951 136 21 omedelbara
728 1952 127 27 disposition
871 1952 52 20 eller

126 1987 46 13 som
195 1980 74 21 tillhör
290 1981 70 26 någon
384 1988 26 13 av
431 1981 27 20 de
473 1981 69 21 under
557 1981 55 21 bruk
628 1982 40 20 och
684 1981 101 26 bergverk
800 1982 33 20 för
848 1981 75 26 nödigt

126 2010 115 26 skogsfång
259 2011 106 26 upplåtna
383 2011 158 26 allmänningar
559 2011 52 20 eller
625 2012 70 25 någon
711 2018 26 14 av
753 2011 26 20 de
794 2018 77 20 genom
887 2011 35 20 do-

126 2040 167 26 mänstyrelsens
309 2041 82 25 försorg
405 2041 165 20 utarrenderade
585 2041 203 26 kronoegendomar,
804 2041 59 21 vilka
875 2041 47 20 icke

60 2092 17 18 8.
92 2094 90 18 Sakregister
191 2095 12 13 I.
