1871 2368
179 155 44 35 294
912 162 134 18 SAKREGISTER

177 222 1 31 |
587 218 39 2 Te
1043 223 2 20 |
1124 227 40 31 Så
1282 220 1 38 |
1506 233 47 17 Riks

177 255 1 19 |
1070 257 18 26 3
1124 257 41 35 2
1224 281 3 4 ;
1282 269 1 16 |
1341 247 93 43 Utskotte:
1497 257 71 33 dagens
1626 263 118 17 Kamrarnas

177 288 1 40 |
1070 288 65 26 Bela
1148 294 17 28 2
1182 277 91 35 Motioner
1272 277 9 35 |
1327 277 114 47 Oursnden
1510 293 39 17 ökei
1611 277 145 42 förhandlingar

177 334 1 3 I
1044 322 1 7 |
1066 318 22 43 :
1124 315 40 52 ie
1281 320 2 22 |
1304 311 46 18 eller
1363 311 98 18 memorial
1503 323 62 17 vest

175 357 3 14 |
1044 354 1 18 1E
1071 365 11 9 EE
1124 359 17 16 EE
1143 348 28 36 SE
1177 348 28 36 ES
1217 359 13 21 a
1281 369 2 7 NL
1300 360 61 2 Spa
1372 361 25 1 SvT
1464 360 16 2 enl
1525 360 9 2 maa
1573 348 41 36 lens
1621 360 40 1 an
1665 360 108 2 ST
1742 348 30 36 IRNE

176 373 2 17 |
1044 387 1 5 |
1071 378 17 11 &
1124 374 36 23 leg
1228 382 1 4 I
1295 368 12 32 ST
1338 365 28 32 >|
1431 365 1 26 |
1452 379 17 18 0
1541 365 29 32 2
1599 377 68 17 Första
1670 373 24 31 |
1701 377 65 17 Andra

1044 402 1 37 |
1067 390 15 39 TE
1124 388 33 41 ÅS
1185 389 32 17 FE
1228 388 55 47 SH
1296 385 17 44 ä
1338 395 28 41 ål
1392 389 17 27 2
1430 394 2 40 |
1452 399 17 25 5
1506 388 17 28 2
1553 399 17 25 &
1570 393 14 35 |
1596 401 71 17 kamm.
1667 393 27 35 |
1698 401 69 17 kamm.

196 438 92 37 Blinda.
1229 443 2 31 |
1283 443 1 50 |
1324 444 2 30 |
1365 443 2 53 |
1431 443 1 26 |
1539 443 1 27 |
1682 443 1 59 |

178 437 30 73 z
227 473 49 21 Med
300 472 136 22 uteslutande
458 480 25 13 ur
504 474 70 19 staten
589 473 33 20 för
638 473 158 20 vårdanstalten
813 473 6 20 i
836 473 62 21 Lund
914 473 32 21 för
962 473 84 23 blinda
1052 474 113 26 192511:8
1229 478 2 9 I
1283 474 72 24 16/1
1407 475 13 20 8
1431 472 45 26 12618
1495 472 74 22 Alosl
1602 474 68 20 19:56]
1702 474 68 20 21:66

177 500 1 27 I
242 503 50 21 med
308 503 141 27 komplicerat
462 502 43 28 lyte
517 509 26 14 av
554 509 25 14 en
592 503 66 20 första
669 503 107 20 lärarinna
786 503 79 26 uppför
876 503 53 20 RD
913 498 23 36 i
942 503 94 21 nämnda
1117 515 16 17 p-
1136 499 35 37 201
1229 501 2 41 |
1324 526 2 4 pPeH
1366 512 1 22 |
1431 500 1 50 |
1538 501 2 27 |
1682 497 1 38 |

242 535 43 19 stat
296 533 45 21 dels
353 533 121 27 ytterligare
486 539 26 14 en
523 532 182 21 ämneslärarinna
718 533 50 20 med
779 533 41 20 den
832 533 36 20 lön
880 533 39 20 och
928 533 26 20 de
965 534 81 26 övriga
1031 528 19 37 |
1137 543 5 4 »
1229 533 55 27 fe
1431 552 1 15 |
1538 529 2 19 |
1682 536 1 13 |

178 573 1 8 |
242 564 115 25 förmåner,
371 569 46 14 som
432 563 66 26 enligt
509 565 69 18 staten
590 562 122 21 tillkomma
726 570 26 14 en
761 563 182 21 ämneslärarinna
954 563 37 20 vid
1002 549 30 45 an-
1031 553 15 37 |
1230 578 1 7 Jane
1366 566 1 26 |
1431 568 1 17 I
1538 560 1 29 I
1682 560 1 11 |

178 603 1 23 |
244 593 87 24 stalten;
356 593 46 20 dels
425 593 40 20 ock
484 595 31 18 ett
533 593 78 26 belopp
630 599 26 14 av
673 593 42 20 300
732 593 30 20 kr.
779 594 69 19 såsom
865 593 77 20 arvode
958 594 22 19 åt
995 593 51 31 den
1029 589 16 39 |
1230 587 1 12 |
1366 593 1 26 |
1431 604 1 20 |
1538 600 1 41 |

178 629 2 22 I
243 623 189 25 ämneslärarinna,
453 629 46 14 som
517 622 111 21 förordnas
647 623 69 20 såsom
733 623 66 20 första
815 623 115 24 lärarinna;
948 623 39 21 och
1004 624 43 25 be-|
1176 628 2 25 I
1230 600 1 55 |
1325 613 1 39 |
1366 621 1 27 I
1431 628 1 10 |
1538 644 1 3 I

179 664 1 16 |
244 653 67 21 sluter
326 653 44 25 RD,
387 655 32 18 att
434 653 7 20 i
457 654 68 19 staten
537 652 33 21 för
580 652 106 21 anstalten
698 653 54 20 skall
763 653 103 27 uppföras
878 653 122 26 ytterligare
1011 653 36 20 en
1030 648 15 37 |
1230 656 1 28 sal
1366 660 1 20 ul
1434 646 40 41 rs

179 682 1 30 |
244 683 253 26 vaktmästarbefattning
512 683 49 20 med
577 682 41 21 den
634 683 101 26 avlöning
750 683 40 20 och
804 683 26 20 de
841 683 72 26 övriga
923 683 124 26 förmåner,
1036 678 14 36 |
1177 694 1 7 |
1284 696 1 4 RE
1431 681 1 5 [en
1539 696 1 3 |

244 720 46 14 som
307 713 67 26 enligt
389 713 95 20 nämnda
497 714 42 19 stat
549 712 123 21 tillkomma
682 720 26 13 en
719 713 143 20 vaktmästare
874 713 36 21 vid
921 713 115 24 anstalten;
1177 721 1 15 I
1230 716 2 8 I
1284 720 1 18 |
1325 712 1 31 |
1539 713 1 23 I
1681 738 1 6 |

244 743 39 21 och
300 743 61 27 höjes
377 743 57 26 förty
449 742 36 21 det
500 742 44 21 ord.
562 742 95 27 anslaget
673 742 33 21 till
722 742 160 27 ifrågavarande
899 743 79 20 anstalt
988 743 44 21 med
1046 765 1 12 |
1177 741 1 22 |
1230 736 2 36 |
1284 747 1 19 |
1290 738 21 35 ZE
1539 743 1 10 |
1681 746 1 17 I

246 773 64 20 1450
327 773 30 20 kr.
375 773 33 20 till
426 772 41 21 129
476 772 43 21 850
535 773 30 20 kr.
1177 771 1 32 [OB
1284 768 1 25 RS
1367 771 66 30 fe
1434 761 27 48 ST
1497 761 36 48 RE
1681 765 1 34 |

1177 810 1 3 I
1326 807 1 5 |
1487 807 2 10 |
1681 804 1 8 |

180 817 1 16 I
1231 823 1 6 |
1782 818 2 13 I

180 838 29 16 11
247 840 6 13 Till
294 833 101 34 avlöning
417 839 26 14 av
467 839 51 14 e.o.
551 839 137 20 lärarpersonal
713 839 38 14 och
768 834 143 19 vaktmästare
928 839 20 14 vid
980 833 36 20 vår
1076 840 68 13 sell
1284 853 1 3 I
1440 838 37 16 127
1545 839 25 15 96
1630 841 3 11 :
1644 837 39 21 56
1671 827 18 36 |
1731 837 39 16 21:66

229 832 42 21 Till
321 833 20 20 avlö
543 832 18 20 lä
690 832 6 20 I
703 832 41 20 och
795 832 24 21 vakt
943 833 21 20 id
1017 832 20 21 vård-|
1070 812 23 57 >
1125 816 53 48 |1:8]
1284 796 72 73 lela
1409 812 24 49 8
1438 808 70 60 278
1518 833 16 20 Aloe]
1602 832 25 21 19:56
1681 814 1 34 |
1701 832 26 21 21

180 857 1 31 |
244 863 106 21 anstalten
366 863 7 20 i
388 862 63 21 Lund
468 863 34 20 för
522 862 74 21 blinda
619 862 50 21 med
688 862 140 27 komplicerat
847 863 44 26 lyte
907 863 83 20 anvisas
1006 856 31 42 för
1046 860 1 34 |
1117 868 57 23 p.202
1231 865 1 41 |
1284 866 1 6 I
1367 856 1 12 |
1432 862 1 30 |
1682 867 1 29 |

180 891 1 23 |
244 892 125 27 budgetåret
385 891 125 29 1925/1926
527 894 31 19 ett
572 894 61 19 extra
649 892 73 26 anslag
738 899 26 14 av
781 892 78 21 11500
876 893 30 20 kr.
1177 909 1 14 le
1432 891 53 19 be
1682 898 1 9 I

180 929 1 9 |
1046 926 2 20 I
1177 925 2 22 I
1337 920 28 36 rn
1433 927 1 6 |
1683 928 1 23 |

180 940 31 33 12
229 952 43 21 Till
295 952 116 21 understöd
427 953 22 20 åt
464 952 191 21 hantverksskolan
672 953 7 19 i
696 952 95 27 Uppsala
806 953 33 20 för
855 952 73 21 blinda
948 953 100 29 kvinnor|
1077 961 7 10 »
1126 953 53 21 11:8]
1231 914 1 70 |
1285 964 1 23 |
1305 954 23 28 61
1347 949 22 40 1
1409 953 13 20 8
1455 953 54 22 12718
1519 954 52 20 Aloe
1571 948 14 36 1
1603 952 81 26 19:56
1672 948 19 36 |
1703 953 33 20 21:
1747 958 25 16 66

180 966 1 33 |
244 983 84 21 anvisas
344 983 33 20 för
393 982 125 27 budgetåret
535 982 126 28 1925/1926
677 984 31 19 ett
723 984 60 19 extra
794 982 74 27 anslag
878 990 26 14 av
916 983 27 20 20
952 983 42 21 000
993 979 44 46 kr.
1047 986 1 35 |
1119 995 16 16 pr
1140 978 39 33 A08j
1194 974 29 41 os
1231 985 1 9 |
1285 989 1 3 ELD
1541 992 1 11 |
1683 980 2 8 I

1178 1011 55 29 ES

179 1039 31 49 13
229 1049 42 19 Till
287 1048 114 27 tryckning
416 1055 27 13 av
458 1048 148 20 blindskrifter
621 1049 85 19 anvisas
722 1049 33 19 för
770 1048 125 26 budgetåret
910 1048 124 26 1925/1926
1033 1039 14 51 |
1077 1043 102 26 FSS)
1305 1050 12 19 Öde
1434 1040 45 29 28/8
1498 1050 74 20 Aloe]
1604 1048 31 20 19:
1647 1054 24 15 56
1684 1031 1 57 |
1704 1049 68 20 21:66

179 1095 2 18 |
244 1080 30 18 ett
290 1080 61 18 extra
366 1078 215 26 reservationsanslag
596 1084 26 14 av
640 1077 63 21 7000
720 1077 31 21 kr.
1119 1056 60 70 p.204
1232 1072 1 34 |
1369 1079 1 17 |
1434 1067 1 37 |
1541 1094 2 18 |
1684 1094 2 9 I

1186 1101 30 39 ök
1327 1132 1 8 |
1434 1107 1 29 lina
1785 1105 1 15 |

180 1121 31 41 la
230 1137 42 20 Till
295 1137 117 21 understöd
435 1138 22 19 åt
480 1137 31 20 De
535 1137 84 20 blindas
643 1137 97 26 förening
763 1137 83 20 anvisas
865 1137 33 20 för
915 1137 134 26 budgetåret
1126 1138 41 20 1:8
1166 1127 12 42 |
1232 1137 1 21 |
1305 1138 53 21 1
1411 1138 68 21 812818
1498 1138 74 21 Aloc
1573 1133 19 36 |
1605 1137 31 20 19:
1641 1133 9 36 5

180 1164 1 31 |
246 1166 126 29 1925/1926
389 1169 31 19 ett
435 1169 60 18 extra
512 1167 73 26 anslag
600 1173 27 14 av
644 1166 41 21 100
695 1166 42 21 000
754 1167 30 20 kr.
1048 1177 1 16 |
1119 1152 60 57 p.205)
1250 1159 33 44 ES
1327 1162 2 43 |
1369 1167 1 38 |

180 1196 1 12 I
1048 1199 1 7 |
1286 1200 1 4 |
1435 1209 1 3 |

188 1232 23 15 15
284 1227 115 26 medgiver,
416 1229 22 18 att
464 1227 15 20 till
513 1228 104 24 gäldande
629 1233 26 14 av
682 1233 99 14 kostnader
801 1233 23 14 för
835 1227 204 26 iordningställande
1040 1223 18 34 |
1078 1236 7 9 >
1178 1220 2 32 |
1397 1229 39 19 591
1604 1228 26 19 25

180 1217 1 46 |
230 1227 37 20 RD
320 1227 12 20 med
439 1228 8 19 t
481 1227 15 20 till
540 1226 65 21 gäldand
666 1226 92 21 kostnader
791 1227 20 19 för
866 1227 14 20 iord
968 1227 59 20 lande
1048 1232 1 25 |
1127 1228 40 20 106
1306 1228 11 20 61
1349 1227 75 33 TOR
1498 1227 40 20 146
1604 1227 11 14 2

180 1264 1 7 I
244 1264 27 13 av
295 1257 127 26 trädgården
445 1256 36 21 vid
501 1256 159 21 vårdanstalten
676 1256 6 20 i
699 1256 63 21 Lund
777 1256 33 21 för
826 1256 74 21 blinda
915 1256 50 21 med
981 1257 57 20 kom-
1034 1252 14 35 |
1179 1255 1 15 |
1490 1253 2 13 |

180 1274 1 46 |
244 1287 88 26 plicerat
347 1287 45 26 lyte
408 1287 41 25 må,
467 1288 74 19 utöver
556 1293 27 13 av
602 1286 38 21 RD
655 1286 89 26 tidigare
762 1286 33 20 för
805 1286 123 21 ändamålet
939 1276 88 41 anvisade
1034 1280 15 32 |
1179 1274 1 31 |

180 1325 1 9 I
244 1316 77 26 medel,
338 1324 26 13 av
380 1316 35 21 det
431 1299 115 48 överskott,
563 1323 46 14 som
625 1316 139 27 uppkommit
779 1317 13 19 å
806 1316 26 20 de
842 1316 34 20 för
889 1312 145 44 nybyggnader
1037 1324 13 23 |
1179 1328 1 4 I
1286 1338 2 13 |
1370 1331 1 3 |
1486 1322 1 14 I

244 1347 22 20 åt
281 1333 95 34 nämnda
400 1346 131 21 vårdanstalt
547 1346 101 20 anvisade
664 1346 241 26 reservationsanslagen
921 1347 11 19 å
949 1342 101 31 tillhopa
1034 1338 16 39 |
1286 1355 2 17 I
1370 1350 1 20 |
1486 1355 2 6 I

245 1376 64 21 1683
319 1376 43 21 000
378 1376 31 21 kr.
426 1376 110 21 användas
552 1376 121 27 ytterligare
689 1377 31 19 ett
734 1376 78 27 belopp
823 1383 26 13 av
860 1376 62 26 högst
933 1376 63 20 4100
1008 1376 30 20 kr.
1286 1375 2 31 I
1369 1392 2 3 |
1486 1392 6 9 |

182 1431 1 21 |
206 1442 6 15 1
231 1436 43 20 Till
289 1436 148 21 förstärkande
453 1443 26 13 av
495 1436 36 20 det
547 1436 44 20 ord.
608 1436 95 26 anslaget
719 1436 33 20 till
763 1436 108 20 institutet
881 1436 40 20 och
932 1436 107 21 förskolan
1055 1435 56 23 [1926]
1127 1437 19 20 1:
1148 1427 10 39 8
1156 1432 25 28 |
1286 1432 32 27 16)
1336 1428 14 36 1
1411 1437 13 21 8
1435 1423 76 49 I1s8]8
1521 1437 58 19 Aliso]
1604 1436 32 19 28:

181 1476 2 16 |
245 1467 33 20 för
301 1466 75 21 blinda
391 1467 12 19 å
418 1466 134 21 Tomteboda
573 1466 85 20 anvisas
677 1466 33 20 för
726 1466 125 26 budgetåret
868 1465 124 28 1926/1927
1010 1468 30 18 ett
1120 1462 56 36 p-166
1233 1480 1 28 |
1286 1464 1 18 |
1486 1475 5 17 |

180 1494 2 49 |
246 1498 59 19 extra
321 1496 74 27 anslag
410 1503 27 13 av
453 1496 27 20 45
491 1496 42 21 000
550 1496 30 20 kr.
1179 1492 1 17 [EES
1286 1483 1 32 |
1435 1500 1 20 |
1486 1480 5 51 |

1049 1527 1 27 |
1179 1529 1 15 I
1233 1530 1 8 I
1286 1534 1 7 I
1369 1536 1 7 I
1435 1539 1 13 |
1486 1533 5 15 II

180 1568 2 12 |
203 1561 10 15 2
231 1556 41 20 Till
288 1556 137 26 omläggning
440 1562 27 14 av
480 1557 79 19 vatten-
574 1555 39 20 och
625 1555 200 27 avloppsledningar
837 1555 35 20 vid
883 1556 107 20 institutet
1000 1556 39 20 och
1042 1550 19 36 |
1079 1564 7 10 »
1127 1554 53 25 11:8/
1233 1566 1 3 kar
1286 1553 85 27 ikna:
1411 1557 13 19 AS
1435 1553 45 34 158
1490 1550 22 28 18
1520 1556 59 20 Alsil
1604 1555 27 20 28

180 1583 2 31 |
246 1586 108 20 förskolan
361 1586 33 20 för
402 1585 75 21 blinda
485 1586 12 20 å
505 1585 132 21 Tomteboda
645 1586 84 20 anvisas
737 1585 33 20 för
778 1585 126 27 budgetåret
915 1584 124 29 1926/1927
1120 1584 61 31 p-167|
1233 1573 1 63 |
1286 1585 2 21 |
1370 1584 1 35 |
1435 1584 57 32 lsd

181 1621 1 13 |
245 1617 31 19 ett
291 1618 60 18 extra
367 1615 215 26 reservationsanslag
597 1622 26 14 av
641 1615 26 20 10
676 1615 43 20 000
735 1615 31 20 kr.
1179 1622 2 2 I
1370 1621 1 38 |
1435 1626 2 3 |
1543 1632 2 18 Ed

181 1667 2 34 |
203 1681 9 14 3
231 1675 41 20 Till
291 1675 148 21 förstärkande
458 1681 26 14 av
500 1674 36 21 det
552 1674 43 21 ord.
611 1674 95 26 anslaget
722 1674 33 21 till
771 1674 109 21 förskolan
895 1675 33 20 för
944 1675 74 20 blinda
1033 1676 7 19 i|
1078 1683 8 9 »
1129 1676 52 22 |1:8!|
1233 1687 1 17 |
1287 1676 32 22 |6)
1350 1675 8 20 1
1412 1675 13 20 8
1444 1663 37 61 58
1492 1674 21 20 18
1523 1675 57 19 Alsil
1605 1675 33 20 28:

246 1705 71 27 Växjö
340 1705 85 20 anvisas
448 1705 33 20 för
505 1704 125 27 budgetåret
654 1703 125 28 1926/1927
804 1706 30 19 ett
850 1706 60 19 extra
925 1705 74 26 anslag
1014 1712 26 14 av
1120 1710 57 23 p.168
1287 1699 1 38 |
1371 1704 1 21 |

182 1760 1 9 |
247 1735 64 21 7000
328 1735 30 21 kr.
1287 1743 1 17 I
1371 1733 1 31 |
1437 1745 1 22 BE

182 1771 1 21 |
1050 1792 1 3 |
1287 1785 1 4 |
1371 1768 1 7 |
1437 1774 1 14 Ferm

182 1793 2 32 |
204 1800 9 15 4
232 1794 41 20 Till
295 1794 148 21 förstärkande
462 1801 26 13 av
503 1793 37 21 det
556 1793 44 21 ord.
616 1794 237 26 reservationsanslaget
868 1794 34 20 till
918 1794 122 21 hantverks-|
1079 1802 8 10 »
1129 1795 52 32 |1:8)
1234 1792 1 29 |
1288 1795 31 21 |6
1350 1777 23 47 1|
1413 1795 25 35 81
1448 1797 41 18 158
1497 1768 49 71 SA)
1550 1800 31 14 131]
1606 1794 33 20 28:

246 1824 75 21 skolan
332 1825 7 20 i
350 1824 164 21 Kristinehamn
522 1824 33 20 för
563 1823 74 21 blinda
646 1824 84 21 anvisas
739 1824 32 20 för
780 1824 124 26 budgetåret
914 1824 125 26 1926/1927
1120 1829 61 23 D.169)
1234 1825 1 31 5
1246 1819 27 41 a
1371 1842 2 7 |
1437 1831 1 36 |
1488 1818 6 35 I

247 1856 30 19 ett
292 1856 61 19 extra
368 1854 74 26 anslag
457 1861 26 14 av
500 1854 12 20 9
522 1853 43 21 800
576 1854 31 20 kr.
1050 1880 1 10 |
1180 1848 55 24 föratt
1288 1857 1 24 ad
1372 1855 1 9 |
1437 1878 1 10 |
1493 1862 1 12 |
1544 1864 2 37 |

183 1882 1 22 |
1050 1892 1 21 |
1181 1884 1 7 fö
1234 1882 139 30 Renoir

183 1905 1 61 |
204 1920 10 15 3
232 1914 41 20 Till
289 1913 159 28 uppehållande
464 1914 37 20 vid
516 1913 192 21 hantverksskolan
724 1914 7 19 i
747 1913 161 21 Kristinehamn
924 1914 33 20 för
967 1913 84 21 blinda
1044 1909 19 37 |
1080 1922 7 10 >»
1144 1931 3 3 |1:
1234 1908 2 26 Isa
1296 1887 35 60 6)
1351 1913 22 23 1
1413 1914 13 20 8
1450 1890 44 52 59]
1502 1903 44 58 SA
1606 1909 33 37 28:

183 1967 1 4 |
247 1951 25 13 av
296 1944 122 26 ytterligare
441 1950 27 14 en
492 1943 249 26 korgmakeriavdelning
759 1944 84 20 anvisas
867 1944 33 20 för
919 1944 123 25 budgetåret
1121 1949 61 22 P0
1330 1940 43 23 ae
1437 1943 1 17 |
1489 1932 1 36 |

183 1972 1 28 |
248 1972 126 29 1926/1927
391 1975 30 19 ett
437 1976 60 18 extra
512 1973 213 26 reservationsanslag
741 1980 26 14 av
784 1973 12 20 6
806 1973 42 21 600
865 1973 30 20 kr.
1181 1974 1 23 |
1234 1982 2 37 |
1288 1971 1 40 |
1330 1980 1 17 |
1489 1995 5 26 |

183 2007 1 8 |
1181 2003 1 27 |
1288 2005 43 28 ed
1449 2001 38 43 ER
1489 2007 57 25 SN

205 2039 10 14 8
233 2033 42 21 Till
297 2033 119 21 beredande
440 2040 26 14 av
487 2033 41 21 fria
551 2033 80 20 frakter
653 2033 33 20 för
704 2033 206 25 arbetsmaterialier,
930 2040 46 14 som
992 2034 46 19 från
1050 2001 1 64 |
1080 2041 7 10 »
1128 2033 54 36 1:8/
1288 2035 1 36 |
1308 2023 23 39 6)
1350 2033 22 20 $i
1413 2033 13 20 28
1437 2027 77 38 |159/8
1523 2033 57 24 Als
1606 2028 34 33 28:

184 2073 1 3 |
248 2063 215 21 hantverkssskolans
479 2064 7 19 i
502 2062 162 21 Kristinehamn
680 2063 33 20 för
730 2062 73 21 blinda
819 2050 158 40 materialdepå,
995 2065 44 19 sän-
1120 2068 56 23 p.171
1288 2085 1 4 I
