1835 2367
182 166 37 21 134

875 168 223 18 SAKREGISTER

199 458 166 27 Avskrivningar
380 458 36 21 och
431 459 114 26 eftergifter.

239 488 56 20 efter
304 488 7 20 i
321 489 176 26 räkenskaperna
508 489 134 21 balanserats
653 490 68 20 under
731 490 62 20 titeln
805 490 131 21 »Anmärkta
947 492 89 25 poster»,

240 519 35 19 må
292 520 63 25 tagas
371 519 6 19 i
394 519 95 26 anspråk
506 520 146 26 sammanlagt
668 519 75 21 72663
759 520 33 20 kr.
809 520 26 20 36
853 522 35 18 öre
905 526 28 14 av
950 520 37 20 det
1003 520 34 21 för

239 548 130 27 budgetåret
391 548 115 27 1930/1931
527 549 103 20 anvisade
645 549 188 27 förslagsanslaget
849 550 32 20 till
897 550 139 21 oförutsedda

240 578 96 27 utgifter.

200 642 10 17 3
226 638 42 20 RD
288 638 117 27 medgiver,
424 640 35 19 att
477 639 27 20 de
522 639 153 21 skadestånds-
694 640 39 20 och
752 640 218 26 ersättningsbelopp,
990 646 46 15 som

239 675 18 13 e.
276 668 45 20 ord.
339 669 285 26 kustbevakningsbiträdet
641 670 26 19 N.
687 670 24 19 E.
730 670 28 19 K.
776 670 83 20 Walter
876 670 27 26 på
920 670 70 26 grund
1008 676 28 14 av

239 698 320 27 automobilsammanstötning
580 704 78 21 genom
680 700 128 20 hovrättens
830 701 51 19 över
903 699 71 21 Skåne
996 700 39 20 och

240 728 103 26 Blekinge
361 729 72 26 utslag
450 729 41 20 den
512 729 24 20 17
553 729 43 26 maj
618 729 52 20 1929
688 729 126 27 förpliktats
832 729 82 27 utgiva,
933 731 102 19 ävensom

239 758 83 20 Walter
338 758 117 21 åsamkade
472 759 117 20 kostnader
605 759 33 20 för
653 759 112 20 anlitande
780 765 28 14 av
824 760 212 26 rättegångsbiträde

239 788 36 20 må
290 788 33 20 till
339 788 78 27 belopp
433 794 28 14 av
476 788 91 27 tillhopa
583 789 40 20 639
638 789 32 20 kr.
688 789 106 20 bestridas
809 795 29 14 av
852 789 112 20 tullmedel
979 791 57 19 samt

239 818 87 20 avföras
337 818 48 20 från
397 818 41 20 den
449 818 12 20 å
472 818 128 21 tullverkets
610 819 187 20 omkostnadsstat
805 819 68 20 under
879 819 63 20 titeln
953 819 82 27 »övriga

239 848 118 20 kostnader
365 848 34 20 för
406 848 127 20 tullverket»
543 849 106 26 uppförda
659 849 162 26 anslagsposten
829 849 92 20 »diverse
930 849 105 26 utgifter».

200 911 10 17 4
226 908 42 19 RD
286 908 117 26 medgiver,
421 909 35 19 att
473 908 130 20 innehavare
621 915 27 13 av
666 909 47 20 från
732 909 44 20 Näs
793 909 123 26 kungsgård
933 909 7 20 i
958 909 78 26 Husby

239 938 79 20 socken
336 944 29 14 av
383 938 154 27 Kopparbergs
555 938 35 20 län
609 938 94 21 försålda
721 939 66 20 lotter
804 939 43 23 må,
866 939 6 20 i
890 939 146 26 huvudsaklig

239 968 216 20 överensstämmelse
478 968 49 20 med
551 968 43 20 vad
618 969 238 26 departementschefen
880 969 68 26 enligt
970 970 66 19 stats-

238 997 185 27 rådsprotokollet
437 998 114 26 tillstyrkt,
566 998 111 27 medgivas
692 999 94 20 anstånd
800 999 50 20 med
865 999 128 26 erläggande
1007 1005 29 14 av

239 1029 75 19 räntor
334 1027 40 21 och
393 1028 133 26 amortering
545 1028 12 20 å
577 1029 150 26 köpeskilling,
748 1028 76 21 därvid
845 1029 68 20 under
932 1029 42 20 den
993 1029 43 20 för-

239 1057 78 26 längda
330 1058 185 26 amorteringsfria
527 1058 60 20 tiden
600 1060 62 18 ränta
676 1059 11 19 å
701 1059 91 25 ogulden
805 1059 143 25 köpeskilling
960 1059 76 20 beräk-

239 1093 39 14 nas
295 1087 55 20 efter
366 1087 48 25 fyra
431 1089 90 24 procent
538 1093 34 14 om
589 1088 53 20 året.

200 1149 10 17 5
226 1146 42 20 RD
281 1146 118 26 medgiver,
412 1148 35 19 att
458 1146 57 20 förre
527 1147 141 20 arrendatorn
682 1153 28 14 av
722 1147 201 26 kronoegendomen
939 1148 25 26 3/4
976 1153 60 14 man-

239 1176 32 20 tal
282 1176 93 20 Solvalla
387 1182 25 14 nr
422 1176 13 20 5
445 1176 68 26 jämte
525 1177 124 20 Vittensten
661 1183 25 14 nr
699 1177 17 23 1,
727 1179 33 18 ett
770 1179 57 24 torp,
839 1177 6 20 i
856 1177 91 26 Faringe
957 1177 78 20 socken

239 1212 28 13 av
276 1206 138 20 Stockholms
422 1206 35 20 län
467 1206 28 20 K.
504 1206 21 20 J.
534 1206 50 20 Alm
593 1207 35 20 må
637 1207 45 20 dels
691 1207 79 20 befrias
778 1207 47 20 från
835 1207 202 26 betalningsansvar

239 1235 34 20 för
289 1236 102 20 arrendet
406 1236 35 20 för
457 1236 133 26 egendomen
607 1237 34 20 för
657 1237 60 20 tiden
736 1236 25 20 14
778 1243 58 14 mars
855 1236 108 21 1929—14
979 1243 58 14 mars

241 1265 59 24 1933,
314 1265 45 20 dels
372 1266 40 20 ock
424 1266 120 26 berättigas
556 1267 36 19 att
603 1272 29 14 av
644 1266 37 21 det
693 1266 86 27 belopp,
792 1267 43 20 han
848 1266 69 26 erlagt
928 1266 7 20 i
947 1266 90 21 arrende

239 1295 34 20 för
290 1295 47 20 året
356 1295 26 20 14
399 1301 57 14 mars
476 1296 108 20 1928—14
602 1302 58 14 mars
680 1296 59 23 1929,
757 1303 29 13 av
803 1296 134 21 statsverket
954 1296 84 21 återbe-

239 1325 89 20 komma
345 1325 56 20 1400
415 1325 32 20 kr.

200 1387 10 18 6
226 1384 42 21 RD
286 1385 117 26 medgiver,
422 1387 34 18 att
473 1385 124 26 löjtnanten
615 1386 37 20 vid
670 1386 125 20 Jämtlands
812 1386 226 26 fältjägarregemente

238 1414 27 20 A.
278 1415 25 20 G.
316 1414 66 21 Molin
395 1415 79 20 befrias
489 1415 42 21 dels
542 1415 48 20 från
603 1415 41 21 den
657 1416 79 20 honom
747 1416 89 25 jämlikt
847 1416 191 20 rådstuvurättens

239 1445 7 19 i
266 1441 120 24 Östersund
406 1445 38 20 två
464 1445 105 20 särskilda
589 1446 71 26 utslag
679 1446 41 19 den
742 1446 24 20 13
786 1446 45 20 okt.
853 1445 53 21 1930
925 1445 113 27 åliggande

239 1474 126 27 skyldighet
376 1476 35 19 att
423 1474 76 27 utgiva
511 1475 33 20 till
557 1475 64 20 KM:t
633 1475 40 20 och
685 1476 83 20 kronan
781 1477 58 19 samt
851 1475 187 26 riksförsäkrings-

239 1504 110 20 anstalten
369 1506 34 18 ett
422 1504 79 27 belopp
521 1511 28 14 av
569 1505 146 27 sammanlagt
734 1505 62 20 6694
816 1506 31 19 kr.
868 1505 26 20 34
915 1507 35 18 öre
969 1505 69 26 jämte

239 1535 71 22 ränta,
327 1535 58 19 samt
399 1534 34 20 till
448 1534 64 20 KM:t
528 1535 39 20 och
583 1535 84 20 kronan
683 1537 34 18 ett
732 1535 64 26 årligt
811 1535 78 26 belopp
905 1541 29 14 av
949 1535 40 20 293
1005 1535 32 20 kr.

240 1564 26 20 33
282 1565 43 22 öre,
341 1564 80 20 räknat
436 1564 48 20 från
500 1564 41 20 den
559 1565 8 19 1
585 1566 55 25 sept.
658 1565 59 23 1930,
733 1565 42 20 dels
790 1565 36 20 ock
838 1565 48 20 från
898 1564 140 27 ersättnings-

239 1593 125 27 skyldighet
381 1594 49 20 med
447 1594 107 20 avseende
571 1594 12 20 å
601 1594 37 20 det
654 1594 180 27 livräntebelopp,
851 1594 187 27 riksförsäkrings-

240 1624 109 19 anstalten
362 1624 34 19 för
408 1623 60 21 tiden
481 1624 56 20 efter
549 1624 41 20 den
604 1624 27 20 30
642 1624 48 26 juni
704 1624 53 20 1930
770 1624 96 20 utbetalt
878 1624 50 20 eller
940 1624 98 20 kommer

239 1654 35 19 att
292 1653 98 20 utbetala
408 1653 33 20 till
458 1653 58 21 förre
532 1653 81 21 furiren
632 1654 24 20 G.
676 1654 24 20 E.
720 1654 140 26 Hallonqvist
877 1654 28 26 på
922 1654 70 26 grund
1010 1660 28 14 av

240 1683 80 20 honom
336 1683 41 20 den
392 1683 13 20 5
421 1683 45 20 dec.
483 1683 53 20 1925
551 1684 105 20 åsamkad
671 1684 75 20 skada.

201 1745 9 17 7
226 1742 42 20 RD
291 1742 119 26 medgiver,
432 1744 36 19 att
490 1742 101 21 Sollefteå
614 1743 104 28 tingslags
740 1743 241 26 väghållningsdistrikt
1002 1743 36 20 må

240 1772 79 20 befrias
337 1772 48 20 från
404 1772 26 20 de
448 1772 152 27 förpliktelser,
618 1779 47 15 som
683 1773 57 20 åvila
759 1773 111 20 distriktet
888 1773 67 26 enligt
972 1773 41 20 den
1032 1773 6 20 i

240 1802 240 26 statsrådsprotokollet
500 1804 51 19 över
570 1803 296 20 kommunikationsärenden
887 1803 41 20 den
947 1802 27 21 30
992 1803 45 26 jan.

242 1832 50 20 1931
313 1832 151 23 omförmälda,
483 1832 78 21 mellan
581 1832 112 21 distriktet
711 1833 39 20 och
768 1832 210 27 järnvägsstyrelsen
997 1832 41 21 den

240 1862 26 19 26
283 1862 45 26 jan.
347 1862 39 20 och
404 1862 41 20 den
463 1862 13 20 9
493 1862 53 21 febr.
566 1862 53 21 1924
635 1863 95 20 träffade
748 1863 223 20 överenskommelsen
989 1868 48 21 ang.

241 1891 128 21 överlåtelse
391 1898 29 14 av
442 1892 71 26 gamla
535 1892 159 26 järnvägsbron
717 1894 52 19 över
790 1888 188 31 Ångermanälven
1001 1892 37 20 vid

241 1921 96 24 Forsmo,
352 1921 69 21 under
433 1921 159 27 förutsättning
606 1923 35 19 att
654 1922 112 20 distriktet
779 1922 33 20 till
826 1924 83 18 statens
922 1922 117 26 järnvägar

241 1951 75 20 avstår
335 1951 41 21 den
396 1953 46 19 rätt
460 1952 34 20 till
514 1952 53 20 bron
586 1952 69 26 jämte
675 1953 62 19 mark
757 1952 33 20 för
808 1952 164 26 tillfartsvägar,
992 1958 46 14 som

241 1981 112 20 distriktet
366 1981 67 26 enligt
445 1982 91 20 berörda
550 1982 207 20 överenskommelse
771 1983 56 25 äger.

202 2043 10 17 8
228 2040 42 21 RD
287 2041 117 26 medgiver,
422 2043 34 18 att
473 2041 41 20 den
532 2041 196 27 omständigheten,
746 2043 34 19 att
796 2042 86 20 arbetet
898 2042 12 20 å
927 2041 112 27 järnvägs-

241 2071 131 27 anläggning
390 2071 48 21 från
458 2071 68 27 Hosjö
546 2071 32 21 till
597 2071 103 28 Linghed,
720 2072 52 20 varå
791 2072 126 20 koncession
938 2071 101 27 beviljats

1320 242 108 31 Utskotts-
1501 247 55 16 Riks-

1106 268 66 34 Kungl.
1226 294 3 3 ä
1320 269 118 33 utlåtanden,
1480 270 83 33 dagens
1622 265 95 33 Kama

1120 302 52 18 Maj:ts]
1185 294 91 16 Motioner]
1303 306 95 17 memorial
1412 306 43 17 eller
1461 290 22 41 |
1504 306 46 17 skri-
1613 295 139 20 förhandlingar

1065 326 25 20 År
1119 336 50 14 |propir
1314 336 132 17 betänkanden
1497 337 59 16 velser
1638 324 87 21 (Brot:pe)

1119 358 44 27 eller
1229 376 2 29 |
1295 372 15 16 -

1141 392 33 14 en
1187 402 81 38 EEE
1295 391 15 50 S
1336 397 16 42 z
1376 403 90 16 Nummer
1466 394 9 35 |
1483 403 91 16 Nummer
1619 391 36 40 re
1693 387 69 48 Sroeen

1324 457 2 41 |
1681 459 2 20 I

1052 491 53 20 1931
1325 499 1 22 |
1682 487 1 9 |

1229 592 2 15 |
1325 584 1 8 |
1681 584 2 18 I

1230 608 1 18 |
1325 593 1 10 I

1055 640 49 21 1931]
1134 641 24 20 18
1169 623 28 54 |
1193 627 38 44 —|
1247 653 27 2 —]
1302 641 12 20 6]
1345 642 9 20 1]
1416 642 26 20 26
1452 623 35 54 |
1523 641 27 20 80
1587 642 67 19 6:83
1688 641 82 20 |16:109

1325 673 1 28 |

1230 695 1 9 |

1230 707 96 41 RE

1230 739 1 11 I
1325 750 1 4 I
1682 743 1 13 I

1230 786 1 4 |
1325 768 1 18 I
1682 766 1 20 |

1230 792 1 31 |
1325 788 1 29 |

1230 824 1 12 |
1682 817 1 15 |

1054 909 50 20 1931]
1138 910 12 19 4
1162 905 31 34 |
1193 922 27 2 —
1248 910 67 20 —HO
1325 907 39 38 Sr
1367 928 2 13 |
1417 910 24 20 21
1524 910 26 20 65
1588 911 67 19 16:89
1682 910 38 19 116:
1733 912 37 17 118

1054 1148 50 20 1931]
1132 1147 26 20 90
1172 1143 23 35 |
1193 1160 26 2 —|
1248 1148 117 20 —HOIl—'
1418 1148 25 20 27
1525 1148 26 20 95
1587 1148 68 20 120:78
1683 1148 74 20 122:60

1327 1346 1 29 |

1056 1386 50 20 19311
1128 1386 38 20 148
1170 1381 14 35 |
1195 1399 28 2 —
1242 1386 40 20 13621
1303 1387 13 19 6
1321 1381 14 35 |
1347 1387 7 20 1
1418 1386 23 20 41
1512 1386 39 21 106
1586 1387 33 20 122:
1631 1388 24 18 66
1666 1386 55 21 dl22:
1733 1388 24 18 70
1768 1386 13 20 d

1418 1416 23 20 71
1586 1417 34 20 123:
1631 1416 91 20 21-123:
1733 1418 24 17 87

1587 1446 33 21 24:
1631 1448 11 17 4
1648 1440 19 36 =
1688 1445 33 21 124:
1733 1447 11 18 5

1231 1664 2 15 |
1369 1639 1 35 |
1685 1648 1 27 |

1231 1681 2 28 |
1369 1677 1 35 |
1685 1709 1 3 |

1684 1715 2 24 |

1056 1743 50 21 1931]
1134 1743 26 20 56
1168 1739 27 34 |
1201 1756 21 2 —|
1249 1756 28 2 —1
1304 1744 12 19 6/1
1347 1744 9 19 1
1418 1744 27 20 47
1514 1744 35 19 111
1588 1744 33 20 --J22:
1633 1746 23 17 71
1684 1736 38 43 j22:
1734 1745 24 17 77

1231 1802 2 49 |
1685 1800 1 26 |

1369 1863 1 13 |
1684 1852 2 3 I

1684 1936 2 23 I

1685 1960 1 12 |

1685 1973 1 18 I

1685 2013 1 19 I

1057 2041 51 20 1931]
1135 2041 26 20 86
1170 2037 26 33 |
1196 2053 28 3 —I|
1250 2053 28 3 —1I
1304 2042 13 19 61
1348 2042 8 19 1
1419 2041 26 20 48
1514 2042 39 19 112
1588 2041 135 20 -122::25--122:
1735 2043 24 17 78

1232 2076 1 3 |
1369 2068 2 27 |
