1867 2363
171 79 44 20 374

188 289 271 26 FÖRRÅDSTJÄNSTEN
469 294 35 20 vid
515 295 220 23 försvarsområdena;
747 301 20 13 se
780 295 162 20 Försvarsväsen
953 295 70 26 (1947:
1038 295 38 26 16).

188 331 175 25 FÖRRÄDERI-
378 336 54 20 OCH
448 336 226 20 SPIONERIBROTT.

216 372 41 19 RD
268 373 90 25 antager
367 372 33 20 för
409 372 32 20 sin
452 372 33 20 del
495 372 80 26 förslag
584 372 32 20 till
626 372 34 26 lag
670 378 35 14 om
715 372 92 26 ändring
816 372 6 20 i
832 372 57 20 vissa
899 372 60 20 delar
967 378 29 14 av
1005 372 13 20 8
1025 372 51 27 kap.

187 402 126 26 strafflagen
326 403 57 18 samt
395 402 32 19 till
439 402 34 26 lag
485 407 48 21 ang.
546 402 91 20 fortsatt
648 401 100 27 giltighet
759 408 28 14 av
798 402 62 26 lagen
873 402 41 20 den
928 402 24 20 13
964 402 45 20 dec.
1024 402 52 20 1940

187 432 35 25 (nr
232 431 48 26 995)
292 437 34 14 om
337 431 64 20 straff
411 432 33 19 för
454 432 111 25 sabotage.

189 503 52 20 1940
251 503 34 25 (nr
293 503 50 25 995)
353 509 35 14 om
398 503 63 20 straff
471 503 32 20 för
512 503 110 26 sabotage.

216 545 17 19 1.
251 545 42 19 RD
307 546 91 24 antager
411 545 33 19 för
457 545 33 19 sin
504 545 33 19 del
552 545 79 26 förslag
644 545 33 19 till
691 545 35 26 lag
739 551 35 13 om
788 545 92 26 ändring
894 545 6 20 i
913 545 13 20 8
939 545 50 26 kap.
1005 545 72 20 straff-

187 575 61 25 lagen
264 575 71 25 (avser
349 575 87 19 straffet
450 575 33 19 för
497 574 79 26 olovlig
591 575 299 20 underrättelseverksamhet
903 581 28 13 m.
941 575 39 25 m.)

215 605 19 19 2.
251 605 42 19 RD
306 604 98 20 anhåller
416 611 34 13 om
464 604 116 26 utredning
591 610 49 21 ang.
654 604 165 27 tillämpningen
832 611 28 13 av
872 604 99 27 gällande
984 605 93 20 bestäm-

186 634 77 20 melser
272 640 35 14 om
317 634 137 26 offentlighet
463 634 37 20 vid
510 634 147 20 domstolarna
667 634 6 20 i
682 634 43 20 mål
734 640 28 14 av
771 634 42 20 den
822 634 6 20 i
837 634 136 20 motionerna
981 635 96 20 avsedda

187 664 152 20 beskaffenhet
348 666 103 18 ävensom
461 670 48 20 ang.
520 665 45 19 rätt
574 664 33 20 för
616 666 49 24 part
674 665 35 19 att
718 664 45 20 föra
773 664 91 20 särskild
873 664 60 20 talan
943 666 47 18 mot
999 664 77 23 beslut,

187 694 125 26 varigenom
322 694 94 20 domstol
425 694 114 20 förordnat
548 700 35 14 om
592 694 54 20 måls
656 694 161 26 handläggning
826 694 58 20 inom
894 694 92 26 stängda
996 694 80 20 dörrar.

215 724 26 20 Se
252 724 39 19 ock
304 724 180 26 Interpellationer
494 724 61 26 (1941
567 724 28 20 H:
608 726 16 21 5,
638 724 26 25 9).

186 767 218 25 FÖRSAMLINGAR
413 771 9 20 I
432 771 159 24 UTLANDET;
600 778 22 13 se
633 771 164 26 Religionsvård,
808 771 149 27 Kyrkofonden
968 771 69 27 (1946:
1051 772 25 26 1).

187 815 224 28 FÖRSAMLINGAR,
424 819 102 24 TYSKA;
539 825 22 14 se
578 819 69 26 Tyska
659 819 154 26 församlingar.

187 863 343 28 FÖRSAMLINGSSTYRELSE;
547 873 21 13 se
585 866 285 27 Kommunalförfattningar,
890 866 45 21 Val.

187 910 217 28 FÖRSKINGRING;
417 920 22 14 se
452 913 223 27 Redovisningsmedel.

187 958 331 28 FÖRSKOLESEMINARIER;
528 968 22 14 se
561 961 122 27 Fattigvård
692 961 70 26 (1945:
775 964 16 21 8,
806 962 39 26 10).

187 1005 241 29 FÖRSKOTTERING;
440 1016 21 13 se
475 1009 138 26 Barnbidrag,
630 1009 228 26 Investeringsutyifter.

187 1053 239 28 FÖRSKOTTSSTAT:
438 1063 21 13 se
472 1057 131 26 Flyktingar,
618 1057 170 22 Försvarsväsen,
803 1053 274 30 Återuppbyggnadsarbete.

188 1100 108 25 FÖRSTA
315 1104 180 20 KAMMARENS
514 1104 264 24 ORDNINGSSTADGA;
797 1110 21 14 se
841 1104 117 26 Riksdagen
978 1104 70 26 (1946:
1062 1107 16 20 1,

218 1134 59 20 1949:
290 1134 26 26 7).

187 1177 106 25 FÖRSTA
308 1181 180 20 KAMMARENS
502 1181 143 24 PLENISAL;
659 1188 22 13 se
699 1180 116 27 Riksdagen
830 1181 70 26 (1950:
913 1181 26 26 2).

188 1224 259 28 FÖRSTATLIGANDE;
455 1235 21 13 se
486 1228 256 26 Bokförlagsverksamhet,
752 1228 119 21 Elektriska
880 1228 118 24 industrier,
1009 1228 70 21 Enkla

216 1259 69 25 frågor
303 1258 70 26 (1948:
385 1258 27 25 3),
432 1258 297 26 Krigsmaterieltillverkning,
748 1258 229 27 Pappersproduktion,
997 1258 80 26 Statlig,

217 1289 74 19 Socker
301 1288 69 26 (1946:
383 1289 26 25 3),
422 1288 180 23 Stadsdomstolar,
617 1288 75 20 Textil-
703 1288 35 20 och
747 1287 243 21 beklädnadsindustrien
999 1288 78 26 (1947).

187 1331 240 28 FÖRSTRÄCKNING:;
439 1342 22 12 se
473 1335 69 21 Ocker.

188 1372 445 28 FÖRSTÄRKNINGSANORDNINGAR;
646 1383 21 13 se
683 1377 121 20 Folkskolor
817 1377 69 25 (1945:
899 1377 26 25 3).

188 1414 202 25 FÖRSTÖRANDE
401 1419 36 19 AV
448 1419 78 19 VISSA
539 1414 295 28 POSTFÖRSÄNDELSER;
846 1424 22 14 se
878 1418 116 20 Postverket
1007 1418 69 26 (1948:

219 1448 39 26 10).

187 1485 192 29 FÖRSVARARE,
389 1490 158 19 OFFENTLIG.

217 1525 41 20 RD
273 1525 72 20 avslår
358 1525 107 20 motioner
478 1531 35 14 om
528 1525 78 26 förslag
622 1525 29 20 till
666 1525 91 26 ändring
770 1525 7 20 i
790 1525 24 20 21
829 1525 51 26 kap.
894 1525 12 20 5
920 1526 9 24 $
944 1526 134 25 rättegångs-

189 1555 78 20 balken
280 1561 28 14 av
321 1555 105 20 innebörd
438 1556 35 19 att
484 1555 54 26 juris
550 1555 114 23 kandidat,
678 1561 46 14 som
736 1555 47 20 icke
795 1556 24 19 är
831 1555 97 20 ledamot
939 1561 29 14 av
981 1555 96 26 Sveriges

189 1585 208 23 advokatsamfund,
409 1585 54 20 skall
474 1585 55 19 efter
540 1585 139 26 beprövande
690 1591 28 14 av
729 1585 163 20 vederbörande
902 1584 91 21 hovrätt
1003 1585 74 20 kunna

188 1615 89 26 fungera
289 1615 71 20 såsom
372 1615 99 25 offentlig
481 1615 127 20 försvarare.

188 1652 177 25 FÖRSVARETS
382 1651 289 25 ANSTÄLLNINGSBYRÅ.

217 1692 42 19 RD
273 1692 126 26 godkänner
412 1692 94 26 grunder
519 1692 33 20 för
566 1691 303 26 civilanställningsförmåner
882 1692 23 20 åt
918 1691 159 26 krigsmaktens

188 1722 44 19 fast
244 1721 108 20 anställda
365 1722 114 25 manskap;
493 1722 39 19 och
545 1721 111 26 medgiver
669 1721 41 20 RD
723 1722 35 19 att
770 1721 131 26 anställning
913 1721 12 20 å
939 1721 139 20 civilanställ-

188 1751 109 26 ningsstat
313 1751 67 26 enligt
396 1757 28 14 av
441 1751 63 20 KM:t
520 1751 127 20 meddelade
664 1753 99 18 närmare
780 1751 162 20 bestämmelser
958 1751 35 20 må
1010 1751 68 20 under

188 1781 131 26 budgetåret
332 1781 89 25 1945/46
433 1781 112 26 medgivas
557 1780 45 20 dels
614 1781 113 26 manskap,
740 1787 46 13 som
798 1781 78 26 avgått
888 1781 48 19 från
948 1780 130 27 beställning

188 1811 27 26 på
228 1810 61 20 aktiv
303 1812 45 18 stat
360 1811 49 19 med
423 1811 109 26 utgången
544 1816 29 14 av
585 1810 191 26 anställningsåret
790 1810 89 25 1938/39
891 1810 51 20 eller
953 1816 75 14 senare
1040 1816 38 14 an-

187 1840 139 26 ställningsår
341 1840 39 20 och
395 1840 77 20 därvid
487 1840 85 20 erhållit
586 1840 132 26 anställning
732 1840 12 19 å
759 1840 240 26 civilanställningsstat
1013 1840 65 25 (mot-

188 1870 116 25 svarande)
319 1876 49 13 men
384 1876 46 13 som
446 1870 27 25 på
488 1870 70 25 grund
573 1875 29 14 av
616 1870 97 19 rådande
728 1869 150 20 förhållanden
893 1870 58 19 måst
965 1869 7 20 i
986 1869 91 20 särskild

188 1899 91 26 ordning
292 1901 62 24 tagas
368 1899 6 20 i
387 1899 94 26 anspråk
496 1900 33 19 för
541 1899 228 26 militärtjänstgöring
783 1900 39 19 och
836 1899 32 20 till
882 1899 53 26 följd
950 1899 67 20 därav
1031 1899 47 20 icke

187 1929 86 20 kunnat
285 1929 89 20 beredas
387 1929 166 25 tjänstledighet
564 1929 7 20 i
583 1928 258 27 civilanställningssyfte,
854 1929 45 20 dels
911 1929 40 20 ock
963 1929 113 26 manskap,

187 1965 46 14 som
244 1959 6 19 i
261 1959 124 19 omedelbar
395 1958 125 26 anslutning
532 1959 31 19 till
573 1957 132 28 anställning
716 1959 27 26 på
753 1959 62 19 aktiv
825 1960 45 19 stat
880 1958 100 20 innehaft
989 1958 89 20 anställ-

187 1988 51 26 ning
250 1990 52 18 över
314 1990 45 18 stat
370 1989 40 19 och
422 1994 46 14 som
480 1988 6 20 i
498 1988 72 26 övrigt
581 1988 109 26 uppfyller
701 1988 150 26 fordringarna
863 1988 33 20 för
906 1988 132 26 anställning
1050 1988 27 26 på

188 2018 246 26 civilanställningsstat;
452 2018 39 20 och
507 2018 88 20 anvisar
610 2018 42 20 RD
668 2018 32 20 till
716 2018 80 20 armén:
813 2018 265 26 rekryteringskostnader

187 2048 40 20 240
236 2048 41 20 000
286 2048 31 20 kr.
328 2048 33 26 (f),
371 2048 33 20 till
413 2048 104 20 marinen:
528 2048 265 26 rekryteringskostnader
804 2048 38 20 190
851 2048 41 20 000
901 2048 31 19 kr.
943 2048 26 25 (f)
978 2049 58 19 samt
1045 2047 32 20 till

187 2078 135 26 flygvapnet:
334 2078 265 26 rekryteringskostnader
611 2078 39 20 130
658 2078 42 19 000
710 2078 31 19 kr.
753 2078 33 26 (f);
798 2078 40 19 och
848 2078 119 20 fastställer
978 2077 41 20 RD
1031 2083 47 21 per-

187 2107 199 27 sonalförteckning
399 2109 58 18 samt
469 2107 160 27 avlöningsstat
642 2107 33 21 för
688 2108 117 19 försvarets
818 2107 205 27 anställningsbyrå;
1037 2107 40 20 och

216 473 41 20 RD
270 474 90 25 antager
372 473 79 26 förslag
463 473 32 20 till
507 473 34 26 lag
552 478 49 21 ang.
614 473 90 20 fortsatt
715 473 100 26 giltighet
826 480 28 13 av
865 473 62 26 lagen
939 473 42 21 den
995 473 24 21 13
1031 474 44 20 dec.
1098 485 2 3 |7

1103 190 11 20 S
1234 170 91 16 Motioner
1372 166 90 30 Utskott
1504 167 54 35 ökriv
1625 166 94 30 Protokoll

1099 199 25 11 År
1120 190 19 29 |
1147 194 54 21 Prop.
1216 206 16 2 |
1475 206 71 16 FN

1228 224 32 16 FK
1262 219 24 31 |
1291 224 35 16 AK
1348 224 85 16 |SmllAvd!
1456 224 27 16 Nr
1603 224 32 16 FK
1702 224 34 16 AK

1098 372 27 20 421
1166 373 95 20 271191)
1303 384 27 3 —I
1364 373 13 19 91
1414 372 8 20 1
1477 372 13 20 51
1528 372 86 21 59111:
1625 372 39 21 53dl
1684 372 30 20 11:
1725 374 25 18 52

1100 473 24 20 43]
1165 474 27 20 921
1238 486 27 2 —I
1304 485 26 3 —I
1365 474 12 19 91
1415 473 7 20 11
1463 473 92 21 281136]
1582 473 67 20 13:12
1658 469 18 35 |
1683 473 66 20 13:57

1098 545 27 20 44]
1167 557 27 2 —
1226 546 38 19 1138)
1304 557 26 2 —I
1365 545 12 19 91
1414 545 8 19 11
1463 545 150 20 -231283117:
1624 545 39 20 34d]
1682 545 31 20 17:
1724 545 40 20 66d

1108 611 8 12 »
1125 600 23 35 |
1167 617 27 2 —1
1239 605 88 20 741121)
1364 605 13 19 91
1414 604 8 20 11
1463 604 149 21 241284117:
1624 604 39 21 55dl
1682 604 30 20 17:
1724 604 40 20 82d

1098 1525 27 20 50]
1166 1537 27 3 —
1224 1525 41 20 1242
1289 1525 41 20 12921
1365 1525 12 20 91
1415 1525 8 20 11
1464 1525 26 20 241
1528 1524 85 20 —J16:
1626 1526 37 18 147]
1683 1524 30 21 17:
1726 1526 26 18 54

1098 1692 27 20 451
1155 1692 37 20 154
1201 1687 18 35 I
1223 1691 41 20 345
1264 1687 19 35 |
1289 1691 41 20 5401
1365 1691 60 20 6|—]1]
1452 1691 38 21 1381
1515 1691 41 21 2051]
1581 1691 69 20 22:58
1654 1687 22 35 |
1681 1692 33 19 22:
1726 1693 25 18 69

1223 1721 41 20 346
