1842 2353
843 148 136 34 SAKREGISTER
1636 153 42 21 701

1021 220 40 27 SÅ
1402 227 53 17 Riks-

968 249 17 27 3
1021 239 35 45 så
1120 274 4 3 :
1249 245 71 17 leker
1379 251 86 33 dagens
1521 257 117 18 Kamrarnas

968 280 16 26 Rel
1044 279 18 36 =
1067 270 106 33 Motioner
1213 270 124 42 utlåtanden
1406 287 47 17 Kr
1506 287 145 22 förhandlingar

968 310 17 27 2
1021 307 41 29 He
1200 304 47 18 eller
1259 304 99 18 memorial
1398 317 63 18 Sälser

963 337 97 29 SEE

968 370 17 11 >
1021 362 35 28 lag
1193 364 17 12 El
1348 372 17 12 2
1449 373 17 11 z

968 371 594 48 RA

96 434 81 27 Huslig
193 434 94 21 ekonomi
303 441 26 14 m.
347 441 26 14 m.

97 470 9 15 2
125 465 41 20 Till
182 464 116 21 understöd
314 465 22 20 åt
351 464 209 27 utbildningskurser
574 465 33 20 för
623 465 117 20 lärarinnor
755 466 8 19 i
778 465 155 26 hushållsgöro-
947 465 83 22 192211:
1049 467 12 20 8
1199 467 13 20 6)
1242 467 9 20 11
1278 467 39 21 8A|
1349 473 24 15 6818
1391 468 74 20 Als4]
1497 468 68 21 17:68
1566 463 19 36 |
1598 469 67 21 19:67

139 495 43 20 mål
207 495 84 20 anvisas
314 495 28 26 på
365 497 60 18 extra
444 497 42 18 stat
500 495 34 20 för
549 495 59 20 tiden
626 495 10 20 1
648 496 44 26 jan.
701 495 51 21 —30
766 496 48 26 juni
831 495 56 20 1923
904 497 30 19 ett
1012 501 58 22 p.140

139 525 171 26 förslagsanslag,
326 525 69 26 högst,
413 525 26 20 10
449 524 42 21 000
508 525 38 24 kr.,
563 527 31 18 att
605 526 51 25 utgå
666 525 33 21 till
711 525 104 27 styrelsen
826 526 33 19 för
869 526 63 20 aktie-

141 555 83 25 bolaget
248 555 105 20 Ateneum
373 555 33 20 för
424 555 73 20 flickor
512 555 8 19 i
536 555 124 20 Stockholm
677 555 50 20 med
743 556 62 25 högst
821 555 12 20 5
843 555 42 20 000
901 556 31 20 kr.

139 584 40 20 och
195 584 33 20 till
245 584 116 26 Göteborgs
372 584 110 20 allmänna
492 584 195 27 folkskolestyrelse
698 584 103 21 likaledes
811 585 50 20 med
872 585 62 26 högst

141 614 12 19 5
163 614 42 20 000
222 614 31 20 kr.

99 684 7 15 1
125 679 42 20 Till
184 679 125 20 fackskolan
325 679 33 20 för
373 679 72 26 huslig
460 679 100 20 ekonomi
576 680 7 19 i
599 680 95 26 Uppsala
709 680 84 21 anvisas
804 681 33 19 för
848 680 85 26 budget-
948 679 57 23 19231]
1021 680 18 21 1:
1049 680 13 20 8
1200 681 11 20 6!
1242 680 10 20 11
1304 681 13 20 81
1349 687 24 15 6318
1392 682 75 21 Ales]
1497 682 69 21 20:271|
1597 682 34 21 20:
1642 688 25 15 20

140 709 45 20 året
202 707 125 28 1923/1924
344 710 30 19 ett
390 711 60 18 extra
466 709 73 26 anslag
556 716 26 14 av
599 709 77 20 75000
692 710 30 20 kr.
1012 715 57 23 Ip.152

98 779 10 15 2
126 774 41 20 Till
184 774 116 20 understöd
316 775 22 20 åt
353 774 211 26 utbildningskurser
579 775 33 20 för
628 775 118 20 lärarinnor
761 776 7 19 i
779 775 154 26 hushållsgöro-|
971 784 9 10 »
1022 776 40 20 |1:8
1200 776 52 20 GA
1305 777 13 20 8
1320 773 14 35 |
1349 778 56 19 6418
1415 778 51 20 Al44l
1497 777 68 20 20:27
1567 773 19 35 1
1598 778 33 20 20:
1643 783 24 15 20

141 804 43 20 mål
200 804 85 21 anvisas
301 805 33 19 för
346 804 125 26 budgetåret
483 802 126 30 1923/1924
621 807 31 18 ett
662 807 60 18 extra
732 805 74 26 anslag
816 812 26 13 av
855 805 26 20 16
891 805 42 20 000
1013 817 17 16 p.
1033 811 36 22 158

140 834 30 20 kr.
194 835 31 19 att
248 835 50 25 utgå
318 834 33 20 till
368 834 103 26 styrelsen
486 834 34 20 för
535 834 142 26 aktiebolaget
692 835 106 20 Ateneum
814 835 33 20 för
861 835 73 20 flickor

139 864 7 19 i
163 864 125 20 Stockholm
308 864 50 20 med
381 864 63 26 högst
459 863 64 21 8000
539 864 31 21 kr.
587 865 40 19 och
642 865 34 19 till
693 865 116 26 Göteborgs
825 865 109 20 allmänna

139 893 198 27 folkskolestyrelse
353 894 50 20 med
419 894 103 20 likaledes
539 894 61 26 högst
616 894 13 20 8
639 894 42 21 000
697 895 32 20 kr.

98 963 7 15 1
125 959 43 19 Till
183 959 125 20 fackskolan
325 959 33 20 för
373 959 73 26 huslig
461 959 100 21 ekonomi
577 960 7 20 i
600 959 95 27 Uppsala
711 960 83 21 anvisas
805 960 33 20 för
849 960 85 26 budget-
950 960 56 22 1924]
1022 961 40 20 1:
1045 955 19 35 8
1201 961 12 20 6)
1243 961 10 20 11
1306 962 12 20 81
1350 967 25 15 76/8
1393 962 74 21 Also]
1498 962 68 20 27:51
1570 957 14 36 |
1599 963 69 20 27:28

140 989 45 20 året
198 988 125 28 1924/1925
340 990 31 20 ett
379 991 61 19 extra
455 989 73 26 anslag
544 996 26 14 av
587 990 26 20 75
623 989 43 21 000
682 990 30 20 kr.
1004 987 27 35 Ip.
1035 987 36 35 123

98 1059 10 15 2
126 1054 42 19 Till
184 1054 118 21 understöd
317 1055 22 20 åt
354 1054 209 26 utbildningskurser
578 1055 33 20 för
626 1055 117 20 lärarinnor
758 1056 7 19 i
781 1056 154 26 hushållsgöro-|
973 1064 8 10 >»
1023 1056 40 21 |1:8
1201 1057 12 20 6)
1243 1056 10 20 1!
1306 1058 12 20 81
1351 1062 24 16 76)|8
1394 1058 74 21 Al49]
1498 1058 68 20 27:51
1570 1052 19 36 |
1599 1059 69 20 27:28

142 1084 43 19 mål
194 1084 84 20 anvisas
286 1084 33 20 för
328 1084 125 26 budgetåret
462 1082 125 30 1924/1925
596 1086 31 19 ett
635 1086 60 19 extra
703 1085 72 26 anslag
783 1092 27 14 av
818 1085 26 20 16
853 1085 41 20 000
904 1086 30 20 kr.
1015 1097 16 16 p.
1037 1091 34 17 124

142 1115 32 18 att
196 1114 52 25 utgå
271 1114 33 20 till
328 1114 104 26 styrelsen
455 1115 33 19 för
511 1114 143 26 aktiebolaget
669 1115 106 20 Ateneum
791 1115 33 20 för
840 1115 95 21 flickor
916 1110 23 35 i

142 1143 125 20 Stockholm
291 1144 40 20 och
354 1144 34 20 till
412 1144 116 26 Göteborgs
551 1144 110 20 allmänna
676 1144 195 27 folkskolestyrelse
886 1145 49 21 med

141 1173 62 26 högst
221 1173 62 20 8000
300 1173 30 21 kr.
348 1174 33 20 till
398 1174 93 20 vardera.

99 1237 7 15 1
128 1232 42 20 Till
186 1233 126 20 fackskolan
328 1233 33 20 för
376 1233 72 26 huslig
463 1233 100 21 ekonomi
578 1234 8 20 i
601 1234 96 26 Uppsala
712 1233 84 22 anvisas
806 1234 33 21 för
850 1235 86 26 budget-
951 1234 113 22 192511:
1045 1228 15 37 8
1202 1236 12 20 6)
1244 1235 10 20 11!
1307 1236 12 20 81
1351 1236 55 20 9218
1416 1237 52 20 Al721
1499 1237 68 20 19:32
1571 1231 14 36 |
1600 1237 68 21 21:55

143 1263 45 20 året
200 1262 126 28 1925/1926
343 1265 30 19 ett
389 1265 59 19 extra
464 1263 73 27 anslag
552 1270 26 14 av
594 1263 80 21 80000
690 1264 30 20 kr.
1015 1276 17 17 p.
1035 1270 36 23 147

98 1333 9 14 2
126 1328 42 20 Till
184 1328 117 21 understöd
317 1329 22 20 åt
354 1328 209 27 utbildningskurser
578 1329 33 20 för
627 1329 117 21 lärarinnor
759 1330 7 20 i
782 1330 153 26 hushållsgöro-
937 1324 15 36 |
974 1338 8 11 »
1022 1331 43 20 |214
1202 1331 117 21 GELNeS
1392 1332 41 20 206
1491 1332 34 21 31:
1536 1333 82 20 48034:
1629 1333 48 20 128d

141 1358 44 20 mål
194 1358 84 20 anvisas
286 1358 33 20 för
328 1358 125 26 budgetåret
465 1358 125 27 1925/1926
598 1361 31 18 ett
638 1361 59 19 extra
706 1360 73 26 anslag
786 1367 26 13 av
820 1360 26 20 16
855 1360 42 21 000
904 1361 31 20 kr.

141 1389 31 19 att
194 1388 51 25 utgå
268 1388 33 20 till
325 1388 104 27 styrelsen
452 1389 33 19 för
508 1389 142 26 aktiebolaget
669 1390 105 20 Ateneum
792 1390 33 20 för
840 1390 96 21 flickor
917 1384 23 35 i

143 1417 125 21 Stockholm
293 1418 50 20 med
366 1418 63 26 högst
452 1418 65 20 8000
541 1419 30 20 kr.
589 1419 40 20 och
645 1419 33 20 till
695 1419 116 27 Göteborgs
827 1420 110 20 allmänna

142 1447 199 27 folkskolestyrelse
357 1448 50 20 med
424 1448 103 21 likaledes
543 1449 62 25 högst
621 1449 13 20 8
644 1449 42 20 000
702 1449 31 20 kr.

99 1512 7 14 1
125 1507 43 20 Till
185 1507 117 20 understöd
318 1508 22 19 åt
356 1507 210 26 utbildningskurser
581 1508 33 20 för
630 1508 117 21 lärarinnor
763 1509 6 19 i
781 1509 155 27 hushållsgöro-
950 1509 57 22 1926]
1024 1509 17 20 1:
1051 1510 13 20 8
1134 1510 41 20 245
1202 1510 11 20 6)
1244 1510 10 20 11
1306 1511 68 21 812718
1394 1511 81 21 Al1oo]
1491 1512 33 20 28:
1535 1512 41 20 58d|
1592 1512 33 20 28:
1636 1512 41 22 e7d

140 1537 44 20 mål
193 1537 83 20 anvisas
284 1537 33 20 för
325 1537 126 26 budgetåret
460 1536 125 29 1926/1927
594 1539 30 19 ett
631 1540 60 19 extra
697 1539 73 26 anslag
778 1545 26 15 av
813 1539 26 20 16
848 1539 41 20 000
897 1540 38 24 kr.,
1015 1544 57 23 p.128

141 1568 32 18 att
195 1567 52 25 utgå
268 1567 34 20 till
326 1567 104 26 styrelsen
453 1567 34 20 för
505 1567 143 27 aktiebolaget
667 1569 105 20 Ateneum
791 1569 33 20 för
840 1569 96 20 flickor
917 1563 23 35 i

142 1596 125 20 Stockholm
291 1597 40 20 och
354 1597 33 20 till
411 1597 117 26 Göteborgs
547 1597 110 21 allmänna
675 1598 195 27 folkskolestyrelse
886 1599 50 21 med

141 1626 62 26 högst
220 1626 12 20 8
243 1626 42 20 000
302 1626 30 20 kr.
350 1627 33 19 till
399 1626 94 21 vardera.

97 1689 10 15 2
125 1684 43 20 Till
184 1685 126 21 fackskolan
326 1686 33 20 för
374 1686 72 26 huslig
462 1686 99 20 ekonomi
576 1687 8 19 i
600 1687 95 26 Uppsala
711 1688 83 20 anvisas
805 1688 33 20 för
849 1688 86 26 budget-
938 1680 15 38 |
973 1696 9 11 »
1023 1688 41 20 |1:8
1201 1689 12 20 6!
1244 1689 10 19 11!
1306 1689 69 21 812918
1394 1690 80 20 Ali
1499 1690 68 21 28:65
1566 1685 19 35 |
1599 1691 69 21 28:17

141 1715 45 20 året
199 1714 125 28 1926/1927
342 1717 30 19 ett
387 1718 60 18 extra
463 1716 73 26 anslag
551 1723 26 14 av
594 1716 27 21 80
631 1717 42 20 000
689 1717 31 21 kr.
1014 1729 17 16 p.
1034 1722 37 23 129

125 1780 43 20 Till
184 1780 118 21 understöd
318 1781 22 20 åt
355 1781 210 27 utbildningskurser
580 1782 33 20 för
628 1782 118 21 lärarinnor
761 1784 7 19 i
779 1783 155 26 hushållsgöro-
950 1783 113 22 192711:8
1066 1776 15 38 |
1094 1783 81 21 56/155|
1202 1784 11 20 6|
1244 1784 10 20 1|
1307 1785 12 21 -8/|
1351 1790 24 15 76|8
1394 1786 74 21 Ale2l
1500 1786 69 21 16:90]
1600 1786 67 21 17:35

141 1810 43 20 mål
194 1811 84 20 anvisas
285 1811 33 20 för
326 1811 125 26 budgetåret
459 1810 125 29 1927/1928
592 1813 31 19 ett
629 1814 60 19 extra
695 1813 74 26 anslag
776 1820 25 14 av
809 1813 27 20 16
846 1813 42 20 000
896 1813 38 25 kr.,
1015 1824 17 17 p.
1033 1818 38 23 143

141 1842 32 18 att
195 1841 52 25 utgå
268 1841 34 20 till
326 1841 104 27 styrelsen
453 1842 33 19 för
506 1842 144 26 aktiebolaget
668 1843 107 20 Ateneum
791 1843 33 20 för
839 1843 96 20 flickor
915 1837 23 35 i

142 1870 125 20 Stockholm
289 1871 40 20 och
352 1871 33 20 till
409 1872 117 25 Göteborgs
549 1871 111 21 allmänna
675 1872 195 27 folkskolestyrelse
886 1873 49 20 med

141 1900 62 25 högst
219 1900 13 20 8
243 1900 42 20 000
301 1901 32 20 kr.
344 1901 34 20 till
389 1901 95 24 vardera;
496 1902 39 19 och
546 1902 85 20 anvisas
642 1902 33 21 till
686 1903 125 20 fackskolan
821 1903 34 20 för
865 1903 71 26 huslig

141 1929 101 21 ekonomi
257 1930 7 20 i
280 1930 96 27 Uppsala
386 1931 33 20 för
431 1931 126 26 budgetåret
568 1931 126 28 1927/1928
711 1934 30 19 ett
755 1934 60 19 extra
826 1933 73 26 anslag
910 1940 25 13 av

141 1959 27 20 80
179 1959 42 20 000
238 1960 30 20 kr.

96 2022 7 15 1
123 2018 42 20 Till
182 2018 117 22 understöd
315 2020 22 19 åt
352 2020 209 26 utbildningskurser
576 2021 33 20 för
625 2021 117 20 lärarinnor
757 2022 7 19 i
780 2022 154 24 hushållsgöro-
950 2020 57 23 1928]
1023 2022 41 20 1:8
1202 2023 12 20 6
1244 2022 11 20 11
1307 2023 12 20 81
1351 2028 24 16 9318
1394 2024 75 21 Al7ol
1499 2024 69 21 26:48
1570 2018 15 37 |
1600 2025 68 20 27:29

140 2048 44 20 mål
194 2049 84 20 anvisas
287 2049 33 20 för
328 2049 126 27 budgetåret
463 2049 126 28 1928/1929
598 2052 31 19 ett
637 2053 59 18 extra
703 2051 74 26 anslag
785 2058 26 14 av
819 2051 25 20 16
853 2051 42 21 000
902 2052 31 19 kr.
1014 2057 58 21 p.162
