1828 2352
1626 80 29 21 49

70 262 87 20 Armén.

98 297 33 20 50.
148 297 42 20 RD
200 297 126 26 godkänner
335 297 94 26 grunder
438 297 33 20 för
480 297 123 20 avlönande
612 303 28 13 av
650 296 202 27 garnisonspastorn
862 296 6 20 i
878 296 82 20 Boden.

98 333 34 20 51.
149 333 42 20 RD
204 333 118 25 fastställer
334 332 263 27 personalförteckningar
609 332 33 20 för
654 332 45 20 ord.
712 332 135 26 tjänstemän
859 333 58 19 samt
929 332 33 20 för

70 362 143 27 pensionerad
224 362 99 27 personal
334 362 6 20 i
351 362 218 26 arvodesbefattning
579 362 37 20 vid
627 362 74 20 armén
712 364 103 18 ävensom
826 362 136 25 förteckning

69 393 13 19 å
97 392 98 20 arvoden
211 393 40 19 och
268 392 73 26 övriga
358 392 146 26 ersättningar
520 393 78 19 utöver
613 392 36 20 lön
664 392 33 19 till
713 392 45 19 ord.
774 391 135 26 tjänstemän
925 391 37 20 vid

69 422 82 24 armén;
163 422 39 20 och
213 422 87 20 anvisar
310 422 42 20 RD
363 421 32 20 till
405 422 128 25 avlöningar
542 421 33 20 till
585 421 62 20 aktiv
657 421 98 26 personal
765 427 29 14 m.
804 421 22 20 fl.
837 421 26 20 63
873 421 40 20 730
922 421 40 20 000

70 452 31 20 kr.
116 452 33 26 (f).

98 488 33 20 52.
148 487 41 21 Till
202 487 120 21 industriell
336 487 179 27 krigsberedskap
529 487 87 20 anvisas
629 487 41 20 200
678 487 41 20 000
732 487 32 20 kr.
778 487 34 26 (r).

98 553 34 20 53.
148 553 40 20 Till
197 553 61 20 mark
266 553 33 19 till
306 553 234 25 kulspruteskjutbana
550 553 32 19 för
590 553 167 19 Västerbottens
764 554 122 24 regemente
895 558 28 14 m.
933 558 28 14 m.

70 582 87 20 anvisas
168 583 42 19 400
219 582 40 20 000
271 582 32 20 kr.
316 582 31 26 (i).

98 618 33 20 54.
147 618 41 20 Till
201 618 112 20 ordnande
325 624 28 14 av
366 618 67 20 första
447 618 178 26 tygkompaniets
638 618 40 20 och
690 617 273 27 tygförvaltningsskolans

71 648 135 25 förläggning
217 648 11 20 å
240 648 134 20 Järvafältet
385 648 87 19 anvisas
485 648 61 19 1500
554 647 41 20 000
606 648 31 19 kr.
650 647 31 26 (i).

98 713 33 20 55.
147 713 41 19 Till
203 713 112 19 ordnande
329 719 28 13 av
372 713 85 19 arméns
472 713 226 19 intendenturförråds
713 712 39 20 och
768 712 67 20 första
849 712 114 20 intenden-

71 742 174 26 turkompaniets
259 742 135 26 förläggning
408 743 11 19 å
434 742 133 20 Järvafältet
580 742 87 20 anvisas
680 742 13 20 3
702 742 41 20 000
751 742 41 20 000
805 742 32 20 kr.
851 742 32 26 (i).

97 807 33 20 56.
146 807 41 20 Till
201 807 112 20 ordnande
326 813 28 14 av
368 808 54 19 Svea
437 807 106 26 livgardes
557 807 134 26 förläggning
704 807 12 20 å
730 807 133 20 Järvafältet
876 806 87 20 anvisas

69 837 12 19 5
90 837 41 19 000
140 837 41 19 000
192 837 32 19 kr.
237 837 32 26 (i).

97 902 33 20 57.
147 902 41 19 Till
196 902 129 26 utbyggnad
333 908 27 13 av
369 902 57 19 vissa
435 902 94 19 fabriker
537 902 39 19 och
585 901 155 27 anläggningar
747 901 87 20 anvisas
844 901 24 20 14
878 901 85 20 250000

70 931 31 20 kr.
116 932 32 25 (i).

98 967 33 20 58.
147 967 41 20 Till
200 967 140 26 anskaffning
352 973 28 14 av
392 967 109 20 maskiner
513 968 39 19 och
565 967 126 26 utrustning
703 967 32 20 för
747 967 57 20 vissa
816 967 95 20 fabriker
923 966 39 20 och

70 997 157 26 anläggningar
238 997 87 20 anvisas
340 997 8 19 1
360 997 40 20 630
409 997 41 20 000
462 997 32 20 kr.
507 997 32 26 (i).

98 1033 33 19 59.
148 1033 40 19 Till
200 1033 249 26 förläggningsbyggnad
462 1033 37 19 vid
512 1033 72 26 Väsby
596 1032 87 20 anvisas
695 1032 12 20 9
717 1032 43 20 000
771 1032 31 20 kr.
816 1032 31 26 (i).

98 1098 33 20 60.
147 1098 41 19 Till
201 1098 153 26 stallbyggnad
368 1098 35 20 vid
416 1098 122 20 Bohusläns
551 1099 122 25 regemente
685 1098 87 20 anvisas
786 1097 38 20 145
833 1097 41 20 000
885 1097 32 20 kr.
930 1097 31 26 (i).

98 1163 33 20 61.
149 1163 41 20 RD
215 1163 117 26 medgiver,
357 1165 35 18 att
415 1163 6 20 i
445 1163 242 26 statsrådsprotokollet
711 1162 129 21 omförmäld
864 1164 99 19 överens-

70 1193 118 19 kommelse
203 1193 42 20 den
261 1193 25 20 17
301 1193 40 20 och
356 1193 42 20 den
413 1193 26 20 23
454 1193 45 20 dec.
517 1193 52 20 1926
584 1193 79 20 mellan
677 1193 85 20 kronan
777 1193 39 19 och
831 1192 68 26 Eksjö
914 1192 49 20 stad

70 1222 106 20 förklaras
188 1222 46 20 icke
245 1222 61 20 skola
318 1224 77 24 utgöra
407 1223 76 19 hinder
494 1223 33 19 för
538 1223 163 20 vederbörande
712 1222 129 26 myndighet
852 1223 34 19 att
896 1222 67 20 träffa

70 1252 61 20 avtal
139 1258 35 14 om
183 1252 98 20 leverans
289 1252 55 20 efter
352 1252 96 20 ändrade
456 1252 228 26 ersättningsgrunder
691 1258 28 14 av
728 1253 77 19 vatten
813 1252 40 19 och
861 1251 102 20 elektrisk

70 1283 68 18 ström
150 1281 33 20 till
195 1282 6 19 i
214 1282 68 25 Eksjö
294 1282 50 20 stad
357 1282 97 25 förlagda
466 1282 169 26 truppförband.

98 1311 33 20 62.
148 1311 42 20 RD
207 1311 101 23 besluter,
324 1313 35 18 att
374 1312 98 19 Skånska
487 1313 215 24 pansarregementet
716 1311 54 20 skall
785 1311 107 25 förläggas
904 1310 60 20 invid

71 1340 137 21 Hässleholm
217 1342 58 19 samt
281 1342 35 19 att
323 1341 128 20 kavalleriet
459 1341 55 20 skall
524 1341 25 20 fr.
560 1347 18 14 o.
586 1347 29 14 m.
626 1341 41 20 den
675 1341 112 26 tidpunkt,
796 1346 45 14 som
849 1340 115 20 framdeles

71 1370 139 24 bestämmes,
225 1371 171 26 omorganiseras
409 1370 6 20 i
429 1371 146 26 huvudsaklig
588 1370 215 21 överensstämmelse
817 1370 49 20 med
879 1370 43 20 vad
936 1375 28 14 av

70 1400 241 26 departementschefen
323 1400 91 20 anförts.

98 1430 33 20 63.
149 1430 42 20 RD
200 1430 88 20 anvisar
296 1430 32 20 till
336 1430 62 20 mark
406 1430 33 20 för
448 1430 98 20 Skånska
555 1431 214 25 pansarregementet
776 1436 29 13 m.
815 1435 29 14 m.
852 1430 13 19 2
874 1429 41 20 800
923 1428 41 21 000

70 1459 32 20 kr.
115 1459 24 26 (i)
151 1461 58 18 samt
220 1460 111 25 medgiver
342 1461 35 19 att
388 1460 33 19 för
432 1459 303 27 stabsmobiliseringscentral
746 1459 38 20 vid
796 1459 66 26 sjätte
874 1459 90 20 militär-

70 1489 99 20 området
183 1490 36 19 må
234 1489 113 20 förvärvas
361 1489 126 27 ytterligare
501 1489 62 20 mark
578 1490 27 26 på
620 1491 45 18 sätt
679 1495 28 14 av
721 1488 239 27 departementschefen

69 1519 102 26 angivits.

98 1549 33 20 64.
147 1549 41 19 Till
203 1549 155 26 elektrifiering
373 1555 28 14 av
417 1549 57 20 vissa
490 1549 140 26 barackläger
645 1549 87 20 anvisas
747 1549 27 19 40
783 1548 41 20 000
839 1549 31 19 kr.
887 1548 34 26 (r).

98 1608 33 20 65.
147 1608 41 19 Till
207 1608 141 26 anskaffning
367 1614 28 14 av
414 1608 243 26 verkstadsutrustning
675 1608 34 20 för
726 1608 58 20 vissa
802 1607 162 27 truppförband

70 1644 28 13 m.
109 1644 28 13 m.
150 1638 88 20 anvisas
249 1638 42 20 890
299 1638 42 20 000
352 1638 32 20 kr.
398 1638 34 26 (r).

98 1667 33 20 66.
148 1667 42 20 RD
202 1667 101 24 besluter,
314 1669 35 18 att
359 1668 57 19 Göta
427 1668 177 26 pansarlivgarde
615 1667 54 20 skall
679 1667 108 26 förläggas
797 1667 33 20 till
840 1667 123 26 Enköping;

70 1697 40 19 och
131 1697 88 20 anvisar
241 1697 41 20 RD
304 1697 33 20 till
359 1697 112 20 ordnande
492 1704 28 13 av
542 1698 56 19 Göta
619 1697 189 26 pansarlivgardes
829 1696 135 27 förläggning

69 1727 13 19 2
91 1726 41 20 000
141 1727 41 19 000
192 1727 32 19 kr.
235 1727 25 26 (i)
270 1728 58 19 samt
338 1727 32 20 till
381 1727 62 19 mark
454 1727 33 19 för
497 1727 103 25 skjutfält
609 1727 34 20 för
653 1727 57 20 Göta
720 1726 177 26 pansarlivgarde
906 1727 58 18 samt

70 1756 184 20 Södermanlands
268 1757 40 19 och
323 1757 133 25 Skaraborgs
471 1758 219 24 pansarregementen
705 1756 9 20 1
727 1756 39 20 100
775 1756 41 20 000
830 1756 32 19 kr.
877 1755 31 27 (i);
924 1755 39 20 och

69 1785 112 26 medgiver
203 1786 49 23 RD,
275 1787 35 18 att
330 1786 147 26 anordningar
497 1786 34 20 för
551 1786 115 26 skjutning
687 1786 11 20 å
721 1786 133 25 Skaraborgs
875 1791 89 20 pansar-

70 1817 134 24 regementes
218 1815 103 26 skjutfält
335 1816 35 19 må
385 1816 88 19 komma
488 1816 33 19 till
536 1816 117 19 utförande
667 1815 50 20 med
731 1815 112 20 anlitande
857 1821 29 13 av
900 1815 37 19 det
951 1815 12 19 å

70 1844 195 26 kapitalbudgeten
289 1845 68 20 under
378 1845 214 20 försvarsväsendets
614 1845 176 26 fastighetsfond,
813 1844 151 20 arméförvalt-

70 1874 90 26 ningens
175 1874 88 20 delfond
278 1875 33 19 för
325 1875 131 25 budgetåret
472 1875 90 25 1943/44
576 1875 104 19 anvisade
695 1874 242 26 investeringsanslaget
951 1874 12 19 å

69 1904 27 19 24
105 1904 41 20 000
154 1904 42 20 000
211 1904 32 20 kr.
259 1904 33 20 till
308 1904 57 20 vissa
381 1905 204 25 byggnadsarbeten
601 1910 29 14 m.
640 1910 29 14 m.

97 1933 33 21 67.
148 1933 42 20 RD
204 1934 88 19 anvisar
304 1934 33 20 till
350 1934 104 26 täckning
467 1940 28 14 av
508 1934 57 20 vissa
578 1934 188 26 engångsutgifter
778 1933 33 20 för
824 1932 139 27 anskaffning

69 1969 28 14 av
109 1963 216 26 sjukvårdsmateriel
337 1970 29 14 m.
376 1970 28 14 m.
417 1964 12 20 å
442 1964 132 26 tilläggsstat
587 1964 8 19 1
607 1964 41 20 050
657 1964 41 20 300
709 1964 32 19 kr.
754 1963 34 26 (r).

97 1993 33 20 68.
148 1993 42 20 RD
211 1993 89 20 anvisar
319 1993 33 20 till
372 1994 119 19 kostnader
511 1994 33 19 för
563 1993 44 20 viss
627 1993 138 27 tygmateriel
785 1993 13 20 å
818 1993 133 26 tilläggsstat

69 2023 12 19 8
91 2023 37 20 271
140 2023 41 19 000
194 2023 32 20 kr.
241 2023 34 26 (r).

97 2052 33 20 69.
147 2052 41 20 Till
205 2053 104 25 skjutfält
325 2053 34 20 för
375 2053 141 26 Bergslagens
533 2053 213 26 artilleriregemente
763 2059 28 13 m.
801 2058 29 14 m.
848 2052 87 20 anvisas
952 2052 12 19 å

70 2082 132 26 tilläggsstat
217 2083 7 19 1
238 2083 39 19 160
286 2082 41 20 000
339 2083 32 19 kr.
384 2083 32 25 (i).

76 2178 105 16 4—141701

1106 166 101 31 Motioner
1255 166 89 31 Utskott
1423 183 3 3 3
1508 171 94 16 Protokoll

982 191 25 20 År
1004 187 16 32 |
1029 195 54 20 Prop.
1389 183 57 40 vös

1111 225 33 15 FK
1143 220 26 29 |
1174 225 35 15 AK
1231 224 85 16 ISmllAvd|
1340 225 26 15 Nr
1485 225 33 16 FK
1585 225 35 16 AK

980 296 98 20 431130]
1122 307 28 3 —I
1187 307 28 3 —
1299 296 7 19 11
1347 296 27 20 301
1399 296 40 20 2031]
1468 296 67 20 16:54
1539 292 22 34 |
1568 296 32 20 16:
1611 298 25 18 76

992 331 157 21 41235-15290
1156 327 14 35 |
1175 331 131 20 TOTPELAL
1361 331 13 20 41
1399 331 38 21 3211
1466 332 33 20 24:
1510 334 24 17 93
1538 327 23 35 |
1567 332 33 20 24:
1611 334 25 17 38

1033 369 15 11 s.
1060 363 24 18 531
1111 361 38 20 105
1148 357 22 34 |
1174 361 40 20 388
1330 363 111 18 s.321s.26

1109 391 41 20 270
1147 386 22 34 |
1174 390 40 21 403

1109 420 40 20 287

993 493 9 13 »
1038 486 40 20 [235]
1123 498 27 2 —I
1188 486 72 19 —Il111
1300 486 7 19 1
1362 486 76 20 413211
1466 486 33 21 24:
1510 488 24 18 93
1567 486 33 21 1.24:
1611 488 24 18 38

1034 518 51 17 s..99
1331 518 111 18 s.491s.32

993 559 8 13 »
1024 547 7 35 [1
1039 551 40 20 2081
1123 563 28 3 —I
1188 563 27 3 —1|
1251 551 61 20 61—
1314 547 15 35 1
1337 552 38 20 1581
1400 552 40 20 3231
1466 552 69 21 24:99
1538 547 22 35 |
1567 552 69 20 24::89

993 623 9 13 »
1055 617 8 19 1
1123 628 28 2 —I
1188 628 28 2 —I
1251 616 60 20 61—
1312 612 9 34 |
1337 616 38 20 1691
1400 617 40 19 3351
1466 617 33 20 24:
1510 619 24 17 63
1539 612 22 34 |
1567 617 33 20 24:
1611 619 11 17 9

1034 646 28 20 K:
1066 642 13 34 2
1331 653 14 12 Es
1353 648 24 17 tö
1402 648 36 18 fenl

1037 680 22 19 pt
1069 678 10 17 2

993 718 9 13 »
1008 707 22 34 |
1054 712 9 19 1
1123 723 27 2 —I
1188 723 28 2 —I
1251 711 60 19 61—]
1337 711 38 20 1691
1400 711 40 20 335
1439 707 18 34 |
1466 711 33 20 24:
1510 713 25 18 63
1539 707 22 34 |
1566 712 33 19 24:
1611 714 11 17 9

1034 741 28 20 K:
1073 743 10 17 2
1330 743 109 17 s.75].s..7

1037 774 21 20 pt
1068 772 10 17 3

984 806 26 20 431
1055 806 7 19 1
1123 817 28 3 —I|
1188 817 28 2 —J]
1251 806 60 19 61—]
1337 805 38 20 1691
1400 806 40 20 3351]
1465 806 33 20 24:
1510 808 24 17 63
1539 801 22 35 |
1566 806 33 20 24:
1611 809 10 16 9

1034 835 27 20 K:
1064 831 13 34 2
1330 837 110 18 BOLA

1038 869 21 19 pt
1069 867 10 17 5

993 907 8 13 »
1038 901 41 19 [2221]
1123 912 28 2 —I
1189 912 27 2 —I
1251 901 60 19 61—1]1
1337 900 38 20 1691
1400 900 40 21 3351
1465 901 33 20 24:
1510 903 24 17 63
1539 896 22 34 |
1566 901 33 20 24:
1611 903 10 17 9

1029 937 15 12 s.
1056 932 37 17 185]
1331 938 14 11 s.
1353 932 24 17 781
1402 938 14 11 s.
1428 932 11 18 8

993 972 8 13 »
1038 966 41 20 [2221]
1123 977 28 3 —I
1189 977 27 2 —1I
1251 965 60 20 61—]1
1337 966 38 19 1691
1400 966 40 20 3351
1465 966 33 20 24:
1510 968 24 18 63
1539 961 22 34 |
1566 966 26 20 24:
1610 968 11 17 9

1029 1002 15 12 s.
1056 997 37 17 185
1331 998 46 17 8.791
1401 998 38 17 8.9

993 1038 8 13 »
1038 1031 41 20 [2221
1123 1043 28 2 —I|
1188 1043 28 2 —I
1251 1031 60 20 61-11
1337 1031 38 20 1691
1400 1031 40 20 3351
1465 1031 33 20 24:
1509 1033 25 18 63
1543 1027 18 34 |
1566 1031 33 20 24:
1610 1034 11 16 9

1029 1068 14 11 s.
1056 1062 36 18 185
1331 1068 15 11 s.
1352 1058 41 31 801
1402 1068 14 12 s.
1429 1063 10 17 9

993 1103 8 13 »;|
1038 1096 40 20 2221
1110 1096 40 20 259
1175 1096 40 20 1.373]
1251 1096 60 20 :6.)—
1310 1092 23 35 |
1337 1096 103 21 169:1:335
1444 1092 18 35 |
1465 1096 69 21 24:63
1538 1092 20 35 '|
1566 1097 26 20 24:
1610 1100 11 16 9

1029 1133 14 11 s.
1056 1128 36 17 186
1331 1133 14 12 s.
1352 1124 41 31 801
1401 1134 15 11 s.
1429 1128 10 17 9

993 1168 8 13 »
1038 1161 40 20 1307
1088 1157 27 34 |
1124 1173 27 2 —I
1188 1173 28 2 —1
1250 1161 61 20 61—]
1337 1161 37 20 1741
1399 1162 41 20 340]
1465 1162 33 20 24:
1512 1164 37 17 104]
1565 1162 27 20 24:
1613 1164 37 18 100]

994 1316 9 13 »
1007 1305 23 35 |
1039 1309 40 20 302
1110 1309 40 20 1315
1154 1305 18 35 |
1173 1309 41 20 4471
1250 1309 60 20 61-—1
1336 1309 38 20 1991
1398 1309 149 21 412125:-35d]
1565 1310 33 19 26:
1610 1310 38 19 21d

1041 1346 14 12 s.
1068 1342 10 16 2
1336 1341 102 17 sPINag

994 1435 9 13 »
1013 1424 22 34 [
1039 1428 40 20 302]
1123 1440 27 2 —I
1187 1439 29 3 —1
1250 1428 60 19 61—]|
1336 1428 38 20 1991
1398 1428 41 20 4121
1464 1428 68 20 25:47
1538 1424 22 34 |
1565 1428 69 20 26:88

1036 1465 15 11 s.
1063 1460 24 17 56
1330 1460 108 17 819188

994 1554 9 12 »
1012 1543 22 33 1
1039 1547 40 20 302]
1123 1559 28 2 —I
1188 1558 27 2 —J
1250 1547 60 19 61—1]1
1336 1547 38 20 1991
1398 1547 41 20 4121
1464 1547 32 20 25:
1508 1549 24 17 47
1536 1543 22 33 |
1565 1547 33 20 26:
1609 1549 25 17 38

1034 1579 51 17 8.27
1330 1584 14 11 s.
1352 1579 24 17 23]
1400 1584 15 11 s.
1427 1579 11 17 9

994 1613 9 13 »
1013 1602 22 34 [
1039 1606 40 20 3021
1123 1618 27 2 —I
1188 1618 27 2 —I
1250 1606 60 19 61—]1
1336 1606 38 20 1991
1398 1606 41 20 412]
1464 1606 32 20 25:
1508 1609 24 17 47
1538 1602 22 34 |
1565 1606 33 20 26:
1609 1608 25 17 38

1034 1638 52 17 8:78
1330 1638 83 17 s.231s.
1426 1638 10 17 9

994 1672 9 13 »
1019 1661 14 34 [|
1039 1666 40 19 318]
1123 1677 27 2 —I1
1174 1665 41 20 3241
1250 1666 60 18 61—]1
1334 1666 37 19 2111
1398 1665 40 21 406
1442 1661 7 34 |]
1464 1666 32 20 26:
1508 1666 38 19 64d]
1565 1666 33 19 26:
1612 1668 37 17 119]

995 1939 8 13 »
1016 1927 18 34 |
1039 1932 40 19 314]
1124 1944 27 2 —J|I
1188 1944 28 2 —I|
1250 1932 60 19 61—]
1334 1932 40 19 2131
1398 1932 41 20 4081
1463 1932 33 20 26:
1508 1933 24 18 67
1537 1927 22 34 |
1565 1931 32 21 26:
1612 1934 37 17 120

1041 1964 36 17 sd
1336 1969 14 11 s.
1362 1964 11 16 5

994 1998 9 13 »
1013 1987 22 34 |
1039 1992 40 19 314]
1123 2003 28 3 —I
1188 2003 28 2 —I
1250 1991 60 20 61—]
1334 1991 40 20 2131
1398 1991 41 20 408]
1463 1991 33 20 26:
1508 1993 24 17 67
1538 1987 22 34 |
1564 1991 33 20 26:
1612 1993 36 17 120

1036 2028 15 12 s.
1064 2023 23 17 16
1336 2028 14 12 s.
1362 2023 11 17 5

995 2058 8 13 »
1012 2047 18 34 I
1039 2051 41 20 250
1095 2047 7 34 [|
1110 2051 40 20 2891
1174 2051 40 20 384]
1250 2051 60 19 6|—]
1334 2051 37 19 231]
1398 2051 41 20 4521
1463 2051 33 20 27:
1507 2051 26 20 5d
1535 2047 22 34 |
1564 2051 33 20 27:
1610 2051 24 20 1d

1110 2081 41 20 290
1151 2077 17 33 |
1174 2081 40 20 409
1334 2080 40 20 236
1463 2081 33 20 27:
1511 2082 34 18 1011
1564 2081 33 20 27:
1611 2083 37 17 120

1174 2110 41 20 410
1463 2111 33 19 27:
1510 2112 37 18 103]
1564 2110 33 20 27:
1611 2113 37 17 124
