1812 2345
152 70 38 34 330
838 75 223 20 SAKREGISTER

168 259 214 26 Folkbokföringen

184 295 10 14 2
213 289 39 21 RD
277 289 93 21 anvisar
394 289 35 20 till
453 289 157 26 ersättningar
634 290 35 20 till
694 289 361 26 kyrkobokföringsinspektörer

213 319 27 20 55
249 319 42 20 000
302 319 35 20 kr.

185 354 10 15 3
214 349 39 20 RD
266 349 94 20 anvisar
371 349 35 20 till
418 349 130 25 ersättning
560 349 34 20 till
607 349 125 26 Göteborgs
744 350 52 19 stad
808 349 36 20 för
855 349 62 21 vissa
929 349 126 21 kostnader

213 379 36 20 för
259 378 206 26 folkbokföringen
475 379 27 21 60
512 379 42 20 000
564 379 34 20 kr.

185 414 10 14 4
214 408 39 20 RD
265 409 94 20 anvisar
369 409 36 20 till
416 409 130 25 ersättning
556 409 35 20 till
602 409 86 20 Malmö
699 409 51 20 stad
762 409 36 20 för
808 409 63 20 vissa
882 409 126 21 kostnader
1018 409 37 21 för

213 438 206 25 folkbokföringen
428 438 28 21 30
465 439 42 20 000
517 438 35 21 kr.

185 473 10 15 5
213 468 40 20 RD
268 468 94 20 anvisar
375 468 35 20 till
424 468 46 20 viss
484 468 103 25 tillfällig
600 468 108 25 personal
722 469 38 20 vid
773 469 195 24 länsstyrelserna
981 474 30 15 m.;
1025 475 29 14 m:

214 498 10 20 1
235 498 43 20 364
287 498 41 20 000
339 498 34 20 kr.

187 563 6 13 1
214 557 39 20 RD
264 557 124 25 medgiver,
398 558 34 19 att
442 557 38 20 det
490 557 13 20 å
513 557 127 20 riksstaten
650 557 37 20 för
696 557 137 25 budgetåret
844 557 90 21 1946/47
944 558 111 20 anvisade

213 587 262 25 reservationsanslaget
490 587 35 20 till
541 586 216 26 folkbokföringen:
774 587 281 25 anläggningskostnader

214 616 37 20 må
262 616 36 20 för
308 616 136 25 budgetåret
455 616 91 21 1955/56
556 617 120 20 användas
686 616 36 21 för
731 617 38 20 det
779 617 52 20 med
841 617 104 25 anslaget
955 618 100 20 avsedda

214 646 134 21 ändamålet
360 648 61 19 samt
432 647 34 20 att
478 647 38 20 det
528 646 13 21 å
552 647 141 25 tilläggsstat
705 647 9 20 I
726 647 34 20 till
773 647 128 20 riksstaten
912 647 37 20 för
960 647 95 25 budget-

213 676 50 20 året
280 676 90 20 1946/47
387 676 110 20 anvisade
513 676 262 25 reservationsanslaget
789 677 35 19 till
839 676 82 26 bidrag
935 677 35 20 till
985 677 70 20 inter-

213 706 123 20 nationellt
353 706 310 25 återuppbyggnadsarbetet
679 707 7 19 i
703 706 102 25 enlighet
821 707 52 20 med
890 706 166 26 Washington-

213 736 243 20 överenskommelsen
471 736 38 20 må
524 735 36 21 för
574 736 138 25 budgetåret
727 736 91 21 1955/56
833 736 119 21 användas
967 736 36 20 för
1017 737 38 20 det

213 765 52 20 med
275 766 106 24 anslaget
390 766 100 20 avsedda
500 765 140 21 ändamålet.

185 800 10 15 2
213 795 40 20 RD
265 796 96 24 antager
372 795 137 25 förordning
520 801 38 14 om
569 795 100 25 ändring
679 796 7 20 i
698 795 356 27 folkbokföringsförordningen

214 825 44 20 den
268 825 27 20 28
305 825 52 25 juni
368 825 55 21 1946
436 825 39 23 (nr
485 825 63 24 469).

185 860 10 15 3
213 855 45 20 Till
273 855 157 25 ersättningar
444 855 35 20 till
494 854 362 26 kyrkobokföringsinspektörer
870 855 93 21 anvisas
977 856 27 20 45
1014 856 41 20 000

215 884 34 20 kr.

186 920 10 14 4
213 914 45 20 Till
274 914 130 25 ersättning
419 914 34 20 till
469 914 126 25 Göteborgs
610 915 51 19 stad
677 914 36 20 för
728 914 62 21 vissa
804 915 127 20 kostnader
945 915 37 20 för
997 915 59 20 folk-

213 943 156 26 bokföringen
381 944 93 20 anvisas
485 944 25 20 51
522 944 41 20 000
576 944 34 20 kr.

186 979 9 14 5
213 973 45 20 Till
273 973 131 25 ersättning
417 973 35 20 till
467 974 86 19 Malmö
567 974 51 20 stad
633 973 36 21 för
683 973 62 21 vissa
758 974 127 20 kostnader
899 974 36 20 för
950 974 105 21 folkbok-

214 1003 108 25 föringen
333 1003 93 20 anvisas
437 1003 27 20 26
474 1003 42 20 000
527 1003 35 20 kr.

187 1037 10 15 6
214 1032 45 20 Till
272 1032 47 20 viss
331 1032 104 25 tillfällig
446 1033 108 23 personal
566 1032 38 20 vid
616 1033 195 24 länsstyrelserna
823 1039 30 14 m,.
865 1039 31 14 m.
908 1034 93 20 anvisas

216 1061 63 21 1283
288 1061 42 21 000
341 1061 34 21 kr.

187 1126 7 14 1
215 1120 39 20 RD
268 1120 77 21 avslår
358 1121 89 20 motion
460 1127 38 13 om
512 1121 141 25 anteckning
666 1121 13 20 å
692 1121 126 25 personakt
831 1127 28 14 av
872 1122 183 24 vapeninnehav.

186 1156 9 14 2
213 1150 45 20 Till
273 1150 158 25 ersättningar
445 1150 34 20 till
494 1150 362 26 kyrkobokföringsinspektörer
870 1151 93 21 anvisas
978 1152 27 20 45
1015 1152 41 20 000

214 1180 35 20 kr.

186 1215 10 14 3
214 1209 45 20 Till
275 1209 130 26 ersättning
419 1210 35 20 till
470 1209 125 26 Göteborgs
611 1210 51 20 stad
678 1210 36 20 för
728 1210 63 21 vissa
805 1210 127 21 kostnader
946 1210 37 21 för
997 1211 59 20 folk-

213 1239 156 25 bokföringen
379 1239 93 20 anvisas
482 1240 26 20 57
519 1239 41 21 000
571 1240 34 20 kr.

186 1274 11 14 4
214 1269 45 20 Till
274 1269 130 25 ersättning
418 1269 34 20 till
467 1269 86 20 Malmö
567 1270 52 19 stad
633 1269 37 21 för
683 1270 62 20 vissa
759 1270 127 21 kostnader
900 1270 36 21 för
950 1270 106 21 folkbok-

215 1298 107 26 föringen
332 1299 93 20 anvisas
435 1299 27 20 30
472 1298 41 21 000
523 1299 34 20 kr.

187 1333 9 15 5
214 1328 45 20 Till
279 1328 47 20 viss
346 1328 102 25 tillfällig
467 1329 108 25 personal
594 1328 38 21 vid
652 1329 194 25 länsstyrelserna
865 1335 30 15 m.
914 1335 30 15 m.
964 1330 92 20 anvisas

217 1358 9 20 1
238 1358 41 20 422
289 1358 43 20 000
344 1358 35 20 kr.

187 1393 10 14 6
215 1387 40 21 RD
273 1387 77 21 avslår
367 1387 88 21 motion
471 1394 38 14 om
527 1388 72 21 sådan
617 1389 99 25 ändring
732 1395 29 14 av
777 1388 278 27 folkbokföringsförord-

215 1417 94 25 ningen,
326 1417 27 20 14
369 1417 19 24 $,
404 1418 34 20 att
453 1423 92 19 person,
560 1424 51 14 som
625 1418 72 20 vistas
713 1418 30 25 på
758 1418 194 25 ålderdomshem,
967 1419 89 26 beläget

214 1446 97 21 utanför
331 1447 44 20 den
394 1452 58 20 egna
472 1447 175 25 församlingen,
667 1448 38 20 må
723 1448 92 21 behålla
834 1449 37 20 sin
890 1448 167 21 förutvarande

215 1476 225 26 mantalsskrivning
449 1477 43 20 och
502 1477 207 26 kyrkobokföring.

189 1511 8 15 7
216 1506 39 20 RD
268 1506 77 20 avslår
356 1506 88 20 motion
455 1512 38 14 om
504 1507 47 19 viss
563 1507 99 25 ändring
673 1507 7 20 i
692 1507 363 27 folkbokföringsförordningen.

190 1571 6 14 1
216 1565 40 20 RD
270 1566 96 24 antager
379 1565 137 26 förordning
529 1572 38 13 om
580 1566 89 20 ändrad
683 1566 86 25 lydelse
782 1573 28 14 av
824 1567 25 20 10
864 1567 10 23 $
888 1567 13 21 2
914 1573 70 15 mom.
998 1568 55 20 folk-

215 1594 306 26 bokföringsförordningen
531 1596 44 20 den
585 1596 27 20 28
621 1596 52 24 juni
685 1596 55 20 1946
753 1596 39 23 (nr
802 1596 64 24 469).

187 1629 9 15 2
214 1624 46 20 Till
275 1624 157 25 ersättningar
445 1625 35 20 till
495 1625 362 26 kyrkobokföringsinspektörer
871 1627 93 20 anvisas
979 1627 26 20 47
1015 1627 41 20 000

216 1654 34 20 kr.

187 1689 9 15 3
216 1683 39 21 RD
270 1683 152 26 bemyndigar
437 1684 26 20 K.
479 1684 45 20 M:t
539 1685 34 20 att
587 1685 125 25 godkänna
726 1685 38 20 det
778 1686 8 20 i
801 1686 255 25 statsrådsprotokollet

216 1714 54 19 över
285 1713 182 21 finansärenden
481 1713 37 21 för
532 1714 44 20 den
591 1714 12 20 3
617 1714 49 25 jan.
682 1715 54 20 1957
751 1715 163 24 omförmälda,
929 1716 85 20 mellan
1028 1722 27 15 en

216 1743 13 20 å
241 1744 89 19 statens
342 1744 87 24 vägnar
440 1744 83 20 utsedd
535 1744 295 26 förhandlingsdelegation
841 1745 44 21 och
897 1747 160 23 representan-

215 1774 36 19 ter
266 1772 37 21 för
318 1772 147 21 Stockholms
480 1774 52 19 stad
547 1773 118 26 ingångna
680 1774 86 21 avtalet
780 1780 52 20 ang.
848 1775 157 21 kostnaderna
1021 1776 36 20 för

215 1803 39 20 det
270 1802 128 26 tryckande
415 1803 106 25 registret
538 1803 36 20 för
591 1804 81 20 staden
689 1805 61 19 samt
766 1805 94 20 anvisar
875 1805 36 20 till
927 1806 130 25 ersättning

216 1832 35 20 till
272 1832 147 21 Stockholms
439 1833 51 20 stad
510 1832 37 21 för
566 1833 63 20 vissa
648 1833 127 21 kostnader
794 1834 37 20 för
851 1834 205 27 folkbokföringen

216 1861 42 21 678
268 1861 41 21 000
320 1862 35 20 kr.

188 1896 10 15 4
216 1891 45 20 Till
276 1891 130 25 ersättning
420 1891 36 21 till
471 1891 126 26 Göteborgs
612 1893 51 20 stad
679 1892 36 21 för
729 1893 63 21 vissa
806 1893 126 22 kostnader
947 1894 36 21 för
998 1894 58 21 folk-

216 1920 155 26 bokföringen
381 1921 92 20 anvisas
483 1921 26 21 51
520 1922 42 20 000
572 1922 35 20 kr.

189 1955 9 15 5
216 1950 45 20 Till
276 1950 130 25 ersättning
419 1950 35 21 till
468 1951 87 20 Malmö
569 1952 51 20 stad
635 1951 36 20 för
685 1952 62 20 vissa
760 1952 127 21 kostnader
901 1953 36 21 för
951 1954 105 20 folkbok-

216 1979 109 26 föringen
334 1980 92 20 anvisas
436 1980 28 21 26
473 1980 41 20 000
525 1980 34 21 kr.

190 2015 9 14 6
217 2009 44 20 Till
275 2009 47 20 viss
334 2009 103 26 tillfällig
448 2010 108 24 personal
568 2010 38 20 vid
619 2011 194 25 länsstyrelserna
825 2018 30 14 m.
867 2018 30 15 m.
910 2013 93 20 anvisas

218 2039 63 20 1482
291 2039 42 20 000
343 2039 35 20 kr.

190 2074 9 14 7
217 2068 45 20 Till
271 2068 73 25 inköp
353 2074 28 14 av
390 2069 119 20 maskiner
518 2069 93 21 anvisas
622 2070 40 20 137
673 2070 41 21 000
724 2070 34 21 kr.

1200 163 99 30 Motioner
1355 164 80 29 Utskott
1519 180 3 4 S
1600 168 91 17 Protokoll

1076 187 25 20 År
1097 183 18 34 |
1124 191 52 21 Prop.
1484 180 56 40 FER

1206 221 30 17 FK
1240 212 23 36 |
1272 222 31 16 AK
1325 220 85 19 |SmllAvd]|
1435 222 25 16 Nr
1581 222 29 16 FK
1679 222 32 16 AK

1078 291 31 22 541
1126 294 35 20 1:9
1256 289 8 35 hl
1285 306 26 2 o—b
1350 294 13 20 6
1385 306 25 3 —
1456 295 11 19 71
1521 295 101 20 7114:17
1651 295 34 20 |14:
1700 299 23 15 32

1140 328 22 15 20
1449 329 20 15 13

1079 351 93 22 541182:
1219 365 26 3 —I
1285 366 26 2 =
1350 354 13 20 r6
1385 354 82 20 lo
1522 354 63 20 7114:
1602 359 20 15 17
1651 354 34 20 |14:
1700 359 23 15 32

1449 388 20 16 13

1079 410 30 22 541
1126 413 36 20 1:9
1220 425 25 2 —)
1285 425 26 2 —1
1350 414 13 19 61
1415 408 8 34 hb
1456 414 11 20 07
1522 414 63 20 7114:
1602 418 20 16 17
1651 414 34 20 |14:
1700 419 23 15 32

1140 447 23 15 2
1437 448 32 15 194

1079 470 30 21 541
1126 473 36 19 1:9
1219 473 144 19 s-laRl6l
1456 474 11 19 507
1522 473 63 21 7114:
1602 478 20 15 17
1651 473 34 21 |14:
1701 478 22 16 32

1141 507 21 15 23
1449 508 21 15 14

1079 559 29 21 55l
1145 562 26 19 511)
1219 574 26 2 —I
1285 574 25 2 —LI
1350 563 13 19 6)
1385 574 26 3 —|
1441 563 93 20 421124]
1565 563 20 20 8:
1601 568 9 15 4
1665 563 20 20 8:
1702 568 21 15 17

1079 799 30 21 55l
1146 800 28 21 691
1220 812 26 3 —I
1285 813 25 2 —L
1351 801 12 20 9)
1398 802 12 19 al
1456 802 130 20 -811271-8:
1601 806 21 15 67
1628 795 28 36 |
1665 802 21 20 9:
1701 805 23 16 42

1079 858 30 22 551
1126 860 36 20 1:9
1220 872 25 3 —
1285 872 26 3 —I
1351 861 13 20 6
1386 873 26 2 —
1457 862 11 19 71
1522 862 64 20 7112:
1601 866 22 15 57
1652 861 72 20 112:100

1142 894 21 15 18
1450 896 20 15 18

1080 917 29 22 551
1127 920 35 19 1:9
1220 932 26 2 —I
1286 932 25 2 —I
1351 920 13 20 6
1386 932 25 3 —
1457 921 11 19 "71
1522 921 64 20 7112:
1601 925 22 16 57
1652 921 72 19 112:100

1142 953 21 16 19
1450 955 21 15 18

1080 977 29 21 551
1127 979 36 20 1:9
1220 991 26 2 —|
1286 991 25 2 —-I
1351 980 60 19 6—
1457 980 11 20 7
1523 981 63 19 7112:
1602 985 21 15 57
1652 980 72 20 |12:100

1141 1013 22 15 20
1450 1014 21 16 18

1080 1036 29 21 551
1128 1038 35 20 1:9
1220 1050 26 2 —I
1286 1050 25 2 —I]
1351 1039 13 19 6
1386 1051 26 2 —-
1457 1040 12 18 7
1523 1040 63 19 7112:
1602 1044 21 15 57
1652 1039 72 20 |12:100

1142 1072 20 15 21
1450 1073 21 15 19

1080 1124 30 22 56
1150 1138 26 3 —1
1220 1127 90 20 —J2851
1351 1127 13 20 9)
1400 1128 8 19 11
1457 1128 13 20 91
1511 1128 75 20 —1'8:
1602 1132 22 15 30
1631 1120 24 36 |
1666 1127 20 20 8:
1702 1131 22 16 45

1080 1154 30 21 561
1128 1156 35 20 1:9
1221 1168 25 2 —I
1286 1169 26 2 —|
1351 1157 13 20 6
1387 1169 25 3 —
1458 1158 11 19 7
1524 1158 99 19 71'9:'66"
1644 1152 14 35 IF
1666 1157 21 20 9:
1703 1161 20 15 91

1142 1190 22 15 19
1461 1191 10 16 8

1080 1213 30 22 561
1127 1215 36 20 1:9
1221 1227 25 3 —I
1286 1228 26 2 —I
1351 1216 13 20 6
1387 1229 26 2 —-
1458 1217 11 19 7
1524 1217 99 20 719::86
1629 1211 27 35 "1
1666 1216 21 20 9:
1703 1220 21 16 91

1142 1249 22 16 20
1461 1251 10 15 8

1080 1272 30 22 561
1127 1275 36 20 1:9
1221 1287 26 2 —I
1286 1287 26 3 —I
1351 1276 13 19 6
1387 1288 25 2 —
1458 1276 11 20 71
1524 1277 11 19 71
1567 1276 57 20 9:66
1633 1270 23 36 |
1667 1275 20 21 9;
1703 1280 20 15 91

1142 1309 20 15 21
1461 1311 10 15 8

1080 1332 30 21 561
1127 1334 36 20 1:9
1221 1346 25 2 —|
1287 1347 25 2 —-I
1352 1335 61 20 6—
1459 1336 10 19 7
1524 1336 11 20 71
1567 1336 20 20 9:
1603 1340 21 15 66
1632 1331 27 34 |
1667 1335 20 20 9:
1703 1339 20 15 91

1142 1368 22 16 22
1462 1370 10 15 :

1080 1392 30 21 56)
1150 1405 26 3 —I
1221 1394 89 21 —lI592]
1352 1394 13 20 9
1399 1395 12 20 3
1444 1395 26 20 121]
1512 1395 75 20 —HH4:
1602 1399 22 16 37
1654 1394 34 20 14:
1704 1398 21 16 53

1080 1510 30 22 56|
1151 1524 26 2 —I
1221 1513 88 20 —J181].
1352 1513 13 20 9)
1400 1514 12 20 3)
1445 1514 26 20 14]
1512 1514 113 20 —M15:144
1654 1513 72 20 |15:196

1081 1569 29 22 57
1147 1572 26 19 31
1221 1583 26 3 —I
1287 1584 25 2 —I
1353 1573 12 19 9
1400 1573 12 20 3
1460 1573 9 19 TT:
1508 1573 28 20 OCT
1604 1577 19 15 AE
1668 1573 20 19 RN
1704 1577 21 15 Sh

1081 1629 29 21 571
1128 1631 36 20 1:9
1222 1643 25 2 —|
1287 1644 26 2 —I
1352 1632 13 20 61
1388 1644 25 3 —
1459 1632 11 20 7
1524 1633 11 19 71
1567 1633 58 20 9:70
1632 1628 27 34 |
1668 1632 58 20 9:106

1144 1665 20 15 17
1451 1666 21 15 12

1081 1688 29 22 571
1129 1690 35 20 1:9
1222 1702 25 3 —I
1287 1703 26 2 —]
1352 1691 13 20 61
1388 1704 25 2 =
1458 1692 11 19 7
1524 1692 11 20 71
1567 1692 58 20 9:70
1633 1686 27 35 |
1668 1691 58 20 9:106

1144 1724 21 16 18
1451 1726 21 15 12

1082 1897 29 21 571
1129 1899 35 20 1:9
1222 1911 26 3 —I
1288 1911 25 3 —I
1352 1900 14 20 6
1388 1912 26 2 —
1459 1900 11 20 7
1525 1901 10 19 71
1567 1900 21 20 9:
1604 1904 22 15 70
1635 1895 22 34 |
1668 1899 58 20 9:106

1145 1933 20 15 19
1452 1934 20 16 13

1082 1956 30 21 571
1129 1958 36 20 1:9
1222 1971 26 2 —I
1288 1971 25 2 —|]
1353 1959 13 20 6
1388 1971 25 2 —
1459 1960 11 19 7
1525 1960 11 19 71
1567 1959 21 20 9:
1604 1963 21 16 70
1635 1954 22 34 |
1669 1958 58 20 9:106

1143 1992 23 16 20
1452 1993 20 16 13

1082 2015 29 22 57)
1129 2018 36 20 1:9
1223 2030 25 2 —I
1288 2030 26 2 —I
1353 2018 13 20 6
1388 2030 26 3 —
1459 2019 11 19 7
1525 2019 11 19 71
1568 2019 20 19 9:
1604 2023 22 15 70
1632 2012 27 35 |
1669 2017 58 20 9:108

1144 2051 20 16 21
1452 2052 20 16 13

1082 2074 30 22 571
1129 2077 36 20 1:9
1223 2089 26 2 —I
1288 2089 26 2 —I
1353 2077 13 20 6
1388 2089 26 3 —
1459 2078 12 20 71
1525 2078 11 20 71
1568 2078 58 20 9:70
1634 2072 27 35 |
1669 2076 58 20 9:106

1144 2111 22 15 22
1452 2112 21 15 14
