1864 2363
156 151 40 21 492
852 153 223 17 SÄKREGISTER

175 445 122 21 Folkskolor
311 451 27 14 m.
354 451 27 15 m.
847 452 2 2 4

162 477 25 18 22
202 475 41 20 RD
263 475 101 24 besluter,
384 477 35 18 att
437 475 134 27 statsbidrag
589 475 34 20 till
641 475 142 21 anordnande
801 481 28 15 av
848 476 56 26 slöjd
923 476 7 19 i
949 476 65 26 högre

216 505 106 20 folkskola
338 505 54 20 skall
409 505 68 20 under
492 505 130 27 budgetåret
639 505 124 26 1933/1934,
780 505 73 21 därest
868 505 146 27 skolöversty-

215 535 68 20 relsen
297 535 53 24 icke,
365 535 27 20 då
405 535 105 20 särskilda
524 535 186 26 omständigheter
722 535 72 20 därtill
807 535 74 20 kunna
894 536 118 23 föranleda,

215 565 111 27 medgiver
341 565 120 26 undantag,
478 565 52 26 utgå
546 565 78 20 endast
639 565 6 20 i
660 565 57 20 vissa
734 565 43 24 fall;
794 565 40 20 och
850 565 102 27 uppföres
967 566 45 19 ord.

216 594 190 27 förslagsanslaget
419 595 33 20 till
466 595 141 20 anordnande
621 601 28 14 av
663 595 55 26 slöjd
733 595 6 20 i
754 595 65 26 högre
833 595 118 20 folkskolor
964 596 50 20 med

215 625 128 20 oförändrat
354 625 86 26 belopp,
451 624 28 21 80
487 624 41 21 000
538 625 32 20 kr.

162 686 25 18 23
202 684 42 20 RD
262 684 118 27 medgiver,
399 685 34 19 att
450 684 146 27 tjänstgöring
610 684 38 21 vid
662 686 84 19 statens
761 685 233 20 småskoleseminarier
1007 685 7 20 i

216 714 75 24 Skara,
306 714 143 20 Landskrona
463 714 40 20 och
518 714 131 21 Härnösand
663 715 36 19 må
713 715 34 20 för
761 714 161 27 övningslärare
935 714 38 21 vid
988 715 26 20 de

216 744 69 20 under
296 744 131 26 avveckling
439 744 89 20 stående
541 744 259 21 folkskoleseminarierna
813 744 7 20 i
833 745 95 20 nämnda
941 744 73 21 städer

216 774 6 20 i
235 774 108 20 avseende
355 774 12 20 å
381 774 139 20 beräknande
533 780 28 14 av
574 774 206 26 pensionsunderlag
793 780 29 14 m.
835 780 29 14 m.
878 774 79 21 räknas
970 774 44 21 lika

215 804 49 20 med
287 804 147 26 tjänstgöring
455 804 37 20 vid
514 804 253 24 folkskoleseminarium;
790 804 39 20 och
852 804 97 20 minskar
970 804 43 20 RD

216 834 41 20 den
271 834 7 19 i
293 834 37 20 det
344 834 45 20 ord.
405 834 243 26 reservationsanslaget
661 834 33 20 till
708 834 260 20 folkskoleseminarierna
982 834 32 20 in-

215 864 83 26 gående
321 864 171 26 anslagsposten:
517 864 268 20 Folkskoleseminarierna
809 864 50 20 med
881 864 77 20 80000
980 864 32 20 kr.

215 894 33 19 till
260 893 59 21 1560
326 893 41 20 000
377 893 40 24 kr.;
431 894 41 20 och
482 894 95 20 besluter
587 894 42 20 RD
640 895 35 19 att
685 894 42 20 den
737 894 7 19 i
754 894 96 20 nämnda
860 894 154 20 reservations-

215 923 75 27 anslag
304 923 105 27 ingående
423 923 105 21 särskilda
542 925 77 25 posten
633 923 33 21 till
680 924 96 20 arvoden
790 924 23 20 åt
827 924 187 20 seminarieläkare

216 953 54 20 skall
282 953 96 20 minskas
390 953 50 20 med
452 953 12 21 8
473 953 41 20 000
525 953 33 20 kr.
570 954 33 19 till
615 953 74 20 21000
700 953 40 24 kr.;
756 953 41 21 och
808 953 97 21 minskar
917 953 42 21 RD
972 953 41 21 den

215 983 7 20 i
233 983 38 20 det
282 983 45 20 ord.
339 983 245 27 reservationsanslaget
593 983 34 20 till
638 983 260 21 folkskoleseminarierna
908 983 106 27 ingående

215 1013 172 26 anslagsposten:
403 1013 122 26 Stipendier
538 1013 33 20 för
585 1013 70 20 elever
668 1013 37 20 vid
720 1013 231 20 folkskoleseminarier
964 1013 49 20 med

215 1043 27 19 53
251 1042 41 20 000
308 1043 32 19 kr.
357 1043 34 19 till
409 1042 38 20 105
456 1042 41 20 000
512 1043 40 23 kr.;
570 1043 39 19 och
626 1043 97 19 minskar
739 1043 43 20 RD
799 1043 38 20 det
853 1049 160 20 gemensamma

216 1072 45 20 ord.
277 1072 244 26 reservationsanslaget
536 1072 32 20 till
584 1072 260 20 folkskoleseminarierna
859 1072 50 20 med
926 1072 38 21 133
973 1072 41 20 000

215 1102 32 19 kr.
259 1102 33 19 till
304 1101 59 21 1665
372 1101 41 20 000
423 1102 40 23 kr.;
478 1102 40 20 och
529 1102 87 20 anvisar
627 1102 42 20 RD
680 1102 34 20 till
724 1102 141 20 anordnande
876 1108 28 14 av
915 1102 99 20 student-

215 1131 75 20 kurser
314 1132 40 20 och
379 1132 238 26 parallellavdelningar
640 1132 38 19 vid
701 1131 58 21 vissa
783 1132 231 20 folkskoleseminarier

215 1167 29 14 m.
258 1167 29 14 m.
302 1163 33 18 ett
349 1163 61 18 extra
424 1161 75 26 anslag
512 1167 28 14 av
554 1161 26 20 52
589 1161 41 20 000
643 1161 32 20 kr.
690 1161 34 26 (r);
739 1161 40 21 och
793 1162 53 20 ökar
860 1162 42 20 RD
917 1162 37 20 det
968 1162 45 20 ord.

215 1191 244 26 reservationsanslaget
475 1191 33 20 till
524 1192 84 19 statens
624 1191 233 20 småskoleseminarier
872 1192 50 20 med
938 1191 27 21 54
974 1191 40 21 600

214 1221 32 20 kr.
258 1221 33 20 till
302 1221 41 20 223
352 1221 41 20 600
403 1221 40 23 kr.;
455 1221 40 20 och
506 1221 106 20 utesluter
622 1221 43 20 RD
677 1221 37 20 det
725 1221 45 20 ord.
782 1221 189 26 förslagsanslaget
981 1221 33 21 till

215 1251 119 20 understöd
353 1251 23 20 åt
394 1251 233 20 småskoleseminarier
644 1251 13 20 å
675 1251 40 20 240
724 1250 41 21 000
783 1251 39 23 kr.;
842 1251 39 20 och
900 1251 53 20 ökar
971 1251 42 21 RD

215 1280 38 20 det
270 1281 45 19 ord.
333 1280 244 27 reservationsanslaget
592 1281 34 20 till
643 1280 118 27 stipendier
777 1281 24 20 åt
817 1281 71 20 elever
904 1281 37 20 vid
958 1281 56 20 små-

215 1310 186 20 skoleseminarier
415 1310 51 20 med
483 1310 25 20 17
517 1310 40 21 625
573 1311 32 19 kr.
621 1310 33 20 till
670 1310 27 20 33
705 1310 42 20 000
762 1311 40 23 kr.;
819 1311 40 20 och
876 1311 79 26 uppför
970 1311 43 20 RD

215 1340 69 20 under
302 1340 110 20 rubriken:
432 1340 145 27 ålderstillägg
596 1341 24 19 åt
638 1340 69 20 lärare
725 1340 37 20 vid
781 1340 233 21 småskoleseminarier

215 1371 33 19 ett
261 1370 45 20 ord.
320 1370 76 26 anslag
408 1370 13 20 å
434 1370 27 20 30
469 1369 41 21 000
523 1370 32 20 kr.
569 1370 33 26 (f);
616 1370 40 20 och
669 1370 88 20 anvisar
770 1370 42 20 RD
826 1370 33 20 till
872 1370 142 26 hyresersätt-

215 1400 52 26 ning
279 1400 24 20 åt
315 1400 125 20 rektorerna
454 1400 37 20 vid
504 1400 57 20 vissa
574 1400 233 20 småskoleseminarier
819 1401 33 19 ett
865 1402 61 18 extra
940 1401 74 26 anslag

215 1436 28 13 av
253 1430 13 19 4
275 1429 41 21 000
326 1430 32 19 kr.

162 1491 24 17 24
201 1489 42 20 AK
260 1489 72 20 avslår
348 1489 84 20 motion
450 1495 35 14 om
502 1489 67 20 sådan
586 1489 92 26 ändring
695 1489 6 20 i
719 1489 245 27 undervisningsplanen
981 1490 33 20 för

215 1519 67 20 rikets
306 1519 125 24 folkskolor,
455 1520 35 19 att
513 1519 60 20 tiden
597 1519 34 20 för
653 1519 330 27 kristendomsundervisningen
1007 1520 6 20 i

215 1549 42 20 den
273 1549 107 26 egentliga
395 1549 133 20 folkskolans
544 1549 100 26 samtliga
659 1549 82 20 klasser
756 1549 70 20 måtte
841 1550 124 19 utsträckas
980 1549 34 21 till

214 1578 68 20 minst
296 1578 13 20 3
323 1579 89 20 timmar
426 1578 6 20 i
446 1579 84 20 veckan
544 1580 58 19 samt
616 1580 34 19 att
664 1579 111 20 föreskrift
788 1579 66 26 gives,
869 1580 35 19 att
918 1579 7 20 i
938 1579 75 20 veder-

215 1608 69 26 börlig
303 1608 92 26 ordning
413 1608 102 26 godkänd
534 1608 90 20 lärobok
643 1608 55 20 skall
716 1609 114 20 användas
848 1609 38 20 vid
905 1615 109 14 samman-

215 1638 123 26 fattningen
353 1644 28 14 av
395 1638 41 20 den
449 1638 84 20 kristna
547 1640 55 18 tros-
615 1638 40 20 och
669 1638 196 26 livsåskådningen.

162 1699 24 18 25
201 1697 43 20 RD
264 1697 117 27 medgiver,
402 1699 34 19 att
455 1698 46 20 ord.
521 1697 218 21 folkskollärarinnan
758 1698 72 20 Märta
850 1698 98 20 Kristina
968 1699 45 26 Ny-

215 1729 68 18 ström
298 1728 40 19 och
353 1727 45 20 "ord.
413 1727 219 21 småskollärarinnan
647 1728 80 20 Hanna
741 1728 69 20 Maria
824 1728 99 20 Kristina
937 1728 76 20 Nilson

215 1757 36 20 mÅ
266 1757 71 20 såsom
352 1757 116 26 tjänstetid
482 1757 34 20 för
530 1757 152 27 uppflyttning
696 1758 7 19 i
717 1758 66 26 högre
797 1758 102 26 lönegrad
913 1758 100 26 tillgodo-

215 1789 68 18 räkna
301 1787 41 20 den
360 1787 32 20 tid
410 1788 78 19 utöver
504 1788 33 19 tre
554 1787 30 23 år,
602 1787 109 20 varunder
728 1787 27 20 de
770 1787 130 27 tjänstgjort
916 1788 38 20 vid
971 1788 41 20 den

215 1823 29 14 av
269 1817 113 20 Bolinders
406 1817 127 20 mekaniska
558 1817 115 20 verkstads
698 1817 125 26 aktiebolag
848 1818 164 26 upprätthållna

215 1846 76 21 skolan
307 1846 6 20 i
328 1847 102 20 Kallhäll.

162 1908 24 17 26
201 1906 43 20 RD
254 1906 107 20 förklarar
370 1906 32 26 sig
411 1906 47 20 icke
468 1906 57 20 hava
536 1906 66 26 något
612 1907 34 19 att
656 1906 69 20 erinra
736 1908 59 18 emot
804 1908 35 19 att
848 1907 34 20 för
892 1907 121 20 beredande

215 1942 28 13 av
254 1936 70 20 ökade
333 1936 137 26 möjligheter
480 1937 35 18 att
524 1936 89 26 indraga
623 1936 151 26 lärartjänster
783 1936 38 20 vid
830 1936 183 21 folkskoleväsen-

216 1965 37 20 det
262 1965 135 20 föreskrifter
406 1965 99 20 utfärdas
515 1965 6 20 i
531 1966 145 26 huvudsaklig
686 1966 215 20 överensstämmelse
910 1966 50 20 med
969 1966 44 20 vad

215 1995 7 20 i
246 1995 241 26 statsrådsprotokollet
511 1997 52 18 över
586 1995 232 21 ecklesiastikärenden
843 1996 41 20 den
908 1996 27 20 24
959 1996 53 20 febr.

217 2024 53 21 1933
281 2025 102 26 angivits,
396 2025 55 20 dock
462 2025 50 20 med
524 2025 142 26 iakttagande
677 2031 28 14 av
717 2025 41 20 den
770 2025 92 27 ändring
873 2025 140 24 härutinnan,

216 2060 46 14 som
277 2055 110 19 utskottet
400 2054 105 21 förordat.

1309 230 97 17 Utskotts-

1477 231 56 16 Riks-

1093 253 55 34 Kungl.
1203 279 3 3 3
1297 253 118 33 utlåtanden,
1457 253 83 33 dagens
1601 245 115 41 Kamrarnas

1096 287 53 18 Maj:ts]
1161 279 93 17 Motioner
1280 290 153 17 Häemorlalstller
1480 276 46 35 slöd-
1589 279 140 20 förhandlingar

1041 311 26 20 År
1096 320 50 15 [prop:r
1291 320 132 17 betänkanden
1465 316 69 31 velser
1615 309 87 20 (örotar)

1104 347 36 14 eller

1095 377 55 14 skriv]
1163 387 34 16 pk
1214 387 36 17 JAK
1261 372 26 45 EE
1312 381 17 43 z
1353 387 90 16 Nummer|
1459 386 92 17 Nummer
1580 375 60 40 en
1664 371 63 48 Syren

1271 414 16 12 &
1639 411 4 5 ;
1740 411 4 4 eg

1031 476 54 20 19381
1103 476 39 20 1:8]
1171 488 27 3 —|
1224 488 28 3 —]
1279 477 12 20 61
1321 476 53 21 11.8
1388 477 59 19 s.168]
1482 476 13 20 8
1509 476 86 20 s.97125:
1607 478 38 18 113
1663 476 33 21 128:
1709 478 37 18 109

1092 506 57 21 pt195]

1032 685 53 20 1933)
1103 686 39 19 1631
1171 698 27 2 —1|
1225 698 27 2 —I1
1279 686 13 20 61
1322 686 9 20 11
1362 685 27 20 40
1458 685 37 21 139
1562 685 33 21 126:
1607 687 24 18 73
1642 685 54 21 dl29:
1707 687 24 18 92
1742 686 14 20 dj

1032 1489 53 20 1933]
1109 1501 28 3 —
1136 1485 31 34 |
1170 1501 28 3 —
1217 1489 74 21 140413)
1322 1490 9 20 1]
1376 1490 12 20 5
1502 1488 18 32 er
1597 1501 28 3 —
1662 1489 34 20 137:
1707 1491 25 17 43
1742 1488 14 21 d

1031 1698 53 20 1933]
1108 1698 27 20 69
1143 1694 27 34 |
1170 1710 28 3 —|
1224 1710 27 3 —I1I
1279 1698 12 20 61
1322 1699 66 20 11-67
1457 1698 38 20 195
1562 1698 33 20 33:
1606 1700 25 17 30
1663 1697 33 21 136:
1707 1699 25 18 20

1031 1907 53 20 1933]
1103 1907 38 20 154
1142 1902 19 35 |
1163 1907 41 20 2621
1217 1906 40 21 447]
1279 1907 12 20 6
1291 1902 19 35 |
1322 1907 9 20 11
1362 1907 27 20 68
1448 1903 48 34 [223
1563 1907 33 20 33:
1607 1909 25 17 30
1643 1906 54 21 d/36:
1709 1908 24 18 20
1744 1906 13 20 di

1163 1937 40 20 2751
1217 1937 40 20 453
1362 1937 27 20 80
1563 1936 34 21 36:
1608 1938 25 17 44
1643 1936 55 21 d/39:
1710 1938 37 17 112

1163 1967 40 20 278)
1217 1966 40 21 454;
