1851 2363
172 145 42 34 218
905 154 136 15 SAKREGISTER

1061 247 23 145 1ys3epsNIA

1119 294 18 105 198[9ALIYS
1119 234 17 48 Io]j9

1139 365 17 53 ”doad
1134 294 31 63 sy:flen
1138 236 22 45 Bun
1138 200 32 6 |

1177 271 95 17 Motioner

1324 271 112 17 utlåtanden

1336 241 94 18 Utskotts-

1299 301 47 17 eller
1359 301 99 17 memorial

1502 223 54 17 Riks-

1492 253 73 22 dagens

1508 283 46 17 skri-

1499 313 63 18 velser

1622 253 118 18 Kamrarnas

1608 283 145 22 förhandlingar

1182 379 33 17 FK

1233 379 35 17 AK

1335 355 94 46 FR

1334 397 66 19 RS

1449 369 17 45 BpIs

1502 379 17 27 IN

1550 369 17 45 BPIS

1596 367 67 17 Första
1669 363 20 31 |
1697 367 66 18 Andra

1592 391 71 17 kamm.
1661 387 28 31 |
1694 392 70 17 kamm.

192 433 166 27 Avsöndringar
372 440 27 14 m.
415 440 26 14 m.

235 464 54 26 skap
313 463 118 21 bibehålles
450 463 37 20 vid
503 464 33 19 sin
552 465 41 18 rätt
609 464 37 23 att,
663 463 89 27 jämlikt
767 463 73 26 kungl.
858 463 72 20 brevet
945 463 41 20 den
1003 462 27 21 30

236 494 44 26 maj
310 493 63 25 1879,
400 493 58 21 hålla
481 494 47 19 sina
550 493 194 20 sammankomster
766 493 8 20 i
796 493 235 26 läroverksbyggnaden

235 523 69 21 under
327 524 92 20 ferierna
438 523 51 20 eller
504 523 27 20 då
547 523 181 26 undervisningen
743 523 37 20 vid
796 523 118 20 läroverket
929 523 20 26 ej
966 523 65 20 därav

235 555 72 19 störes.

206 619 63 20 Inom
285 618 128 22 Jämtlands
427 619 45 20 län:

177 654 25 16 76
221 650 38 19 RD
283 649 115 26 medgiver,
415 650 31 19 att
462 650 30 19 ett
508 649 75 26 utbyte
599 655 26 14 av
641 649 124 25 fastigheter
781 649 36 19 må
832 650 39 24 äga
886 655 48 14 rum
950 648 81 20 mellan

236 679 88 25 kronan,
349 680 12 19 å
385 686 46 17 ena,
448 681 56 18 samt
520 679 187 25 lägenhetsägaren
722 679 19 20 J.
758 678 137 25 Mikaelsson,
912 678 118 26 Lillängen,

236 705 126 29 Östersund,
386 710 13 19 å
417 709 67 20 andra
502 708 68 25 sidan,
590 708 99 21 sålunda:
707 710 31 19 att
754 708 81 21 kronan
851 708 34 20 till
901 708 130 21 Mikaelsson

236 739 104 20 överlåter
363 739 26 20 de
412 739 48 20 från
479 739 81 20 kronan
580 738 96 26 tillhörig
694 738 61 21 mark
771 738 68 20 under
855 738 106 21 Odensala
977 745 25 13 nr
1018 738 12 20 5

236 769 40 20 och
302 769 10 20 7
338 770 7 19 i
369 765 128 24 Östersunds
517 768 47 21 stad
580 768 129 27 avstyckade
725 768 150 26 lägenheterna
891 768 139 26 Mikaelstorp

236 806 25 13 nr
279 798 18 25 1,
315 799 19 25 2,
352 799 12 20 3
381 799 40 20 och
437 799 23 25 4;
477 800 30 19 att
524 798 130 21 Mikaelsson
670 798 33 20 till
719 798 81 20 kronan
817 798 103 21 överlåter
931 798 40 20 den
983 798 46 20 från

236 829 80 20 honom
341 829 96 26 tillhörig
459 829 61 20 mark
536 828 68 21 under
620 828 106 21 Odensala
742 835 25 13 nr
783 828 12 20 5
812 829 7 19 i
836 835 83 14 samma
934 828 48 20 stad
997 835 33 14 av-

236 859 102 27 styckade
361 859 127 26 lägenheten
512 859 136 27 Skjutbanan
670 865 26 13 nr
721 858 22 25 1;
764 860 31 19 att
811 858 129 21 Mikaelsson
956 865 74 14 ensam

235 889 120 20 vidkännes
370 889 59 20 såväl
445 889 43 20 alla
498 889 87 25 utgifter
600 889 33 19 för
643 888 99 26 samtliga
753 888 132 26 lägenheters
896 888 135 27 avskiljande

235 925 77 20 genom
334 919 141 26 avstyckning
498 919 47 20 från
569 918 145 26 vederbörliga
733 919 181 25 stamfastigheter
929 924 46 15 som
991 918 39 21 ock

235 949 233 26 lagfartskostnaderna
491 949 33 20 för
547 948 26 20 de
597 949 80 20 honom
696 955 77 19 genom
791 949 59 26 bytet
865 948 165 20 tillkommande

236 979 160 26 lägenheterna;
414 980 56 19 samt
485 980 31 19 att
532 978 26 20 de
573 979 7 19 i
597 979 60 26 bytet
671 978 104 26 ingående
786 978 152 26 fastigheterna
948 979 13 19 å
971 980 59 18 ömse

235 1008 58 21 sidor
309 1009 83 20 lämnas
408 1009 40 20 fria
464 1008 48 21 från
527 1008 138 26 gravationer.

204 1068 63 20 Inom
291 1067 156 21 Västerbottens
462 1067 45 21 län:

176 1102 25 16 77
219 1097 38 21 RD
272 1097 124 26 godkänner
410 1098 8 20 i
434 1097 234 26 statsrådsprotokollet
678 1099 49 18 över
738 1097 292 20 kommunikationsärenden

235 1127 42 20 den
294 1127 13 20 8
322 1127 53 21 febr.
397 1127 56 20 1929
473 1127 125 20 omförmält
616 1127 57 20 avtal
689 1133 46 19 ang.
752 1127 128 26 försäljning
895 1133 26 14 av
936 1127 44 20 viss
996 1126 35 21 del

235 1164 26 13 av
277 1157 41 20 den
334 1157 68 21 under
412 1156 239 27 vattenfallsstyrelsens
661 1157 131 26 förvaltning
803 1156 87 21 stående
901 1157 128 26 fastigheten

235 1187 82 20 Sörfors
334 1187 24 20 45
374 1188 7 19 i
397 1187 68 20 Umeå
481 1187 85 20 socken.

176 1251 24 16 78
218 1247 38 20 RD
275 1247 115 26 medgiver,
410 1248 32 19 att
460 1253 26 13 av
502 1246 41 21 den
559 1246 33 20 till
609 1246 103 27 kyrkstad
728 1245 36 21 vid
780 1247 129 19 Ammarnäs
925 1246 7 20 i
948 1246 82 20 Sorsele

233 1277 78 20 socken
330 1276 37 21 vid
383 1277 142 25 avvittringen
541 1277 83 19 avsatta
640 1276 60 20 mark
717 1278 30 18 ett
762 1275 87 21 område
865 1275 50 21 med
931 1282 26 14 en
973 1276 56 20 areal

234 1313 26 14 av
283 1307 100 25 omkring
406 1306 48 21 0.65
479 1306 75 20 hektar
577 1306 84 25 beläget
684 1305 61 21 söder
767 1312 35 14 om
826 1305 42 21 den
889 1307 65 24 gröna
969 1305 60 27 linje,

233 1343 45 14 som
302 1336 68 20 finnes
393 1336 125 26 uppdragen
534 1337 12 19 å
562 1343 26 13 en
612 1336 22 20 år
659 1335 56 21 1927
733 1342 25 13 av
774 1338 15 18 t.
805 1336 15 19 f.
837 1335 192 21 överlantmätaren

234 1366 24 20 G.
276 1366 94 26 Tillgren
386 1366 115 26 upprättad
514 1366 61 20 karta
586 1367 49 19 över
646 1366 128 19 Ammarnäs
785 1365 118 27 kyrkplats,
915 1366 36 19 må
962 1365 68 21 under

233 1396 125 26 äganderätt
373 1396 127 26 avgiftsfritt
515 1395 104 21 överlåtas
635 1396 33 19 till
685 1395 82 21 Sorsele
778 1395 105 20 kommun
895 1395 68 20 under
975 1396 55 20 vissa

234 1426 92 26 angivna
341 1426 83 21 villkor.
1037 1422 2 26 |

203 1485 63 21 Inom
283 1485 130 21 Stockholms
428 1485 56 20 stad:

191 1520 8 15 1
218 1515 37 20 RD
279 1515 114 26 medgiver,
417 1517 32 18 att
465 1515 34 20 till
516 1515 234 20 Stockholm—Rimbo
768 1515 157 26 järnvägs-a.-b.
942 1515 42 24 må,
1001 1516 28 25 på

233 1545 169 26 huvudsakligen
419 1545 26 20 de
461 1545 83 24 villkor,
559 1551 45 14 som
617 1545 91 25 angivits
719 1545 6 19 i
737 1544 232 26 statsrådsprotokollet
979 1546 50 19 över

233 1575 293 20 kommunikationsärenden
542 1574 42 20 den
601 1575 27 19 28
644 1574 52 20 febr.
715 1574 64 25 1930,
796 1581 25 13 av
837 1574 79 26 Kungl.
929 1574 98 27 Djurgår-

233 1604 52 21 dens
305 1605 60 20 mark
381 1605 99 26 upplåtas
496 1604 36 20 det
547 1605 13 19 å
576 1611 25 13 en
618 1604 7 20 i
641 1604 128 26 protokollet
785 1604 135 23 omförmäld,
937 1610 26 14 av
979 1604 48 20 ban-

232 1635 125 26 ingenjören
381 1635 37 26 Hj.
443 1634 94 20 Ekholm
557 1635 23 19 år
597 1633 56 21 1928
670 1634 115 26 upprättad
801 1634 61 20 karta
877 1634 92 26 angivna
985 1641 42 13 om-

232 1664 60 21 rådet
311 1671 34 13 om
362 1664 89 26 ungefär
469 1664 25 20 10
506 1664 41 20 100
563 1664 163 24 kvadratmeter,
743 1665 101 19 ävensom
860 1665 32 19 att
907 1664 33 20 till
957 1664 70 20 Stock-

232 1694 71 20 holms
326 1694 48 21 stad
397 1695 36 19 må
453 1701 26 13 av
495 1694 93 20 kronans
604 1694 67 24 mark,
688 1694 7 19 i
711 1693 41 21 den
769 1694 50 20 mån
835 1694 40 19 och
891 1694 33 19 för
939 1693 42 20 den
996 1694 31 20 tid

232 1724 126 20 densamma
373 1731 26 13 av
415 1724 75 21 staden
503 1723 108 21 användes
622 1724 33 19 för
665 1723 172 25 trafikändamål,
850 1726 50 18 utan
912 1724 116 25 ersättning

232 1754 106 27 upplåtas,
358 1754 45 20 dels
420 1754 26 20 de
462 1755 12 19 å
490 1761 26 13 en
532 1754 7 20 i
555 1753 65 27 sagda
635 1753 209 26 statsrådsprotokoll
860 1753 125 25 omnämnd,
1002 1761 26 13 av

232 1784 106 26 kaptenen
363 1784 24 20 G.
413 1784 23 20 E.
456 1784 78 26 Eggert
549 1783 115 27 upprättad
680 1783 62 20 karta
757 1784 92 25 angivna
864 1783 116 21 områdena
994 1784 34 20 för

232 1814 119 26 breddning
374 1821 26 13 av
422 1816 115 24 vägporten
560 1813 36 21 vid
618 1813 218 26 experimentalfältet
850 1814 68 26 jämte
933 1813 94 21 tillfarts-

231 1845 69 25 vägar,
320 1844 46 20 dels
384 1844 46 24 ock,
447 1844 7 20 i
470 1844 42 20 den
528 1843 130 26 omfattning
674 1843 61 20 KM:t
751 1845 75 24 prövar
842 1843 84 26 skäligt,
942 1843 26 20 de
984 1850 43 14 om-

230 1874 73 25 råden,
322 1880 46 14 som
388 1874 74 20 kunna
477 1873 105 21 erfordras
597 1873 33 20 för
646 1873 167 26 Roslagsvägens
829 1873 102 26 vidgning
945 1873 82 27 jämväl

230 1904 13 19 å
258 1904 72 25 övriga
346 1904 59 20 delar
420 1910 26 13 av
462 1903 48 21 dess
526 1903 123 26 sträckning
662 1903 79 20 mellan
753 1903 135 20 Stockholms
899 1903 59 20 stads
969 1903 57 26 plan-

230 1933 65 26 lagda
310 1933 87 21 område
413 1933 40 20 och
469 1933 41 20 den
526 1940 16 13 s.
559 1933 20 20 k.
597 1932 203 27 vetenskapsstaden
816 1933 36 20 vid
868 1933 100 20 Frescati.

172 1999 10 14 2
200 1993 38 20 RD
262 1993 123 26 godkänner
407 1993 8 20 i
438 1992 233 27 statsrådsprotokollet
697 1994 49 19 över
769 1992 256 21 kommunikationsären-

231 2023 41 20 den
295 2022 41 21 den
363 2022 27 20 28
409 2023 52 20 febr.
488 2022 56 20 1930
568 2022 144 20 omförmälda
734 2022 56 20 avtal
813 2029 26 14 av
863 2022 41 20 den
929 2022 26 20 13
972 2025 52 24 sept.

1045 464 56 20 1929

1043 1514 58 22 1930

232 2053 56 20 1929
303 2052 81 21 mellan
395 2052 93 21 kronans
499 2052 253 26 fastighetskommission
764 2058 26 14 av
801 2052 23 20 år
835 2051 63 25 1925,
911 2052 12 20 å
933 2052 93 21 kronans

1124 1097 28 20 80

1118 1247 40 20 145

1116 1515 41 20 176

1278 1097 32 23 10

1283 1246 27 20 10

1390 1098 25 20 17

1389 1247 26 20 31

1488 649 40 20 221

1504 1098 28 20 54

1491 1247 39 20 197

1482 1489 1 17 |

1482 1509 47 26 [145

1487 1991 40 21 146

1588 650 34 20 21:
1635 655 37 16 104]
1691 650 33 20 28:
1736 655 38 16 124

1598 1097 32 21 13:
1642 1103 24 15 55
1670 1093 18 34 |
1692 1097 32 20 16:
1737 1102 38 15 108

1589 1246 34 20 21:
1635 1245 45 26 103]
1691 1246 33 20 28:
1737 1251 38 15 110

1595 1516 33 19 24:
1640 1520 24 16 28
1669 1510 18 34 |
1690 1514 33 20 24:
1736 1520 35 14 111

1593 1992 33 19 24:
1638 1996 24 16 28
1663 1987 22 34 |
1688 1991 33 20 24:
1735 1996 34 16 111

1788 2327 63 25 ER
