1811 2335
765 64 223 34 SAKREGISTER
1637 72 38 19 271

1128 157 98 30 Motioner
1281 157 81 30 Utskott
1445 174 4 4 3.

1003 181 25 20 År
1025 177 20 32 |
1051 184 53 21 Prop.
1415 174 52 40 AR

1134 215 30 16 FK
1164 210 25 31 |
1198 215 32 16 AK
1252 214 85 18 |SmllAvd]
1362 216 26 16 Nr
1507 216 30 17 FK
1605 217 32 17 AK

1527 162 91 22 Protokoll

96 253 242 26 Fastighetsbildning

143 283 56 21 1948
215 283 40 24 (nr
267 283 39 25 96)
322 284 52 20 med
388 284 116 20 särskilda
516 284 175 20 bestämmelser
703 290 38 14 om
754 283 230 26 fastighetsbildning

141 313 65 20 inom
218 313 62 21 vissa
292 313 112 21 områden
416 320 28 14 av
455 314 52 20 stad
523 314 169 25 (ändringarna
704 320 54 14 avse
769 313 121 25 möjlighet
901 315 35 19 att
946 314 38 20 de-

142 343 76 25 legera
231 343 44 20 den
288 343 30 25 på
331 343 26 20 K.
371 343 45 21 M:t
428 349 32 14 nu
473 343 172 21 ankommande
657 343 215 21 beslutanderätten
885 344 7 20 i
905 343 79 26 frågor

142 373 45 20 rör.
204 373 305 25 fastighetsredovisningen
524 373 44 20 och
584 373 62 21 vissa
662 373 322 26 fastighetsbildningsfrågor

141 403 35 20 till
187 403 144 25 myndighet,
341 409 50 14 som
401 403 26 20 K.
437 403 46 20 M:t
491 403 162 24 bestämmer).

143 449 39 21 RD
195 450 143 23 hemställer,
352 451 34 19 att
398 450 7 20 i
419 450 88 20 motion
520 450 98 20 berörda
631 450 115 25 spörsmål
759 450 29 25 på
802 450 182 25 fastighetsbild-|
1005 452 30 22 58)
1075 466 27 3 —I
1145 455 90 21 —1l103]
1276 455 13 20 9)
1323 456 13 20 3l
1382 456 130 21 81139110:
1528 461 21 16 14
1577 457 35 21 |10:
1628 462 21 15 75

142 480 99 24 ningens
252 479 95 21 område
358 479 36 20 för
404 480 125 25 utredning
539 480 140 25 hänskjutes
689 480 35 20 till
737 480 56 20 1954
803 480 37 20 års
851 480 132 25 fastighets-

140 508 252 26 bildningskommitté.

142 539 27 19 Se
178 539 45 19 ock
232 539 225 24 Lantmäteriväsen,
465 539 161 20 Nämndemän
640 539 90 24 (1954).

96 590 321 22 FASTIGHETSBILDNING
428 592 10 19 I
449 592 82 23 STAD,
543 592 75 24 Lagen
630 598 47 18 om;
731 598 24 14 se
767 592 216 21 Lantmäteriväsen

145 620 80 24 (1951:
236 621 48 23 ar)!

96 673 267 25 FASTIGHETSBYTE;
382 681 24 14 se
415 674 178 26 Stämpelavgift
606 675 79 24 (1951:
697 675 33 24 2):

95 726 304 22 FASTIGHETSBÖCKER.

143 756 39 20 RD
196 756 63 26 giver
272 757 7 20 i
293 757 112 20 skrivelse
418 757 35 20 till
467 757 26 20 K.
506 757 46 21 M:t
565 757 77 21 såsom
655 758 37 20 sin
705 758 94 25 mening
811 758 116 21 tillkänna
939 759 44 20 vad|
1006 755 29 22 60)
1076 757 159 21 —12081262]
1276 758 13 20 9)
1323 758 13 20 31
1367 758 182 22 241264117:169
1578 759 72 21 |17:280

141 786 116 20 utskottet
267 786 80 21 anfört
357 787 7 19 i
375 787 46 20 anl.
432 793 28 14 av
471 787 114 20 motioner
595 793 38 14 om
644 788 142 25 anteckning
795 788 8 20 i
814 787 170 26 fastighetsbok

141 815 7 20 i
157 815 63 21 vissa
230 815 48 21 fall.

142 845 27 20 Se
182 845 44 20 ock
237 846 205 20 Häradsrätterna.

95 891 270 26 FASTIGHETSFOND,
379 892 196 23 FÖRSVARETS.

142 921 39 21 RD
195 922 137 25 godkänner
344 923 103 25 grunder
460 922 37 21 för
510 923 151 26 avskrivning
674 924 48 20 dels
735 930 29 14 av
777 924 143 25 fastigheter,
934 922 99 22 som|51|
1072 924 28 20 881
1146 936 26 2 —!I
1211 936 26 3 —I
1276 924 13 20 6
1312 937 25 2 —|
1367 925 144 21 611110113:
1527 930 21 15 55
1578 926 72 20 |13:165

140 951 99 25 tidigare
260 952 128 21 redovisats
408 952 13 20 å
441 953 127 20 försvarets
587 953 329 26 bostadsanskaffningsfond,
936 954 48 20 dels

140 981 45 20 ock
201 987 29 14 av
246 981 168 26 anläggningar
430 982 133 26 hänförliga
578 983 35 20 till
629 983 173 26 befästningars
818 983 106 24 delfond;
940 983 44 21 och

141 1010 137 25 godkänner
292 1011 40 20 RD
347 1012 47 20 stat
408 1011 37 21 för
459 1012 127 21 försvarets
601 1012 182 25 fastighetsfond
797 1013 37 20 för
847 1013 137 26 budgetåret

143 1040 91 21 1951/52
248 1042 61 19 samt
321 1041 94 20 anvisar
426 1041 35 20 till
473 1042 130 25 ersättning
614 1042 35 20 till
662 1042 127 21 försvarets
801 1042 182 26 fastighetsfond

141 1070 75 20 under
227 1070 93 20 arméns
331 1070 95 21 delfond
437 1071 28 20 20
475 1071 41 20 707
526 1071 42 21 000
580 1071 41 24 kr.,
632 1072 119 20 marinens
762 1072 95 21 delfond
869 1072 11 21 7
890 1072 41 21 587
941 1073 42 20 000

141 1099 42 24 kr.,
200 1099 148 26 flygvapnets
364 1100 95 20 delfond
477 1100 77 21 14072
564 1101 42 20 000
622 1101 34 21 kr.
673 1103 61 19 samt
749 1101 173 27 befästningars
938 1102 46 20 del-

142 1129 57 20 fond
211 1129 26 20 10
246 1129 42 21 625
298 1129 42 21 000
351 1130 35 20 kr.

115 1182 7 14 1
142 1176 39 21 RD
194 1177 124 25 medgiver,
330 1178 34 19 att
375 1177 51 21 de
410 1172 24 38 å
437 1177 100 24 arméns,
549 1178 126 24 marinens,
686 1178 147 26 flygvapnets
844 1179 43 20 och
898 1179 86 21 befäst-|
1006 1177 29 23 521
1052 1180 51 20 2:12]
1146 1192 26 2 —|
1211 1192 26 3 —I
1276 1180 13 20 6)
1312 1192 25 2 —|
1367 1180 28 21 251
1432 1181 27 20 371
1491 1181 20 20 6:
1526 1185 23 16 33
1557 1172 25 38 |
1592 1182 20 20 6:
1628 1187 22 15 59

141 1206 97 25 ningars
249 1206 121 21 delfonder
381 1213 28 14 av
420 1207 127 21 försvarets
558 1207 182 26 fastighetsfond
750 1209 121 25 upptagna
881 1209 103 25 anslags-

141 1237 111 24 posterna
267 1237 155 24 reparations-
435 1237 44 20 och
493 1237 264 21 underhållskostnader
771 1244 29 15 m.
815 1245 30 14 m.
859 1239 37 20 må
910 1239 74 20 under

140 1265 139 25 budgetåret
298 1266 91 21 1951/52
408 1267 147 20 överskridas
574 1267 52 20 med
644 1267 68 26 högst
730 1273 60 20 resp.
808 1268 13 20 3
824 1268 48 20 025
882 1268 42 21 000
942 1268 41 24 kr.,

143 1296 9 19 1
164 1295 42 21 050
216 1295 42 21 000
268 1296 42 23 kr.,
322 1296 62 20 1225
394 1296 42 21 000
446 1296 34 20 kr.
490 1297 44 20 och
545 1297 9 19 1
567 1297 41 20 700
618 1297 41 20 000
670 1297 34 21 kr.

113 1330 9 14 2
141 1324 40 21 RD
199 1325 136 25 godkänner
352 1327 47 19 stat
416 1325 36 21 för
470 1326 126 21 försvarets
614 1326 181 26 fastighetsfond
813 1329 61 19 samt
891 1328 93 20 anvisar|
1006 1327 30 21 52]
1072 1328 26 21 511
1146 1341 26 2 —I|
1211 1341 26 3 —I
1276 1330 13 19 6)
1312 1341 25 2 —|
1367 1329 144 21 601117112:
1526 1335 23 15 24
1578 1331 34 20 12:
1628 1336 22 15 40

141 1354 35 20 till
193 1355 131 25 ersättning
338 1355 35 20 till
390 1355 127 21 försvarets
533 1356 181 25 fastighetsfond
730 1357 35 20 till
780 1357 93 21 arméns
889 1358 94 20 delfond

141 1384 28 20 25
178 1384 42 20 357
231 1384 42 21 000
283 1385 42 23 kr.,
335 1385 35 20 till
381 1385 118 20 marinens
510 1385 94 21 delfond
615 1386 12 20 9
637 1386 41 20 170
688 1386 42 21 000
740 1386 42 24 kr.,
792 1387 34 20 till
837 1387 146 25 flygvapnets

141 1414 96 20 delfond
251 1414 27 20 15
287 1414 42 20 217
338 1414 42 21 000
394 1414 34 20 kr.
440 1416 62 19 samt
513 1415 35 20 till
560 1415 173 26 befästningars
745 1416 95 21 delfond
854 1417 26 20 13
890 1417 42 20 643
941 1417 42 20 000

141 1443 35 20 kr.

115 1496 6 14 1
142 1490 39 21 RD
194 1491 124 25 medgiver,
329 1492 35 20 att
374 1492 28 20 de
413 1491 13 21 å
437 1492 100 24 arméns,
549 1492 126 24 marinens,
686 1492 147 26 flygvapnets
844 1494 44 20 och
898 1493 85 21 befäst-|
1006 1493 29 22 53)
1052 1495 51 20 2:12]
1146 1507 26 3 —|
1211 1507 26 3 —LI
1276 1496 13 20 6
1311 1508 26 2 —|
1367 1496 28 20 241
1432 1496 28 21 451
1491 1496 20 21 6:
1527 1501 10 16 9
1592 1497 20 21 6:
1629 1502 21 15 13

141 1520 96 25 ningars
248 1520 122 21 delfonder
381 1527 28 14 av
420 1521 127 21 försvarets
558 1521 181 26 fastighetsfond
750 1524 120 24 upptagna
881 1524 103 25 anslags-

142 1551 110 24 posterna
267 1551 155 24 reparations-
435 1551 44 20 och
492 1551 265 21 underhållskostnader
770 1558 31 15 m.
814 1558 30 15 m.
858 1553 38 20 må
909 1553 75 20 under

140 1579 139 26 budgetåret
298 1580 91 21 1952/53
407 1580 148 21 överskridas
574 1581 52 20 med
644 1581 68 25 högst
730 1587 59 20 resp.
807 1582 65 21 2000
881 1582 42 21 000
942 1582 41 24 kr.,

142 1609 42 21 675
194 1609 41 21 000
247 1610 41 23 kr.,
298 1610 42 20 675
350 1610 41 20 000
402 1610 34 20 kr.
446 1611 43 19 och
499 1610 42 21 950
551 1610 42 21 000
603 1611 35 20 kr.

113 1644 10 14 2
142 1639 39 20 RD
192 1639 137 25 godkänner
339 1640 47 20 stat
396 1639 37 21 för
443 1640 127 20 försvarets
581 1640 182 25 fastighetsfond
774 1643 61 19 samt
845 1642 94 21 anvisar
948 1642 35 21 tilll
1005 1641 30 23 53]
1073 1644 28 20 76
1108 1635 27 36 |
1146 1656 26 3 —I
1211 1656 26 3 —JL
1276 1645 13 19 6)
1312 1656 26 3 —I
1367 1645 93 21 551133
1477 1645 34 21 113:
1527 1650 22 16 e8
1578 1646 34 20 |13:
1628 1650 21 16 86

141 1669 131 25 ersättning
295 1669 35 20 till
355 1669 127 21 försvarets
507 1670 181 25 fastighetsfond
712 1670 35 21 till
772 1671 92 21 arméns
889 1671 94 21 delfond

141 1698 27 21 32
179 1698 42 21 748
230 1698 42 21 000
286 1698 42 24 kr.,
342 1699 34 20 till
391 1699 119 20 marinens
524 1699 94 21 delfond
633 1700 78 20 11163
720 1700 42 21 000
776 1701 42 24 kr.,
830 1701 36 21 till
879 1701 104 26 flygvap-

140 1729 52 19 nets
216 1728 96 20 delfond
337 1728 78 21 17488
425 1729 41 20 000
491 1729 34 20 kr.
549 1730 61 20 samt
633 1730 35 20 till
691 1730 174 26 befästningars
888 1731 95 20 delfond

142 1758 26 20 15
177 1758 43 20 286
230 1758 42 20 000
283 1758 34 20 kr.

142 1805 39 20 RD
192 1805 136 25 godkänner
339 1806 47 20 stat
396 1806 37 20 för
443 1806 127 20 försvarets
581 1806 181 26 fastighetsfond
774 1809 61 19 samt
845 1808 93 20 anvisar
948 1808 35 20 tilll
1006 1808 30 22 54|
1072 1811 28 21 801
1146 1823 26 2 —lI
1211 1823 26 3 —I
1276 1811 13 20 6)
1311 1823 26 3 —!I
1367 1812 144 21 481139111:
1527 1817 22 15 99
1578 1812 34 21 |11:
1628 1817 21 16 76

141 1835 131 25 ersättning
289 1835 35 20 till
342 1835 128 21 försvarets
488 1835 181 26 fastighetsfond
687 1837 74 20 under
778 1837 93 21 arméns
889 1837 94 21 delfond

141 1864 27 20 33
179 1864 39 21 701
230 1864 42 21 000
292 1865 42 23 kr.,
353 1865 75 20 under
447 1865 119 21 marinens
585 1866 94 20 delfond
700 1866 26 20 10
736 1866 39 21 501
787 1867 42 20 000
848 1867 43 24 kr.,
910 1868 73 19 under

141 1894 149 25 flygvapnets
301 1894 95 20 delfond
409 1894 26 21 18
445 1894 43 21 004
497 1895 41 20 000
550 1895 35 20 kr.
596 1897 61 19 samt
668 1896 75 20 under
752 1896 174 26 befästningars
937 1897 46 20 del-

141 1923 57 21 fond
213 1924 26 20 15
248 1924 42 20 502
300 1924 42 20 000
355 1924 35 20 kr.

141 1971 39 20 RD
198 1971 137 25 godkänner
352 1972 47 20 stat
415 1971 37 20 för
469 1971 127 21 försvarets
614 1972 181 25 fastighetsfond
813 1975 61 19 samt
890 1973 93 20 anvisar|
1005 1974 30 22 55]
1072 1977 28 20 80|
1146 1989 26 2 —I
1211 1989 26 2 —I
1276 1977 13 20 6!
1311 1989 26 3 —|
1367 1978 92 20 591167
1477 1978 72 21 12:120
1578 1979 71 20 |12:159

140 2000 36 21 till
192 2001 131 25 ersättning
338 2001 35 20 till
389 2001 127 20 försvarets
532 2001 182 26 fastighetsfond
729 2002 35 20 till
780 2002 93 21 arméns
888 2003 95 20 delfond

141 2030 27 20 33
178 2030 43 20 410
231 2030 41 20 000
287 2030 42 24 kr.,
342 2030 35 21 till
391 2031 119 20 marinens
524 2031 94 20 delfond
633 2031 78 21 10225
720 2031 42 22 000
776 2032 42 24 kr.,
831 2032 35 20 till
880 2032 103 26 flygvap-

140 2061 52 19 nets
217 2060 95 20 delfond
338 2060 77 20 18508
425 2060 41 20 000
491 2060 35 21 kr.
550 2062 61 19 samt
633 2061 35 20 till
691 2061 173 26 befästningars
888 2062 95 20 'delfond

143 2089 26 21 15
178 2089 41 21 571
230 2090 43 20 000
286 2090 34 20 kr.
