1822 2355
161 155 40 20 206

857 156 223 16 SAKREGISTER

181 448 322 20 BELYSNINGSARTIKLAR:
527 448 309 27 upphängningsanordningar
858 448 39 24 till;
918 454 21 13 se
963 447 57 20 Tull-

208 479 62 19 taxan
288 478 69 26 (1933:
369 478 26 26 9).

180 532 120 25 BENARP;
314 538 21 14 se
349 532 158 26 Avsöndringar
520 532 70 26 (1937:
602 532 40 25 31).

181 592 164 25 BENGTSSON,
360 592 23 20 F.
399 592 30 25 J.;
444 598 21 14 se
479 592 115 20 Pensioner
609 592 78 26 (1932).

180 646 165 25 BENGTSSON,
356 646 71 20 Hulda
435 646 135 24 Vilhelmina,
581 646 14 20 f.
606 646 20 20 d.
636 646 142 26 postbiträde;
788 651 21 14 se
818 645 114 20 Pensioner
940 644 78 27 (1940).

179 700 166 25 BENGTSSON,
361 701 25 19 N.
404 701 29 24 J.;
450 707 22 14 se
486 701 116 19 Pensioner
617 700 80 26 (1931).

181 754 164 25 BENGTSSON,
362 754 21 20 S.
400 754 33 25 R.,
448 754 141 26 värnpliktig;
606 760 21 13 se
641 754 115 19 Pensioner
772 753 79 26 (1935).

180 808 217 24 BENJAMINSSON,
423 808 33 24 A.,
481 808 52 20 ban-
554 808 38 19 och
619 807 219 26 byggnadsarbetare;
864 813 21 14 se
904 806 115 21 Pensioner

208 838 79 26 (1934).

180 897 106 21 BENSIN.

184 930 8 17 1
208 928 42 20 RD
266 929 90 25 antager
371 928 80 25 förslag
467 927 32 20 till
514 928 125 25 förordning
655 933 34 14 om
707 927 145 26 tilläggsskatt
867 927 11 19 å
895 926 81 20 bensin.

183 1044 10 17 2
208 1042 42 19 RD
268 1043 91 24 antager
376 1041 79 26 förslag
472 1041 33 20 till
522 1041 126 25 förordning
666 1047 34 13 om
719 1041 92 25 tillfällig
829 1041 60 19 skatt
907 1041 11 19 å
937 1040 82 22 bensin,

222 1077 46 13 som
282 1071 70 19 finnes
365 1070 7 20 i
385 1070 63 20 riket.

183 1133 10 17 3
209 1131 42 19 RD
265 1131 45 19 dels
323 1132 91 24 antager
427 1130 79 26 förslag
519 1130 32 20 till
565 1130 126 26 förordning
705 1136 34 14 om
753 1129 82 21 ändrad
849 1129 80 26 lydelse
943 1135 28 14 av
987 1129 6 19 1
1010 1129 9 25 $

222 1160 153 26 förordningen
384 1160 41 20 den
435 1160 12 20 3
456 1160 44 26 maj
512 1160 52 20 1929
573 1160 35 26 (nr
616 1160 35 25 62)
661 1165 35 14 om
705 1159 90 20 särskild
805 1160 61 19 skatt
874 1160 12 19 å
896 1159 74 20 bensin
980 1159 39 19 och

222 1190 134 26 motorsprit,
372 1190 45 20 dels
431 1189 101 24 besluter,
547 1191 35 18 att
596 1189 40 20 den
651 1189 33 20 till
699 1195 25 14 nr
739 1189 38 20 174
792 1189 6 20 i
812 1189 99 26 gällande
925 1189 94 20 tulltaxa

223 1220 76 26 fogade
311 1225 57 15 anm.
383 1220 8 19 1
404 1220 55 20 skall
470 1219 80 20 erhålla
561 1219 96 26 följande
668 1219 96 20 ändrade
776 1219 86 26 lydelse:
874 1218 58 21 »Med
944 1218 75 20 bensin

222 1256 62 14 avses
301 1249 147 26 mineraloljor
464 1249 40 20 och
521 1249 138 26 skifferoljor,
676 1249 59 20 vilka
752 1249 37 20 vid
809 1251 21 21 +
843 1248 59 21 15?
885 1244 23 35 C
919 1248 57 20 hava
993 1254 26 14 en

222 1280 94 26 egentlig
332 1280 49 19 vikt
397 1285 28 14 av
442 1279 63 26 högst
521 1279 64 23 0.77»,
603 1279 45 20 dels
665 1279 39 20 ock
721 1278 113 24 förklarar,
851 1280 34 18 att
901 1278 118 26 ändringen

224 1310 4 19 i
241 1309 109 20 tulltaxan
364 1309 53 20 skall
431 1309 62 20 träda
508 1309 5 19 i
527 1309 59 20 kraft
598 1309 12 19 å
624 1309 48 25 dag,
686 1314 45 14 som
746 1308 121 26 Konungen
881 1308 138 20 bestämmer.

184 1396 8 16 1
209 1393 42 20 RD
261 1395 90 24 antager
360 1393 80 26 förslag
450 1393 32 20 till
492 1393 126 25 förordning
627 1398 48 20 ang.
686 1392 83 20 ändrad
779 1392 81 26 lydelse
870 1398 27 14 av
909 1392 8 19 1
930 1392 39 19 och
979 1392 12 19 3
1000 1392 21 25 $$

223 1423 152 26 förordningen
389 1423 41 20 den
444 1423 12 20 3
470 1423 43 25 maj
530 1422 52 20 1929
596 1423 34 25 (nr
643 1422 35 26 62)
692 1428 35 14 om
741 1422 91 20 särskild
846 1422 60 20 skatt
920 1422 11 19 å
945 1421 75 20 bensin

223 1453 39 19 och
278 1453 128 26 motorsprit
422 1452 92 27 (ändrad
530 1452 113 20 definition
660 1452 12 20 å
688 1452 92 26 bensin),
797 1453 57 19 samt
869 1451 101 24 besluter,
987 1452 34 19 att

223 1483 40 19 den
279 1483 33 19 till
327 1489 25 13 nr
369 1482 39 20 174
423 1483 6 19 i
444 1482 99 26 gällande
559 1482 93 20 tulltaxa
669 1481 77 27 fogade
761 1487 58 14 anm.
838 1481 7 20 1
864 1481 54 20 skall
934 1481 58 26 utgå.

184 1545 10 17 2
210 1542 41 20 RD
268 1543 73 19 avslår
357 1542 108 20 motioner
481 1547 48 21 ang.
548 1542 141 26 obligatorisk
706 1541 142 26 inblandning
865 1541 6 20 i
888 1540 132 27 importerad

223 1572 75 20 bensin
321 1578 29 14 av
372 1572 167 23 motoralkohol,
562 1571 122 21 framställd
708 1577 25 14 ur
756 1571 112 20 avfallslut
890 1571 37 19 vid
951 1570 70 20 sulfit-

223 1602 242 26 cellulosatillverkning
481 1603 57 19 samt
554 1601 97 20 anhåller
667 1607 35 14 om
718 1607 26 14 en
761 1601 84 26 allsidig
861 1600 116 26 utredning
993 1606 28 14 av

222 1632 136 26 spörsmålet,
378 1632 108 20 huruvida
506 1632 39 19 och
565 1632 27 25 på
611 1631 43 20 vad
674 1632 45 19 sätt
738 1630 167 26 tillverkningen
925 1630 39 20 och
983 1636 38 14 av-

223 1661 124 27 sättningen
359 1668 28 13 av
399 1661 100 20 inhemsk
510 1661 55 26 sprit
576 1661 33 20 till
621 1660 157 21 motorbränsle
790 1661 35 19 må
837 1661 74 19 kunna
923 1660 97 26 främjas.

210 1721 41 20 RD
263 1723 91 24 antager
364 1721 80 26 förslag
455 1721 32 20 till
498 1721 126 26 förordning
636 1727 34 13 om
682 1720 92 26 ändring
785 1720 6 20 i
802 1720 57 20 vissa
871 1720 59 20 delar
940 1726 28 13 av
979 1719 42 20 för-

223 1751 118 26 ordningen
358 1751 41 20 den
416 1751 12 19 3
445 1750 43 26 maj
508 1750 52 20 1929
577 1750 35 26 (nr
628 1750 35 26 62)
680 1756 35 14 om
732 1750 91 20 särskild
840 1750 60 20 skatt
917 1750 11 19 å
946 1749 74 20 bensin

223 1781 39 20 och
278 1781 134 26 motorsprit.

209 1835 54 26 Ang.
280 1834 223 27 tvångsinblandning
519 1840 28 14 av
564 1834 116 26 sulfitsprit
696 1834 6 19 i
720 1834 81 22 bensin;
818 1839 21 14 se
858 1833 164 20 Brännvinstill-

223 1864 124 26 verkningen
362 1864 70 26 (1933:
446 1865 25 24 1).

210 1918 41 20 RD
267 1918 72 20 avslår
355 1918 82 20 motion
454 1923 48 20 ang.
520 1918 167 25 beskattningen
703 1923 28 14 av
748 1917 74 20 bensin
840 1917 39 19 och
896 1917 73 25 övriga
986 1922 36 20 pe-

224 1948 218 26 troleumprodukter.

209 2002 42 19 RD
267 2004 91 24 antager
373 2002 79 25 förslag
469 2001 31 20 till
517 2001 125 26 förordning
657 2006 49 21 ang.
723 2001 83 19 ändrad
822 2000 81 26 lydelse
918 2006 28 14 av
962 2000 31 25 3$
1009 1999 12 20 3

223 2032 40 19 och
279 2032 12 19 5
307 2037 66 14 mom.
389 2031 153 26 förordningen
559 2031 40 20 den
617 2031 12 19 3
646 2031 42 25 maj
708 2030 52 20 1929
777 2031 34 25 (nr
827 2030 35 25 62)
879 2036 35 13 om
930 2028 91 21 särskild

223 2062 60 19 skatt
298 2062 11 19 å
326 2061 74 20 bensin
417 2061 37 20 och
472 2061 132 26 motorsprit.

1304 229 106 29 Utskotts-
1483 234 55 16 Riks-

1099 255 55 35 Kungl.
1209 282 3 3 S
1291 259 129 29 utlåtanden,
1476 260 69 29 dagens
1607 253 114 16 Kamrarnas

1102 289 53 18 Maj:ts
1156 277 103 29 Motioner
1286 293 152 17 nemörläleller
1486 294 37 16 Sk
1595 283 140 19 förhandlingar

1047 313 25 20 År
1101 323 51 14 [prop:r
1296 317 132 30 betänkanden
1471 317 68 30 velser
1620 312 88 21 (prot.nr)

1109 348 36 15 dä

1101 378 55 15 SKIVA
1169 389 33 16 R
1220 390 36 15 JAR
1277 378 16 50 i
1318 384 16 43 z
1359 390 90 16 Nummer|
1466 390 90 16 Nummer
1578 378 70 41 Sd

1308 443 2 21 |
1663 443 2 17 |

1308 507 1 15 |
1664 505 1 33 |

1213 725 1 13 I

1212 739 2 12 I

1212 768 2 11 I

1037 926 50 21 19811
1171 927 38 20 I19)
1225 926 72 20 2687
1328 927 95 19 rad
1492 927 40 19 329
1546 916 27 41 |
1581 927 28 20 42:
1627 929 10 17 8
1648 927 13 20 dl:
1677 916 40 41 43:
1728 929 10 17 4
1749 927 11 19 d

1399 957 27 19 44
1581 956 27 21 43:
1627 959 24 17 22
1653 946 22 41 |
1682 957 55 20 44:
1720 946 16 41 1

1582 987 54 19 44:1
1683 986 54 21 145:
1720 982 13 33 1

1038 1040 50 20 1931]
1124 1052 9 2 =
1176 1053 27 1 VE
1231 1052 26 1 ES
1329 1040 7 18 Op
1400 1040 26 19 as
1430 1017 75 52 SES
1507 1040 26 19 Rg
1557 1017 38 52 Na
1629 1043 22 16 Ia
1683 1040 69 20 dgrea

1308 1067 2 14 I

1308 1092 2 14 I

1038 1129 109 20 1931lo15
1176 1141 38 14 =)
1286 1109 24 56 7
1328 1128 8 20 1
1405 1129 21 19 12
1493 1128 40 21 293
1555 1118 16 41 |
1583 1129 68 20 42:25
1655 1118 22 41 |
1683 1128 69 20 43:18

1350 1217 2 16 I

1039 1391 53 20 1992)
1109 1391 40 19 2404
1232 1402 27 2 PER
1286 1390 51 55 23
1400 1390 26 20 28
1507 1390 128 21 7:
1681 1390 22 19 dk

1665 1428 2 18 |

1039 1539 53 21 1932]
1116 1551 28 2 —
1141 1527 75 46 |255|
1225 1527 55 46 343]
1286 1540 13 19 91
1328 1531 25 28 2/+
1404 1538 23 20 42:
1446 1527 38 46 1:
1493 1539 41 20 362
1549 1527 24 46 |
1583 1536 69 21 49:12
1682 1538 81 21 159:121

1215 1577 1 3 I
1351 1569 1 15 I
1667 1573 1 10 I

1351 1594 2 5 |
1667 1585 1 20 |

1215 1620 1 3 |
1352 1608 1 14 I
1667 1606 1 16 I

1214 1626 2 19 |
1667 1625 1 4 |

1352 1691 1 19 |
1666 1680 2 29 |

1040 1718 53 21 19331
1112 1718 38 20 172]
1179 1731 27 2 —|
1239 1718 24 20 2117
1287 1714 66 23 /—I
1401 1718 26 20 38
1494 1717 40 20 229
1584 1716 32 20 Sr:
1654 1716 83 45 Jk049

1227 1737 39 41 192)
1352 1730 1 53 |
1666 1769 2 9 |

1352 1784 1 27 |
1666 1779 2 24 |

1215 1835 1 20 |
1310 1830 43 26 Får

1215 1861 1 30 |
1311 1855 39 44 bt]
1667 1827 1 59 |

1310 1893 43 8 SR
1667 1891 2 22 I

1041 1916 52 20 1936]
1117 1927 27 2 —
1145 1904 31 47 |
1178 1927 28 2 —
1204 1904 19 47 |
1226 1915 39 20 553]
1287 1915 12 19 7
1310 1908 43 36 |]
1401 1915 26 20 45
1515 1926 6 2 —
1557 1903 18 46 |
1581 1913 135 31 45:101/49:
1723 1903 28 46 17

1310 1966 2 36 |
1352 1949 1 57 |
1667 1969 2 27 |

1040 2000 53 20 1990)
1111 1999 36 20 111
1179 1990 37 25 ==)
1233 2010 27 2 —]
1288 1998 24 30 7]
1322 1998 105 27 16
1496 1997 140 20 Jiddra
1667 1996 85 20 NROnee
