1851 2356
162 146 41 21 898
859 147 224 18 SAKREGISTER

181 436 338 29 KUSTFÖRSVARSFARTYG;
533 447 22 13 se
569 440 70 20 Enkla
652 440 70 26 frågor
735 440 63 26 (1939
808 440 26 20 U:
847 440 40 26 22);
904 440 122 26 Interpella-

209 472 67 20 tioner
291 471 63 26 (1939
364 471 26 20 U:
404 471 25 25 7);
446 471 102 20 Marinen
565 470 63 26 (1939
638 470 26 20 U:
676 470 27 26 3).

181 525 264 24 KUSTSANATORIER;
467 530 22 14 se
513 524 122 20 Folkskolor
656 530 28 14 m.
706 530 28 14 m.
758 524 70 26 (1933:
842 524 39 26 14);
905 524 121 20 Sanatorier

210 555 181 26 (1931;-1933::1;
414 554 88 23 193431;
523 554 60 24 1935;
604 554 90 23 193651;
715 554 89 23 -1937:-1;
826 554 89 23 1908:-1;
936 554 90 23 1939:-1;

211 585 69 26 1940);
296 584 230 26 Tuberkulossjukvård
536 584 70 25 (1931:
620 586 15 21 1;
649 584 60 20 1932:
723 586 15 21 1;
752 584 60 20 1935:
825 586 16 21 1;
854 584 60 23 1937;
928 584 60 20 1939:
1000 583 26 25 3).

181 639 211 20 KVALIFICERAD
407 638 170 25 MAJORITET;
593 644 21 14 se
630 637 281 27 Kommunalförfattningar
926 637 70 26 (1934:
1009 639 17 23 3;

211 669 60 20 1935:
284 671 16 22 2;
318 669 60 20 1936:
391 671 17 21 3;
426 668 59 21 1939:
498 668 26 26 4).

182 718 345 29 KVALITETSBESTÄMNING;
544 728 21 14 se
582 722 84 21 Handel
682 723 41 19 etc.
740 722 71 26 (1935:
823 724 26 24 7).

182 775 253 26 KVARLÅTENSKAP;
452 783 22 14 se
494 777 107 20 Traktater
617 776 71 26 (1935:
702 776 24 26 1).

181 835 360 23 KVARLÅTENSKAPSSKATT.

210 868 42 20 RD
268 867 113 23 förklarar,
397 868 35 19 att
447 867 38 20 det
499 867 7 20 i
521 872 61 21 prop.
598 866 122 27 framlagda
735 866 104 26 förslaget
853 866 33 20 till
901 866 126 27 förordning

224 904 35 14 om
277 897 246 26 kvarlåtenskapsskatt
539 896 48 20 icke
604 896 87 20 kunnat
707 902 29 14 av
753 896 43 20 RD
814 897 99 25 antagas;
931 897 41 20 och
989 902 38 15 an-

224 929 61 25 tager
303 927 43 20 RD
364 927 81 26 förslag
461 926 35 20 till
513 926 127 26 förordning
657 932 36 14 om
711 926 93 26 ändring
821 926 7 20 i
845 926 58 20 vissa
921 926 60 20 delar
998 932 29 15 av

224 957 154 26 förordningen
393 957 41 20 den
450 956 25 20 19
489 962 51 14 nov.
556 956 54 20 1914
623 957 35 26 (nr
671 956 50 26 381)
735 962 36 14 om
785 956 112 20 arvsskatt
911 956 41 20 och
966 957 61 19 skatt

224 988 33 20 för
274 987 63 27 gåva;
356 987 40 20 och
414 986 97 21 anhåller
528 986 42 20 RD
589 992 35 14 om
642 992 25 14 en
686 986 84 26 allsidig
788 986 116 27 utredning
921 987 41 19 rör.
981 986 45 20 dels

224 1017 76 27 frågan
315 1023 35 13 om
365 1016 123 21 beredande
501 1022 29 14 av
544 1016 113 26 möjlighet
670 1016 34 20 till
718 1016 91 20 särskild
824 1016 160 26 uppskattning
997 1022 29 14 av

225 1047 37 19 det
278 1047 74 22 värde,
370 1046 74 20 vartill
460 1046 44 19 fast
521 1046 105 26 egendom
644 1046 54 19 skall
715 1046 34 19 för
765 1046 140 19 beräknande
921 1052 29 13 av
966 1052 60 14 arvs-

224 1077 61 19 skatt
300 1077 115 25 upptagas,
432 1076 44 20 dels
491 1076 40 19 ock
546 1075 75 27 frågan
637 1080 48 21 ang.
701 1075 220 26 arvsbeskattningen
936 1075 37 20 vid
989 1075 36 21 fall

224 1112 28 14 av
268 1106 184 20 urarvakonkurs.

252 1142 21 16 Se
287 1142 34 16 ock
335 1142 141 20 Stämpelavgift
488 1141 60 20 (1934:
557 1141 24 20 6).

182 1189 202 25 KVARNBERGA;
401 1195 22 14 se
439 1189 160 26 Avsöndringar
615 1189 71 26 (1935:
698 1189 39 26 12).

182 1243 426 24 KVARNINDUSTRIRESTITUTION;
623 1249 22 13 se
660 1243 106 20 Jordbruk
781 1243 70 25 (1937:
864 1245 30 21 24;
912 1243 59 20 1939:
985 1243 40 25 20);

214 1273 165 20 Tullrestitution
395 1273 70 26 (1932:
478 1275 17 21 2;
512 1272 69 26 1936).

182 1321 174 30 KVARNSJÖN;
371 1333 22 13 se
407 1326 191 26 Myrutdikningar
612 1326 70 26 (1939:
694 1326 26 26 5).

182 1386 205 25 KVARNZELIUS,
405 1386 20 20 S.
441 1386 36 25 H.,
492 1386 168 26 landshövding.

210 1416 101 20 Tilldelas
326 1422 26 14 en
367 1416 54 26 årlig
435 1415 90 26 pension
540 1422 28 13 av
582 1415 12 20 6
604 1415 40 20 996
659 1415 32 20 kr.

182 1465 200 29 KVARNÄNGEN;
397 1475 21 14 se
432 1469 160 26 Avsöndringar
605 1469 70 26 (1939:
688 1469 25 25 2).

182 1523 207 24 KVARSITTARE;
404 1529 22 14 se
439 1523 103 20 Läroverk
557 1522 70 26 (1933:
640 1522 40 26 19).

182 1583 160 20 KVARSTAD.

211 1613 42 20 RD
267 1614 91 25 antager
371 1612 80 27 förslag
464 1612 33 20 till
510 1612 35 26 lag
558 1618 36 14 om
607 1612 79 20 förbud
700 1612 6 20 i
720 1612 57 20 vissa
791 1612 38 20 fall
842 1614 47 18 mot
902 1612 125 26 beviljande

224 1649 29 14 av
267 1642 106 21 kvarstad
389 1642 50 20 eller
454 1642 208 26 skingringsförbud.

252 1679 22 16 Se
287 1679 34 16 ock
335 1678 101 17 Luittrafik
449 1678 60 20 (1938:
518 1680 23 18 2).

183 1726 133 25 KVIBERG;
332 1732 22 14 se
369 1726 79 20 Armén
464 1725 70 27 (1931:
547 1725 40 26 49);
603 1725 159 26 Avsöndringar
777 1725 71 26 (1931:
860 1725 40 26 23).

183 1786 113 20 KVINNA.

211 1816 42 20 AK
270 1816 72 19 avslår
359 1815 84 20 motion
460 1820 50 21 ang.
528 1815 102 27 åtgärder
646 1815 7 19 i
670 1815 58 26 syfte
745 1816 35 18 att
797 1816 135 25 uppmuntra
949 1814 78 20 kvinn-

225 1846 41 26 liga
281 1846 134 25 tjänstemän
429 1845 34 20 till
475 1845 89 26 frivillig
577 1845 86 26 avgång
677 1851 25 13 ur
715 1844 128 26 statstjänst
855 1844 38 20 vid
907 1844 120 26 giftermåls

225 1875 112 26 ingående.

188 1926 6 16 1
211 1923 82 26 Avslag
308 1923 12 19 å
336 1923 83 19 motion
436 1928 36 14 om
487 1922 93 26 ändring
595 1922 6 20 i
617 1922 62 26 lagen
696 1921 152 21 innefattande
863 1922 164 20 bestämmelser

226 1958 48 21 ang.
290 1952 93 20 kvinnas
398 1952 127 26 behörighet
539 1953 34 19 att
587 1952 109 20 innehava
710 1952 128 25 statstjänst
852 1951 40 21 och
906 1952 69 20 annat
989 1951 38 20 all-

226 1984 62 18 mänt
309 1982 98 26 uppdrag
427 1982 102 26 (kvinnas
550 1982 127 26 behörighet
697 1983 34 18 att
751 1981 95 21 förvalta
863 1981 162 27 domartjänst).

187 2026 10 17 2
213 2024 42 20 RD
270 2025 91 25 antager
375 2024 33 20 för
422 2024 32 20 sin
470 2024 34 20 del
518 2023 80 27 förslag
612 2023 33 20 till
660 2023 34 27 lag
709 2029 35 14 om
759 2023 83 20 ändrad
857 2023 82 26 lydelse
953 2029 28 14 av
996 2023 30 25 2$

226 2054 62 26 lagen
303 2054 41 20 den
358 2054 27 20 22
397 2053 48 27 juni
460 2053 53 21 1923
527 2053 153 21 innefattande
693 2053 164 20 bestämmelser
870 2058 48 22 ang.
933 2052 94 21 kvinnas

1308 221 111 31 Utskotts-
1492 225 54 16 Riks-

1108 252 55 17 Kungl]
1217 274 3 3 >
1311 255 117 19 utlåtanden,
1448 244 24 37 |
1483 255 70 21 dagens
1615 243 116 16 Sramrarnar

1111 281 53 18 Maj:ts)
1176 274 91 16 Motioner
1294 285 151 17 mamorlalvöller
1494 285 21 16 KE
1602 272 141 21 förhandlingar

1056 305 26 21 År
1111 314 49 15 Åpropir
1304 316 132 16 betänkanden
1487 309 60 32 velser
1628 302 88 21 (protnn

1118 341 36 15 eller

1110 371 54 15 SKEN
1177 381 34 17 fe
1228 382 36 16 DAR
1285 370 16 51 E
1327 376 16 44 Z
1367 382 90 17 Nummer
1456 375 9 34 |
1473 382 92 16 Nummer
1574 365 82 48 råge
1688 369 70 40 —

1045 867 53 20 1933]
1121 865 26 20 34
1159 861 14 35 |
1178 866 38 20 1751
1232 865 39 20 100]
1288 866 21 20 11]
1327 878 27 1 —
1407 867 25 19 23
1499 866 40 20 375
1575 864 135 21 147:116d[51:
1722 864 46 20 14
1748 860 23 35 d

1176 896 38 20 2211
1230 895 40 21 385)

1176 925 40 21 2231
1230 925 40 20 386)

1230 955 40 20 387

1230 985 41 20 390/

1230 1015 37 20 391

1041 1415 53 20 1931]
1116 1412 39 21 184]
1181 1426 30 2 —!|
1235 1425 29 3 —I1
1291 1413 62 20 81—]|
1377 1413 27 20 27
1415 1412 96 21 s.281202
1521 1412 119 20 s.22127:46
1674 1411 66 20 127:51
1754 1411 14 20 d

1044 1611 53 20 1940]
1114 1610 40 20 255
1158 1605 22 35 |
1183 1622 27 2 —I
1237 1622 27 2 —1]
1291 1609 13 20 91.1
1405 1610 27 20 45
1499 1610 40 19 319
1575 1609 67 20 132:31
1676 1608 33 20 135:
1720 1609 24 18 58

1044 1814 51 20 1931]
1120 1825 28 1 —
1153 1808 27 35 |
1183 1825 28 2 —]
1237 1812 75 20 51113)
1335 1813 9 19 1
1420 1813 12 19 5
1509 1824 22 1 —
1610 1823 28 2 —
1657 1807 52 34 138:
1720 1813 24 17 79
1755 1811 11 20 d

1044 1921 53 20 1932]
1120 1933 27 1 —
1152 1916 22 34 I
1183 1920 27 20 341
1237 1932 27 2 —I
1291 1920 52 20 911
1406 1920 26 20 24
1516 1931 20 2 —
1556 1914 52 34 125:
1621 1921 23 17 19
1655 1918 54 20 dl28:
1720 1920 24 17 55
1755 1918 13 20 d

1045 2023 53 19 1932]
1116 2022 39 20 110
1157 2018 18 34 |
1183 2034 28 2 —
1292 2022 11 19 Al
1406 2022 24 19 31
1502 2020 37 21 188
1575 2021 54 20 132:1
1641 2021 13 19 d
1676 2020 33 20 |41:
1720 2022 24 17 62
1755 2020 13 19 dj
