1816 2351
177 71 41 20 142

1224 157 103 30 Motioner
1375 157 89 30 Utskott
1627 161 95 16 Protokoll

1508 173 58 16 Skriv.

1526 197 52 16 BEGE

1231 215 32 16 FK
1265 210 24 31 |
1294 215 35 16 AK
1351 215 85 16 |SmllAvd|
1460 215 26 16 Nr
1605 215 33 16 FK
1704 215 35 16 AK

1101 182 26 20 År
1123 178 18 33 |
1149 186 54 20 Prop.

194 250 180 26 Bevillningarna.

192 286 40 23 kr.,
247 286 141 21 tobaksskatt
402 282 41 35 200
443 282 50 35 000
494 282 49 35 000
555 287 39 23 kr.,
610 287 332 26 brännvinstillverkningsskatt
958 287 25 20 18
986 282 47 35 000
1041 287 41 20 000

192 316 40 23 kr.,
245 316 332 27 rusdrycksförsäljningsmedel:
591 317 213 26 partihandelsbolag
815 317 26 20 23
850 317 41 20 000
900 317 41 20 000
952 317 40 23 kr.,
1005 317 77 26 detalj-

192 346 156 26 handelsbolag
358 346 26 21 27
393 346 42 20 000
443 347 41 20 000
495 347 39 23 kr.,
546 347 155 26 omsättnings-
712 347 40 20 och
764 347 220 26 utskänkningsskatt
995 347 12 20 å
1019 347 64 26 sprit-

193 376 91 26 drycker
306 376 40 20 265
355 376 41 20 000
404 376 41 20 000
467 377 39 23 kr.,
530 377 154 26 omsättnings-
706 377 40 20 och
769 377 221 26 utskänkningsskatt
1011 377 12 20 å
1045 377 37 20 vin

194 406 22 19 11
220 401 49 37 000
277 401 41 37 000
338 406 39 23 kr.,
397 406 198 27 maltdrycksskatt
614 407 26 20 35
643 401 47 37 000
691 401 52 37 000
759 407 39 23 kr.,
819 407 61 20 skatt
899 407 13 20 å
932 407 151 26 läskedrycker

192 435 13 21 8
206 431 48 36 000
255 431 48 36 000
320 436 40 23 kr.,
378 436 75 26 statlig
470 436 122 26 nöjesskatt
610 436 25 20 16
638 431 48 36 000
693 431 42 36 000
751 437 39 23 kr.,
808 436 127 27 postverket
952 436 130 26 (överskott)

192 465 26 21 37
227 465 41 20 000
276 465 42 21 000
332 466 32 20 kr.

220 519 43 20 RD
279 519 100 24 besluter,
396 521 35 19 att
446 520 139 20 bottenskatt
600 520 67 26 enligt
684 520 43 25 18$
743 520 152 26 förordningen
911 526 36 14 om
962 520 75 26 statlig
1052 519 79 21 in-|44|
1159 519 40 20 270
1210 514 19 36 |
1244 531 26 2 —|
1308 530 27 3 —I
1370 519 60 20 7|—]|
1468 518 27 21 471
1520 519 41 20 4441
1585 520 34 20 26:
1630 522 24 17 33
1658 514 23 36 |
1687 519 33 20 26:
1732 521 23 18 17

192 549 82 20 komst-
284 549 40 20 och
335 549 223 27 förmögenhetsskatt
568 550 54 20 skall
632 562 27 2 —
669 550 49 20 med
729 550 142 26 iakttagande
882 556 28 14 av
920 550 43 20 vad
974 550 6 20 i
991 550 26 20 20
1026 550 9 25 $
1046 556 37 14 an-

192 579 38 20 dra
243 579 87 26 stycket
342 585 82 15 samma
436 579 126 27 förordning
574 580 88 26 stadgas
673 592 28 2 —
712 580 33 19 för
756 580 24 20 år
793 580 53 20 1944
858 580 52 26 utgå
921 580 51 20 med
985 580 39 20 150
1036 585 48 21 pro-

192 610 50 19 cent
253 615 28 14 av
293 609 174 26 grundbeloppet
478 609 33 20 för
523 610 167 26 skattskyldiga,
703 616 46 13 som
761 616 62 14 avses
835 610 6 19 i
855 609 25 21 18
888 610 10 24 $
907 610 13 19 2
931 615 66 14 mom.
1009 609 22 26 a)
1043 609 40 20 och

192 639 20 25 c)
223 639 95 20 nämnda
329 639 132 26 förordning,
472 641 58 18 samt
539 639 49 20 med
599 639 41 20 200
650 641 90 24 procent
750 645 28 14 av
787 639 174 27 grundbeloppet
971 639 33 20 för
1014 639 70 20 skatt-

192 668 106 27 skyldiga,
309 675 46 13 som
365 675 62 14 avses
436 669 6 19 i
452 675 83 14 samma
545 671 98 18 moment
653 669 29 26 b);
693 669 40 20 och
744 669 106 20 beräknar
859 669 43 20 RD
912 669 171 26 bevillningarna

192 698 33 20 för
233 698 130 27 budgetåret
373 698 89 27 1944/45
470 699 98 20 sålunda:
577 699 61 20 skatt
646 699 26 26 på
681 699 103 23 inkomst,
792 699 151 26 förmögenhet
951 699 40 20 och
998 698 84 21 rörelse:

192 728 106 20 inkomst-
313 728 39 20 och
367 729 224 26 förmögenhetsskatt
605 728 41 21 670
654 729 41 20 000
704 729 41 20 000
759 729 39 23 kr.,
814 729 117 20 värnskatt
944 728 41 21 515
986 724 48 36 000
1043 728 41 21 000

192 758 39 23 kr.,
248 758 258 26 krigskonjunkturskatt
522 758 27 20 60
551 754 47 34 000
602 754 48 34 000
664 759 39 22 kr.,
721 758 91 20 särskild
828 758 61 20 skatt
905 759 12 19 å
933 758 151 26 förmögenhet

192 787 26 20 32
227 787 41 20 000
277 787 41 21 000
332 788 39 23 kr.,
387 788 204 26 utskiftningsskatt
605 788 40 20 och
660 788 193 26 ersättningsskatt
869 788 8 20 1
889 787 41 21 000
931 783 47 35 000
993 788 39 23 kr.,
1048 788 36 19 be-

192 817 196 26 villningsavgifter
398 818 33 20 för
441 818 105 20 särskilda
557 818 109 20 förmåner
677 818 39 20 och
727 818 129 26 rättigheter
868 817 39 21 100
915 817 41 21 000
966 818 39 23 kr.,
1017 819 67 19 stäm-

192 847 105 26 pelmedel
309 847 27 20 70
344 847 41 20 000
394 847 41 20 000
446 848 31 19 kr.
490 847 51 20 eller
552 847 91 27 tillhopa
657 848 8 19 1
677 848 40 20 348
728 847 39 21 100
775 847 41 21 000
827 848 40 23 kr.,
879 847 205 20 automobilskatte-

192 877 76 20 medel:
278 877 151 20 fordonsskatt
437 877 26 20 27
472 877 41 20 000
521 877 41 20 000
571 878 39 22 kr.,
620 877 138 20 bensinskatt
765 878 13 19 4
787 877 41 20 000
836 877 41 20 000
885 877 40 24 kr.,
934 877 50 20 eller
992 877 91 26 tillhopa

192 907 24 20 31
227 907 41 20 000
276 907 42 20 000
330 907 40 24 kr.,
384 907 66 20 tullar
462 907 40 20 och
515 907 86 20 acciser:
617 907 109 20 tullmedel
741 907 39 20 110
789 907 40 20 000
838 907 42 20 000
892 907 39 24 kr.,
945 907 80 20 allmän
1039 913 45 14 om-

192 937 171 26 sättningsskatt
384 937 41 20 300
433 937 41 20 000
483 937 41 20 000
546 937 39 23 kr.,
608 937 116 20 varuskatt
746 937 26 20 55
781 937 41 20 000
830 937 42 20 000
893 937 39 23 kr.,
955 936 129 21 trafikskatt

191 966 27 21 28
227 966 41 21 000
276 966 42 21 000
325 967 39 23 kr.,
374 967 172 26 tilläggsskatter
554 967 12 20 å
575 967 76 20 bensin
659 967 13 20 8
681 967 41 20 000
730 967 41 20 000
779 967 39 23 kr.,
828 967 56 20 accis
886 962 10 36 å
910 967 53 19 silke
971 967 13 20 3
993 966 41 21 500
1042 966 41 21 000

191 996 40 24 kr.,
247 996 56 20 accis
318 997 12 19 å
345 997 108 26 margarin
468 997 40 19 och
524 997 56 20 vissa
595 997 69 20 andra
678 997 108 20 fettvaror
802 997 24 20 12
830 992 47 35 000
878 992 49 35 000
940 996 39 24 kr.,
995 996 61 20 skatt
1070 997 12 19 å

191 1026 59 20 kaffe
263 1026 13 20 8
285 1026 41 20 000
335 1026 41 20 000
389 1027 39 22 kr.,
442 1026 142 21 tobaksskatt
596 1026 41 21 260
646 1026 41 21 000
695 1026 41 21 000
749 1027 39 23 kr.,
803 1026 280 26 brännvinstillverknings-

191 1056 61 19 skatt
282 1056 25 20 18
316 1056 91 20 000000
436 1056 39 23 kr.,
505 1056 334 26 rusdrycksförsäljningsmedel:
869 1055 214 27 partihandelsbolag

191 1085 27 20 30
217 1075 47 41 000
271 1075 47 41 500
332 1085 39 23 kr.,
388 1085 224 26 detaljhandelsbolag
627 1086 26 20 28
662 1085 91 20 000-000
767 1086 39 23 kr.,
823 1085 155 26 omsättnings-
993 1085 39 20 och
1049 1086 33 19 ut-

191 1115 196 26 skänkningsskatt
405 1115 11 20 å
435 1115 148 26 spritdrycker
600 1115 41 20 290
649 1115 41 20 000
698 1115 42 20 000
757 1115 40 23 kr.,
816 1115 155 26 omsättnings-
989 1114 40 20 och
1047 1116 35 18 ut-

191 1144 195 26 skänkningsskatt
403 1145 12 19 å
432 1145 37 19 vin
489 1145 24 20 15
515 1140 47 35 000
571 1140 41 35 000
628 1145 40 23 kr.,
686 1145 196 26 maltdrycksskatt
899 1144 26 20 38
934 1140 41 35 000
976 1140 49 35 000
1041 1144 39 23 kr.,

191 1174 61 20 skatt
262 1174 12 20 å
286 1174 152 26 läskedrycker
450 1174 25 20 10
483 1174 41 20 000
532 1174 42 20 000
584 1175 39 22 kr.,
635 1174 74 26 statlig
720 1174 122 26 nöjesskatt
854 1174 25 20 17
887 1174 42 20 000
937 1173 41 21 000
988 1174 32 20 kr.
1032 1173 50 20 eller

192 1203 90 27 tillhopa
300 1204 61 20 1230
370 1204 40 20 500
419 1204 41 19 000
473 1204 39 23 kr.,
527 1204 127 26 postverket
667 1204 130 26 (överskott)
811 1204 27 19 46
847 1204 41 20 000
897 1203 41 20 000
950 1204 32 20 kr.

219 1251 43 20 RD
278 1251 100 23 besluter,
395 1253 35 18 att
445 1251 139 20 bottenskatt
599 1251 67 26 enligt
683 1251 43 25 18$
742 1251 152 26 förordningen
910 1257 35 14 om
961 1251 74 26 statlig
1050 1250 79 20 in-145|]
1171 1262 27 2 —I
1243 1261 26 2 —I
1308 1261 26 2 —I
1370 1250 61 19 71—]1
1468 1249 91 21 5815151
1584 1249 34 21 31:
1629 1252 24 17 47
1660 1245 19 37 |
1685 1249 34 20 31:
1730 1251 25 18 60

190 1280 83 20 komst-
288 1281 40 19 och
344 1281 223 26 förmögenhetsskatt
581 1281 54 20 skall
650 1293 27 2 —
692 1281 49 20 med
757 1280 142 27 iakttagande
914 1286 29 15 av
957 1280 43 20 vad
1016 1280 6 20 i
1037 1280 45 25 20$

191 1310 68 20 andra
269 1310 87 26 stycket
365 1316 83 14 samma
458 1310 125 27 förordning
593 1311 88 26 stadgas
690 1322 27 3 —
726 1311 33 19 för
768 1311 24 19 år
803 1311 52 19 1945
865 1311 52 25 utgå
926 1310 50 20 med
987 1310 39 20 150
1035 1316 48 20 pro-

191 1342 50 18 cent
251 1346 28 14 av
290 1340 174 26 grundbeloppet
474 1340 34 20 för
518 1340 167 26 skattskyldiga,
701 1346 46 14 som
762 1346 62 14 avses
839 1340 6 20 i
857 1340 26 20 18
891 1340 10 25 $
910 1340 13 20 2
933 1346 66 14 mom.
1010 1340 22 25 a)
1043 1339 40 20 och

191 1370 20 25 c)
222 1370 95 20 nämnda
328 1369 132 27 förordning,
472 1371 57 19 samt
539 1370 49 20 med
599 1369 40 21 200
649 1371 90 25 procent
749 1376 28 14 av
786 1369 175 27 grundbeloppet
970 1369 34 21 för
1013 1369 70 20 skatt-

191 1399 106 27 skyldiga,
308 1405 45 14 som
364 1405 62 14 avses
435 1400 6 19 i
451 1405 83 14 samma
544 1401 97 18 moment
652 1400 29 25 b);
693 1400 39 20 och
742 1399 108 21 beräknar
859 1399 42 20 RD
911 1399 172 26 bevillningarna

191 1429 33 20 för
232 1429 130 26 budgetåret
372 1429 89 26 1945/46
469 1429 98 20 sålunda:
576 1430 61 19 skatt
645 1430 27 26 på
680 1429 103 23 inkomst,
792 1429 151 26 förmögenhet
950 1429 40 20 och
998 1429 84 20 rörelse:

191 1459 105 20 inkomst-
311 1459 40 20 och
366 1459 223 26 förmögenhetsskatt
603 1459 40 20 665
652 1459 41 20 000
702 1459 41 20 000
757 1459 40 23 kr.,
812 1459 118 20 värnskatt
943 1458 41 21 515
987 1454 49 35 000
1035 1454 49 35 000

190 1489 40 23 kr.,
247 1489 258 26 krigskonjunkturskatt
520 1489 27 20 40
556 1489 41 20 000
606 1489 41 20 000
663 1489 39 23 kr.,
719 1489 92 20 särskild
827 1489 62 20 skatt
904 1489 12 19 å
933 1488 151 26 förmögenhet

190 1518 27 21 34
218 1514 47 35 000
264 1514 49 35 000
330 1519 40 23 kr.,
386 1518 204 26 utskiftningsskatt
604 1519 40 19 och
658 1518 195 27 ersättningsskatt
869 1519 63 19 1000
938 1514 42 35 000
993 1518 40 24 kr.,
1048 1518 36 20 be-

190 1548 197 26 villningsavgifter
397 1548 33 20 för
440 1548 105 20 särskilda
556 1548 109 20 förmåner
676 1549 39 19 och
726 1548 130 26 rättigheter
867 1548 39 20 100
915 1548 41 20 000
965 1548 41 23 kr.,
1017 1549 67 19 stäm-

191 1578 105 26 pelmedel
307 1578 27 20 80
343 1578 41 20 000
393 1578 41 20 000
445 1578 31 20 kr.
489 1578 50 20 eller
550 1578 91 26 tillhopa
655 1578 60 20 1335
727 1578 39 20 100
774 1578 41 20 000
826 1578 40 23 kr.,
878 1577 206 21 automobilskatte-

190 1608 77 20 medel:
281 1608 151 20 fordonsskatt
444 1608 26 20 35
480 1608 41 20 000
529 1608 41 19 000
583 1608 39 23 kr.,
637 1608 138 20 bensinskatt
787 1608 27 20 20
822 1608 41 20 000
872 1607 41 21 000
925 1608 40 23 kr.,
979 1607 50 20 eller
1041 1607 43 20 till-

191 1637 57 26 hopa
261 1637 26 20 55
296 1637 42 20 000
346 1637 42 20 000
400 1638 40 23 kr.,
454 1637 66 20 tullar
533 1638 39 19 och
585 1638 86 20 acciser:
686 1637 111 20 tullmedel
810 1637 27 20 70
841 1633 46 34 000
886 1633 47 34 000
949 1637 40 23 kr.,
1003 1637 80 20 allmän

191 1667 208 26 omsättningsskatt
414 1667 41 20 330
463 1667 42 20 000
513 1667 41 20 000
570 1667 39 23 kr.,
626 1667 116 20 varuskatt
758 1667 26 20 70
793 1666 41 21 000
842 1667 42 20 000
898 1667 40 23 kr.,
955 1667 128 20 trafikskatt

191 1697 26 20 28
226 1696 41 20 000
276 1696 41 20 000
336 1697 40 23 kr.,
397 1696 172 27 tilläggsskatter
588 1697 12 20 å
621 1697 75 20 bensin
716 1696 27 20 40
752 1696 41 21 000
801 1696 41 21 000
862 1697 39 23 kr.,
922 1696 56 20 accis
998 1697 13 19 å
1031 1696 52 20 silke

190 1726 13 20 4
212 1726 41 20 300
261 1726 42 20 000
315 1726 40 23 kr.,
368 1726 56 20 accis
437 1727 11 19 å
461 1727 109 25 margarin
583 1727 39 19 och
635 1726 57 20 vissa
705 1727 68 19 andra
785 1726 108 20 fettvaror
906 1726 26 20 10
940 1725 41 21 000
990 1726 41 20 000
1042 1726 40 23 kr.,

191 1756 61 20 skatt
265 1757 12 19 å
291 1756 60 20 kaffe
366 1756 25 20 15
400 1756 41 20 000
443 1751 46 36 000
504 1756 39 23 kr.,
558 1756 142 20 tobaksskatt
713 1756 41 20 290
762 1756 41 20 000
811 1756 42 20 000
866 1756 40 23 kr.,
921 1755 162 21 brännvinstill-

190 1785 179 27 verkningsskatt
388 1786 24 19 18
421 1785 41 20 000
471 1785 41 21 000
525 1786 40 23 kr.,
579 1785 333 27 rusdrycksförsäljningsmedel:
925 1785 158 27 partihandels-

190 1815 65 26 bolag
265 1815 27 20 30
300 1815 42 20 000
350 1815 42 20 000
402 1815 40 23 kr.,
454 1815 225 26 detaljhandelsbolag
689 1815 26 20 25
724 1815 41 20 000
774 1815 41 20 000
825 1815 40 23 kr.,
877 1815 155 26 omsättnings-
1043 1815 39 19 och

191 1845 222 26 utskänkningsskatt
426 1846 11 19 å
451 1845 149 26 spritdrycker
612 1845 41 20 290
661 1845 41 20 000
711 1845 41 20 000
765 1845 39 23 kr.,
819 1845 155 26 omsättnings-
991 1845 39 19 och
1049 1846 33 18 ut-

190 1874 197 27 skänkningsskatt
403 1875 12 20 å
432 1875 37 20 vin
488 1875 25 20 15
514 1870 48 36 000
564 1870 52 36 000
629 1875 39 23 kr.,
686 1875 197 26 maltdrycksskatt
899 1874 27 21 38
934 1870 42 36 000
978 1870 45 36 000
1041 1874 40 23 kr.,

190 1904 61 20 skatt
261 1905 12 19 å
285 1904 152 26 läskedrycker
449 1905 25 19 12
483 1904 41 20 000
532 1904 41 20 000
584 1905 39 23 kr.,
635 1904 75 27 statlig
720 1904 123 26 nöjesskatt
855 1904 24 20 17
888 1904 41 20 000
938 1904 41 20 000
989 1904 32 20 kr.
1032 1904 51 19 eller

190 1934 91 26 tillhopa
296 1935 8 19 1
315 1934 41 20 302
365 1934 41 20 300
414 1934 42 20 000
468 1934 39 23 kr.,
521 1934 127 26 postverket
660 1934 131 26 (överskott)
803 1934 27 20 42
838 1934 42 20 000
888 1934 41 20 000
941 1934 32 20 kr.

219 1981 41 21 RD
277 1981 101 23 besluter,
394 1983 35 19 att
444 1982 140 20 bottenskatt
599 1982 67 26 enligt
683 1982 43 25 18$
742 1982 153 26 förordningen
911 1987 34 14 om
961 1981 75 26 statlig
1051 1981 79 20 in-|46|]
1172 1993 26 2 —
1202 1976 19 37 |
1243 1980 77 21 —J25

189 2011 83 20 komst-
288 2012 40 19 och
343 2011 224 26 förmögenhetsskatt
581 2011 55 21 skall
651 2023 27 2 —
692 2012 50 20 med
757 2011 142 26 iakttagande
914 2017 29 14 av
958 2011 42 20 vad
1016 2011 6 20 i
1037 2011 45 25 20$

189 2041 68 20 andra
270 2041 88 26 stycket
369 2047 84 14 samma
466 2041 125 26 förordning
603 2041 89 26 stadgas
704 2041 40 20 och
757 2041 68 20 under
837 2041 123 20 beaktande
972 2041 70 20 tillika
1054 2046 29 15 av

189 2071 44 20 vad
246 2077 35 13 om
294 2071 182 20 efterskänkande
489 2077 28 14 av
530 2071 61 20 skatt
603 2073 24 18 är
639 2071 6 19 i
658 2070 312 27 övergångsbestämmelserna
983 2070 32 20 till
1029 2077 54 19 upp-

190 2100 219 26 bördsförordningen
420 2101 89 26 stadgat
518 2112 27 3 —
555 2101 33 20 för
597 2101 24 19 år
633 2100 52 20 1946
695 2101 52 25 utgå
757 2101 49 19 med
819 2100 38 20 150
867 2102 90 25 procent
966 2106 28 14 av
1003 2100 80 26 grund-

1322 1981 12 19 An

1370 1980 11 19 3

1404 1993 26 1 |

1469 1980 26 20 50
1493 1976 18 35 |
1519 1980 41 21 439
1559 1976 18 35 1
1585 1981 32 20 29:
1632 1980 136 20 107/30:109d
