1845 2353
162 73 44 21 268

180 252 258 27 Fastighetsarrondering.

180 288 146 26 huvudsaklig
338 288 216 21 överensstämmelse
567 289 49 19 med
630 289 26 19 de
669 295 28 13 av
709 288 230 26 jordbruksutskottet
951 288 121 27 tillstyrkta

179 318 123 26 grunderna
316 318 45 20 dels
375 318 40 20 ock
429 319 35 19 att
477 318 34 20 för
524 318 167 21 verksamheten
706 318 69 21 under
787 318 131 27 budgetåret
934 318 89 26 1945/46
1037 319 35 20 må

180 348 125 26 disponeras
316 348 65 26 högst
393 348 8 20 1
412 348 42 20 000
462 348 41 20 000
514 348 32 20 kr.
557 354 29 14 av
597 348 255 26 egnahemslånefonden,
864 348 65 26 högst
941 348 39 21 150
988 348 42 20 000
1040 348 32 20 kr.

179 384 29 14 av
219 378 80 20 fonden
311 378 33 20 för
355 378 118 26 premielån
484 378 33 20 till
528 378 231 26 egnahemslåntagare
770 380 58 18 samt
839 378 64 26 högst
914 378 26 20 50
949 378 41 20 000
1000 378 32 20 kr.
1045 384 28 14 av

179 407 245 27 reservationsanslaget
436 407 32 21 till
482 408 76 26 bidrag
570 407 33 21 till
616 407 82 21 inlösen
710 414 29 14 av
751 408 57 20 vissa
821 408 127 26 byggnader
959 408 38 20 vid
1010 408 63 20 utök-

180 437 51 27 ning
240 443 28 14 av
278 437 155 27 ofullständiga
442 437 113 26 jordbruk;
566 438 40 19 och
616 437 87 21 anvisar
713 438 42 20 RD
766 437 32 21 till
808 438 119 20 kostnader
936 438 33 19 för
978 437 43 20 viss
1031 438 42 19 för-

179 467 192 20 söksverksamhet
389 467 33 20 för
439 467 198 20 åstadkommande
655 473 28 14 av
701 468 73 19 bättre
792 467 257 27 fastighetsarrondering
1067 467 5 20 i

179 497 109 20 Norrland
304 503 67 14 m.m.
388 497 12 20 å
417 497 132 26 tilläggsstat
567 497 20 20 II
604 497 32 20 till
653 497 117 20 riksstaten
787 497 33 20 för
836 497 130 26 budgetåret
983 497 90 26 1945/46

179 527 27 20 35
214 527 42 20 000
267 527 32 20 kr.
312 527 28 26 (r)
352 528 58 19 samt
421 527 12 20 å
446 527 117 20 riksstaten
576 527 33 20 för
621 527 130 26 budgetåret
764 527 90 25 1945/46
865 526 33 21 till
910 527 119 20 kostnader
1040 527 33 20 för

179 556 44 21 viss
242 557 226 20 försöksverksamhet
487 557 34 20 för
539 557 198 20 åstadkommande
751 563 29 13 av
796 557 72 20 bättre
883 556 190 27 fastighetsarron-

179 586 75 27 dering
263 586 6 20 i
279 586 108 21 Norrland
397 586 27 20 70
432 586 42 21 000
483 586 31 20 kr.
525 586 28 26 (r)
562 588 58 18 samt
630 586 32 20 till
672 586 76 27 bidrag
757 586 32 20 till
799 586 169 27 genomförande
977 593 28 14 av
1015 586 57 20 vissa

179 616 254 27 arronderingsåtgärder
442 616 6 20 i
459 616 108 20 Norrland
579 616 39 20 150
626 616 42 20 000
677 616 32 20 kr.
720 616 35 26 (r).

209 658 17 20 1.
244 658 42 20 RD
297 657 89 21 anvisar
396 658 33 20 till
439 658 119 20 kostnader
568 658 34 20 för
612 657 44 21 viss
667 658 226 20 försöksverksamhet
903 658 33 20 för
947 658 125 20 åstadkom-

179 688 79 20 mande
267 694 29 14 av
306 688 73 20 bättre
388 688 257 26 fastighetsarrondering
654 688 6 19 i
670 688 109 20 Norrland
788 688 27 20 90
824 688 41 20 000
874 688 32 20 kr.
917 687 34 27 (r).

207 718 19 20 2.
244 718 42 20 RD
300 717 88 21 anvisar
400 717 33 21 till
447 717 76 27 bidrag
536 717 33 21 till
582 718 181 26 genomförandet
776 724 28 14 av
817 717 58 21 vissa
888 717 185 27 arronderingsåt-

178 748 78 26 gärder
264 747 7 20 i
280 747 109 21 Norrland
400 747 39 21 150
448 748 41 20 000
497 748 32 19 kr.
540 747 35 27 (r).

209 789 17 20 1.
243 789 42 20 RD
297 789 88 20 anvisar
395 789 33 21 till
439 789 119 20 kostnader
568 789 33 20 för
612 789 43 20 viss
666 789 226 20 försöksverksamhet
903 789 33 20 för
946 789 126 20 åstadkom-

179 819 79 20 mande
269 825 28 14 av
309 819 73 20 bättre
393 819 257 27 fastighetsarrondering
661 819 6 20 i
678 819 109 20 Norrland
798 819 27 20 90
833 819 42 20 000
885 819 32 20 kr.
929 818 35 27 (r).

208 850 19 19 2.
244 849 42 20 RD
300 849 88 20 anvisar
400 849 33 20 till
447 849 77 26 bidrag
536 849 33 20 till
582 849 181 26 genomförandet
776 855 28 14 av
817 848 57 21 vissa
888 848 185 27 arronderingsåt-

179 879 77 26 gärder
267 879 6 20 i
285 879 109 20 Norrland
407 879 40 20 100
455 879 41 20 000
507 879 32 20 kr.
552 878 35 27 (r).

208 909 26 20 Se
249 909 41 20 ock
306 908 216 27 Egnahemsbildning
536 909 70 26 (1946:
621 911 29 21 18,
668 908 58 21 1947:
741 908 38 27 14).

180 950 376 25 FASTIGHETSBESKATTNING;
570 956 22 14 se
607 950 132 21 Skatteväsen
754 950 66 26 (spec.
837 950 68 26 1944).

180 992 312 21 FASTIGHETSBILDNING.

208 1028 42 20 RD
259 1029 91 25 antager
357 1028 81 26 förslag
445 1027 33 21 till
486 1028 35 26 lag
529 1033 49 21 ang.
587 1027 92 27 ändring
688 1027 6 20 i
702 1027 57 21 vissa
769 1027 59 21 delar
835 1034 28 14 av
872 1027 61 27 lagen
943 1027 41 20 den
995 1027 25 20 12
1027 1027 44 26 maj

182 1057 51 20 1917
245 1057 35 25 (nr
291 1057 49 26 269)
352 1063 35 14 om
399 1057 214 26 fastighetsbildning
624 1057 7 20 i
642 1057 56 20 stad.

208 1099 42 20 RD
259 1100 92 25 antager
358 1098 35 27 lag
401 1099 50 20 med
460 1099 105 20 särskilda
575 1098 163 20 bestämmelser
746 1104 35 14 om
791 1098 214 27 fastighetsbildning
1013 1098 59 20 inom

180 1128 57 20 vissa
248 1129 104 20 områden
362 1134 29 14 av
401 1128 50 20 stad
462 1130 58 18 samt
530 1128 35 26 lag
575 1133 49 21 ang.
635 1128 92 26 ändring
738 1128 6 20 i
755 1128 62 26 lagen
828 1128 41 20 den
883 1128 24 20 12
917 1127 43 26 maj
975 1128 52 20 1917
1038 1128 35 25 (nr

179 1158 50 26 269)
240 1164 35 14 om
287 1158 215 26 fastighetsbildning
513 1158 6 20 i
530 1158 56 20 stad.

208 1200 42 20 RD
260 1201 91 25 antager
360 1200 35 26 lag
405 1206 35 14 om
450 1199 92 27 ändring
552 1199 6 20 i
568 1199 62 26 lagen
641 1199 41 20 den
694 1199 25 20 12
728 1199 44 26 maj
786 1199 52 20 1917
848 1199 35 26 (nr
892 1199 50 25 269)
952 1205 35 14 om
998 1198 74 27 fastig-

180 1229 147 26 hetsbildning
340 1229 6 20 i
360 1229 56 23 stad,
431 1229 34 26 lag
478 1234 49 21 ang.
541 1229 83 20 ändrad
639 1229 80 26 lydelse
732 1235 28 14 av
773 1229 68 20 första
855 1229 88 26 stycket
955 1229 62 26 lagen
1031 1229 41 19 den

179 1259 26 20 27
219 1259 53 20 febr.
288 1259 53 20 1948
355 1259 35 26 (nr
402 1259 36 26 96)
451 1259 50 20 med
514 1258 106 21 särskilda
634 1258 163 21 bestämmelser
810 1264 35 14 om
859 1258 214 26 fastighetsbildning

180 1288 58 21 inom
252 1289 57 20 vissa
323 1289 103 20 områden
440 1295 28 14 av
481 1289 57 23 stad,
552 1288 35 26 lag
600 1294 49 20 ang.
663 1288 92 26 ändring
768 1288 7 20 i
788 1288 62 26 lagen
864 1288 41 20 den
921 1288 24 20 18
958 1288 47 26 juni
1020 1288 53 20 1926

180 1318 34 26 (nr
226 1318 50 26 336)
289 1324 35 14 om
337 1318 203 26 sammanläggning
552 1324 28 14 av
593 1318 128 26 fastigheter
733 1318 12 20 å
758 1318 81 23 landet,
853 1318 35 26 lag
900 1323 49 21 ang.
962 1317 93 27 ändring
1067 1317 6 20 i

179 1348 63 26 lagen
256 1348 41 20 den
312 1348 25 20 18
350 1348 48 26 juni
414 1348 52 20 1925
480 1348 35 26 (nr
528 1348 49 25 334)
592 1354 35 13 om
641 1349 46 18 rätt
700 1347 6 20 i
720 1347 57 20 vissa
791 1347 37 20 fall
842 1347 33 20 för
889 1347 184 26 nyttjanderätts-

180 1378 81 20 havare
276 1379 36 19 att
328 1378 68 20 inlösa
413 1378 69 20 under
497 1378 166 26 nyttjanderätt
678 1377 101 27 upplåtet
795 1377 88 20 område
899 1379 59 18 samt
973 1377 35 26 lag
1023 1383 49 20 ang.

179 1408 93 26 ändring
286 1408 7 19 i
307 1408 63 26 lagen
385 1408 42 20 den
442 1408 26 20 25
483 1407 54 27 april
554 1407 53 21 1930
622 1407 35 26 (nr
671 1407 36 26 99)
722 1413 35 14 om
773 1407 87 26 delning
874 1413 28 14 av
917 1407 105 26 fastighet
1035 1407 37 20 vid

179 1437 92 27 ändring
283 1437 7 20 i
302 1437 67 20 rikets
381 1437 111 26 indelning
503 1443 29 14 m.
543 1443 28 14 m.

207 1467 27 20 Se
248 1467 40 20 ock
305 1467 92 26 Delning
411 1473 26 14 av
449 1467 54 26 jord,
519 1466 145 21 Fornminnen
680 1466 80 26 (1942),
778 1466 180 27 Interpellationer
972 1466 70 26 (1949:
1054 1468 18 21 6,

181 1496 41 27 55),
233 1496 200 24 Lantmäteriväsen,
449 1496 140 27 Vattenlagen.

179 1534 283 25 FASTIGHETSBÖCKER
471 1534 54 25 FÖR
534 1537 122 25 LANDET;
666 1544 22 13 se
697 1537 185 21 Häradsrätterna.

179 1579 389 25 FASTIGHETSFIDEIKOMMISS;
581 1585 23 14 se
617 1579 71 21 Enkla
700 1579 70 26 frågor
783 1578 70 26 (1942:
865 1578 27 26 9).

180 1621 253 25 FASTIGHETSFOND,
444 1617 185 25 FÖRSVARETS.

208 1657 41 20 RD
263 1656 88 21 anvisar
363 1657 32 20 till
408 1657 122 26 ersättning
542 1656 33 20 till
588 1656 213 20 försvarsväsendets
814 1656 175 26 fastighetsfond:
1003 1656 70 20 armé-

179 1686 172 27 förvaltningens
363 1686 88 21 delfond
463 1686 12 20 7
484 1686 41 20 575
533 1686 42 20 000
586 1686 31 20 kr.
630 1686 33 26 (f),
676 1685 32 21 till
719 1685 122 27 ersättning
851 1685 33 21 till
900 1686 172 20 försvarsväsen-

179 1716 48 20 dets
237 1716 175 26 fastighetsfond:
423 1716 243 26 marinförvaltningens
676 1715 89 21 delfond
774 1715 12 20 4
795 1715 41 21 095
844 1715 42 20 000
895 1715 31 20 kr.
937 1715 26 26 (f)
973 1716 58 19 samt
1040 1715 32 20 till

179 1745 122 27 ersättning
318 1746 33 20 till
368 1746 213 20 försvarsväsendets
598 1745 176 27 fastighetsfond:
792 1745 219 26 flygförvaltningens
1029 1745 43 20 del-

179 1775 52 21 fond
243 1776 13 20 3
265 1776 41 20 052
315 1776 41 20 000
367 1776 32 20 kr.
413 1776 32 26 (f).

208 1817 41 20 RD
258 1817 127 27 godkänner
393 1817 79 27 förslag
480 1817 33 20 till
521 1818 46 19 stat
576 1817 32 20 för
616 1817 213 20 försvarsväsendets
838 1816 168 27 fastighetsfond
1015 1818 58 18 samt

179 1847 88 20 anvisar
278 1847 34 20 till
324 1847 123 27 ersättning
459 1847 33 20 till
505 1847 213 20 försvarsväsendets
730 1846 176 27 fastighetsfond:
920 1846 34 20 till
969 1846 103 21 arméför-

179 1877 139 26 valtningens
333 1877 88 20 delfond
439 1877 25 20 10
472 1876 40 21 444
522 1877 41 20 000
578 1877 32 20 kr.
627 1877 33 26 (f),
676 1876 33 20 till
724 1876 244 26 marinförvaltningens
984 1876 87 20 delfond

179 1906 11 20 4
201 1906 40 21 593
250 1907 41 20 000
300 1907 32 20 kr.
344 1907 26 26 (f)
380 1908 58 19 samt
447 1906 33 21 till
490 1906 219 27 flygförvaltningens
719 1906 88 20 delfond
817 1906 12 20 4
839 1905 40 21 549
888 1906 41 20 000
939 1906 32 20 kr.
982 1906 33 25 (f).

208 1948 42 20 RD
262 1948 127 26 godkänner
400 1948 80 26 förslag
492 1948 33 20 till
537 1949 46 19 stat
595 1948 33 20 för
640 1948 80 20 fonden
732 1948 34 20 för
778 1947 130 27 budgetåret
922 1947 96 26 1943/44;
1032 1947 40 20 och

179 1977 88 21 anvisar
284 1978 42 20 RD
343 1977 34 21 till
394 1978 122 26 ersättning
533 1978 33 20 till
584 1978 80 20 fonden
682 1977 33 21 till
732 1977 233 26 arméförvaltningens
984 1977 87 20 delfond

181 2007 24 21 13
214 2007 41 21 215
263 2008 42 20 000
316 2008 32 19 kr.
361 2007 33 26 (f),
407 2007 33 20 till
451 2007 245 26 marinförvaltningens
708 2007 88 21 delfond
808 2007 12 20 5
830 2007 38 20 711
879 2007 41 20 000
932 2007 31 20 kr.
977 2007 25 25 (f)
1014 2008 58 18 samt

179 2037 33 20 till
220 2037 220 26 flygförvaltningens
449 2037 88 20 delfond
546 2037 13 20 6
568 2036 41 21 428
617 2037 42 20 000
667 2037 32 20 kr.
709 2037 33 26 (f).

207 2072 43 21 RD
259 2072 127 27 godkänner
395 2073 80 26 förslag
484 2072 32 21 till
526 2074 46 19 stat
581 2072 34 21 för
623 2072 213 21 försvarsväsendets
845 2072 177 26 fastighetsfond;
1032 2072 40 20 och

178 2102 89 21 anvisar
279 2103 42 20 RD
334 2102 32 21 till
378 2103 122 26 ersättning
511 2102 33 21 till
556 2102 213 21 försvarsväsendets
781 2101 176 27 fastighetsfond:
970 2101 103 21 arméför-

1094 185 25 20 fela
1190 189 34 19 |
1228 164 95 38 RR
1347 164 109 38 RR
1499 176 58 40 ET

1223 218 32 16 FK
1255 214 26 29 |
1286 218 34 16 AK
1342 218 85 16 |SmllAvd!
1451 218 26 16 Nr
1597 218 32 16 FK
1695 218 35 16 AK

1092 658 28 20 461
1150 658 39 20 1:9
1208 653 7 35 |]
1233 670 28 2 —|
1298 658 122 19 —]101—
1475 658 6 19 1
1538 658 70 19 9113:
1620 660 23 17 46
1650 653 18 34 |
1667 653 41 34 13:
1720 660 24 17 72

1136 692 21 19 pt
1166 690 37 17 158
1437 690 56 17 s.113)

1103 725 8 12 »
1123 714 18 33 I
1150 718 39 20 1:91]
1233 729 28 3 —I|
1298 718 123 19 —I101]—
1475 717 6 20 1
1537 717 70 20 9113:
1619 719 24 18 46
1652 713 17 34 |
1677 717 31 20 13:
1720 719 24 18 72

1137 751 21 20 pt
1166 749 36 18 159
1437 749 56 17 s.114)

1093 789 27 21 47]
1145 790 51 19 1:11]
1233 801 28 3 —]|
1299 789 122 20 —]101]—
1475 789 8 19 1
1537 789 13 19 9
1577 789 65 19 11:67
1658 784 14 34 |
1678 788 66 20 11:92

1137 823 21 20 pt
1167 821 36 18 154
1440 826 15 11 s.
1463 821 24 17 94

1103 856 9 12 »
1145 849 51 20 11:11]
1233 860 28 3 —|
1298 848 123 20 —]101]—
1475 848 6 20 1
1537 848 105 20 9FEeT
1654 844 18 34 I
1677 848 67 20 11:92

1137 883 21 19 pt
1166 877 37 30 155]
1440 886 15 11 s.
1463 880 24 18 94

1093 1028 28 20 431
1162 1027 26 21 241
1234 1039 26 3 —I
1298 1039 27 2 —I
1360 1027 13 20 91:
1408 1027 12 20 21
1461 1027 24 20 131
1523 1026 84 21 97110:
1622 1029 37 17 156]
1678 1026 30 20 11:
1720 1028 24 18 52

1093 1099 27 20 48]
1163 1099 26 19 201
1234 1110 26 2 —I
1299 1109 27 3 —I
1360 1098 13 18 91
1408 1098 13 19 21
1473 1097 12 20 51
1524 1096 120 21 431:7:20
1649 1092 27 35 |
1690 1097 55 19 7:56

1093 1200 28 20 501
1152 1199 37 21 195
1197 1194 26 34 |
1234 1210 27 3 —I
1299 1210 27 2 —I|
1361 1199 13 19 91
1408 1198 12 20 31
1462 1198 181 20 161266117:55
1645 1194 27 34 |
1678 1198 31 20 17:
1723 1200 37 17 134

1093 1656 24 20 411
1151 1656 38 20 158
1197 1649 27 36 |
1234 1667 26 2 —|
1299 1667 27 2 —I
1361 1655 60 20 61—1]
1448 1654 37 21 1191
1510 1653 40 20 2741
1575 1654 33 20 33:
1620 1656 25 17 69
1656 1649 14 36 |
1676 1654 34 20 33:
1721 1656 25 17 30

1092 1816 28 20 421
1150 1816 39 20 1:4]
1233 1827 27 2 —|
1298 1828 27 2 —1I
1360 1816 61 19 6/—
1473 1815 12 19 4
1538 1814 71 20 4124:
1623 1816 37 18 150|
1676 1814 33 20 24:
1724 1816 37 18 159

1137 1849 21 20 pt
1166 1848 36 17 147
1441 1846 80 18 s.511s.
1525 1842 28 30 23

1150 1876 39 19 166

1148 1905 40 21 258

1092 1947 28 20 431
1150 1947 36 20 181
1197 1941 23 35 |
1233 1958 27 2 —|
1298 1958 28 2 —I
1361 1947 60 19 61—]
1460 1945 91 21 751158]
1578 1945 31 20 14:
1621 1948 23 16 26
1648 1941 22 35 |
1679 1945 30 20 14:
1721 1947 24 17 20

1093 2072 28 20 441
1163 2072 26 20 761
1233 2082 28 3 —I|
1298 2082 28 3 —|
1361 2071 61 20 6|—]
1474 2069 12 21 4
1539 2069 13 20 41
1579 2070 65 20 11:52]
1678 2069 31 20 11:
1721 2071 23 18 77

1441 2107 16 11 s.
1464 2101 88 18 981s.31
