<?xml version="1.0" encoding="UTF-8"?>
<alto xmlns="http://www.loc.gov/standards/alto/ns-v3#" xmlns:xlink="http://www.w3.org/1999/xlink" xmlns:xsi="http://www.w3.org/2001/XMLSchema-instance" xsi:schemaLocation="http://www.loc.gov/standards/alto/ns-v3# http://www.loc.gov/alto/v3/alto-3-0.xsd">
	<Description>
		<MeasurementUnit>pixel</MeasurementUnit>
		<sourceImageInformation>
			<fileName></fileName>
		</sourceImageInformation>
		<OCRProcessing ID="OCR_0">
			<ocrProcessingStep>
				<processingSoftware>
					<softwareName>tesseract 4.1.1</softwareName>
				</processingSoftware>
			</ocrProcessingStep>
		</OCRProcessing>
	</Description>
	<Layout>
		<Page WIDTH="1843" HEIGHT="2355" PHYSICAL_IMG_NR="0" ID="page_0">
			<PrintSpace HPOS="0" VPOS="0" WIDTH="1843" HEIGHT="2355">
				<ComposedBlock ID="cblock_0" HPOS="806" VPOS="138" WIDTH="868" HEIGHT="34">
					<TextBlock ID="block_0" HPOS="806" VPOS="138" WIDTH="868" HEIGHT="34">
						<TextLine ID="line_0" HPOS="806" VPOS="138" WIDTH="868" HEIGHT="34">
							<String ID="string_0" HPOS="806" VPOS="138" WIDTH="135" HEIGHT="34" WC="0.80" CONTENT="SAKREGISTER"/><SP WIDTH="693" VPOS="138" HPOS="941"/>
							<String ID="string_1" HPOS="1634" VPOS="140" WIDTH="40" HEIGHT="21" WC="0.96" CONTENT="391"/>
						</TextLine>
					</TextBlock>
				</ComposedBlock>
				<ComposedBlock ID="cblock_1" HPOS="66" VPOS="188" WIDTH="1608" HEIGHT="14">
					<TextBlock ID="block_1" HPOS="66" VPOS="188" WIDTH="1608" HEIGHT="14">
						<TextLine ID="line_1" HPOS="66" VPOS="188" WIDTH="1608" HEIGHT="14">
							<String ID="string_2" HPOS="66" VPOS="188" WIDTH="1608" HEIGHT="14" WC="0.95" CONTENT=" "/>
						</TextLine>
					</TextBlock>
				</ComposedBlock>
				<ComposedBlock ID="cblock_2" HPOS="1388" VPOS="216" WIDTH="259" HEIGHT="108">
					<TextBlock ID="block_2" HPOS="1388" VPOS="216" WIDTH="247" HEIGHT="52">
						<TextLine ID="line_2" HPOS="1398" VPOS="216" WIDTH="53" HEIGHT="18">
							<String ID="string_3" HPOS="1398" VPOS="216" WIDTH="53" HEIGHT="18" WC="0.91" CONTENT="Riks-"/>
						</TextLine>
						<TextLine ID="line_3" HPOS="1388" VPOS="242" WIDTH="247" HEIGHT="31">
							<String ID="string_4" HPOS="1388" VPOS="242" WIDTH="72" HEIGHT="31" WC="0.96" CONTENT="dagens"/><SP WIDTH="57" VPOS="242" HPOS="1460"/>
							<String ID="string_5" HPOS="1517" VPOS="245" WIDTH="118" HEIGHT="18" WC="0.90" CONTENT="Kamrarnas"/>
						</TextLine>
					</TextBlock>
					<TextBlock ID="block_3" HPOS="1393" VPOS="272" WIDTH="254" HEIGHT="52">
						<TextLine ID="line_4" HPOS="1393" VPOS="272" WIDTH="254" HEIGHT="31">
							<String ID="string_6" HPOS="1393" VPOS="272" WIDTH="55" HEIGHT="31" WC="0.92" CONTENT="skri-"/><SP WIDTH="54" VPOS="272" HPOS="1448"/>
							<String ID="string_7" HPOS="1502" VPOS="275" WIDTH="145" HEIGHT="23" WC="0.96" CONTENT="förhandlingar"/>
						</TextLine>
						<TextLine ID="line_5" HPOS="1395" VPOS="306" WIDTH="62" HEIGHT="18">
							<String ID="string_8" HPOS="1395" VPOS="306" WIDTH="62" HEIGHT="18" WC="0.92" CONTENT="velser"/>
						</TextLine>
					</TextBlock>
				</ComposedBlock>
				<ComposedBlock ID="cblock_3" HPOS="66" VPOS="193" WIDTH="1608" HEIGHT="11">
					<TextBlock ID="block_4" HPOS="66" VPOS="193" WIDTH="1608" HEIGHT="11">
						<TextLine ID="line_6" HPOS="66" VPOS="193" WIDTH="1608" HEIGHT="11">
							<String ID="string_9" HPOS="66" VPOS="193" WIDTH="1608" HEIGHT="11" WC="0.95" CONTENT=" "/>
						</TextLine>
					</TextBlock>
				</ComposedBlock>
				<ComposedBlock ID="cblock_4" HPOS="66" VPOS="198" WIDTH="1608" HEIGHT="9">
					<TextBlock ID="block_5" HPOS="66" VPOS="198" WIDTH="1608" HEIGHT="9">
						<TextLine ID="line_7" HPOS="66" VPOS="198" WIDTH="1608" HEIGHT="9">
							<String ID="string_10" HPOS="66" VPOS="198" WIDTH="1608" HEIGHT="9" WC="0.95" CONTENT=" "/>
						</TextLine>
					</TextBlock>
				</ComposedBlock>
				<ComposedBlock ID="cblock_5" HPOS="1075" VPOS="234" WIDTH="279" HEIGHT="78">
					<TextBlock ID="block_6" HPOS="1075" VPOS="234" WIDTH="279" HEIGHT="78">
						<TextLine ID="line_8" HPOS="1232" VPOS="234" WIDTH="94" HEIGHT="18">
							<String ID="string_11" HPOS="1232" VPOS="234" WIDTH="94" HEIGHT="18" WC="0.91" CONTENT="Utskotts-"/>
						</TextLine>
						<TextLine ID="line_9" HPOS="1075" VPOS="260" WIDTH="257" HEIGHT="31">
							<String ID="string_12" HPOS="1075" VPOS="260" WIDTH="94" HEIGHT="31" WC="0.96" CONTENT="Motioner"/><SP WIDTH="51" VPOS="260" HPOS="1169"/>
							<String ID="string_13" HPOS="1220" VPOS="264" WIDTH="112" HEIGHT="18" WC="0.96" CONTENT="utlåtanden"/>
						</TextLine>
						<TextLine ID="line_10" HPOS="1197" VPOS="294" WIDTH="157" HEIGHT="18">
							<String ID="string_14" HPOS="1197" VPOS="295" WIDTH="45" HEIGHT="17" WC="0.96" CONTENT="eller"/><SP WIDTH="14" VPOS="295" HPOS="1242"/>
							<String ID="string_15" HPOS="1256" VPOS="294" WIDTH="98" HEIGHT="18" WC="0.96" CONTENT="memorial"/>
						</TextLine>
					</TextBlock>
				</ComposedBlock>
				<ComposedBlock ID="cblock_6" HPOS="1072" VPOS="341" WIDTH="598" HEIGHT="5">
					<TextBlock ID="block_7" HPOS="1072" VPOS="341" WIDTH="598" HEIGHT="5">
						<TextLine ID="line_11" HPOS="1072" VPOS="341" WIDTH="598" HEIGHT="5">
							<String ID="string_16" HPOS="1072" VPOS="341" WIDTH="598" HEIGHT="5" WC="0.95" CONTENT=" "/>
						</TextLine>
					</TextBlock>
				</ComposedBlock>
				<ComposedBlock ID="cblock_7" HPOS="1488" VPOS="360" WIDTH="170" HEIGHT="42">
					<TextBlock ID="block_8" HPOS="1488" VPOS="360" WIDTH="170" HEIGHT="42">
						<TextLine ID="line_12" HPOS="1491" VPOS="360" WIDTH="166" HEIGHT="18">
							<String ID="string_17" HPOS="1491" VPOS="360" WIDTH="67" HEIGHT="18" WC="0.96" CONTENT="Första"/><SP WIDTH="6" VPOS="360" HPOS="1558"/>
							<String ID="string_18" HPOS="1564" VPOS="356" WIDTH="20" HEIGHT="31" WC="0.96" CONTENT="|"/><SP WIDTH="7" VPOS="356" HPOS="1584"/>
							<String ID="string_19" HPOS="1591" VPOS="360" WIDTH="66" HEIGHT="17" WC="0.96" CONTENT="Andra"/>
						</TextLine>
						<TextLine ID="line_13" HPOS="1488" VPOS="384" WIDTH="170" HEIGHT="18">
							<String ID="string_20" HPOS="1488" VPOS="385" WIDTH="70" HEIGHT="17" WC="0.92" CONTENT="kamm."/><SP WIDTH="1" VPOS="385" HPOS="1558"/>
							<String ID="string_21" HPOS="1559" VPOS="380" WIDTH="24" HEIGHT="31" WC="0.92" CONTENT="|"/><SP WIDTH="5" VPOS="380" HPOS="1583"/>
							<String ID="string_22" HPOS="1588" VPOS="384" WIDTH="70" HEIGHT="18" WC="0.91" CONTENT="kamm."/>
						</TextLine>
					</TextBlock>
				</ComposedBlock>
				<ComposedBlock ID="cblock_8" HPOS="960" VPOS="210" WIDTH="99" HEIGHT="202">
					<TextBlock ID="block_9" HPOS="960" VPOS="210" WIDTH="99" HEIGHT="202">
						<TextLine ID="line_14" HPOS="960" VPOS="240" WIDTH="22" HEIGHT="145">
							<String ID="string_23" HPOS="960" VPOS="240" WIDTH="22" HEIGHT="145" WC="0.0" CONTENT="188S3epsNIY"/>
						</TextLine>
						<TextLine ID="line_15" HPOS="1017" VPOS="228" WIDTH="18" HEIGHT="164">
							<String ID="string_24" HPOS="1018" VPOS="288" WIDTH="17" HEIGHT="104" WC="0.0" CONTENT="198[9ALLYIS"/><SP WIDTH="-18" VPOS="288" HPOS="1035"/>
							<String ID="string_25" HPOS="1017" VPOS="228" WIDTH="17" HEIGHT="47" WC="0.23" CONTENT="TON"/>
						</TextLine>
						<TextLine ID="line_16" HPOS="1037" VPOS="210" WIDTH="22" HEIGHT="202">
							<String ID="string_26" HPOS="1037" VPOS="358" WIDTH="17" HEIGHT="54" WC="0.0" CONTENT="&quot;dosd"/><SP WIDTH="-17" VPOS="358" HPOS="1054"/>
							<String ID="string_27" HPOS="1037" VPOS="286" WIDTH="22" HEIGHT="65" WC="0.0" CONTENT="sy:let"/><SP WIDTH="-22" VPOS="286" HPOS="1059"/>
							<String ID="string_28" HPOS="1037" VPOS="210" WIDTH="21" HEIGHT="65" WC="0.0" CONTENT="I3uuF"/>
						</TextLine>
					</TextBlock>
				</ComposedBlock>
				<ComposedBlock ID="cblock_9" HPOS="1079" VPOS="373" WIDTH="87" HEIGHT="17">
					<TextBlock ID="block_10" HPOS="1079" VPOS="373" WIDTH="87" HEIGHT="17">
						<TextLine ID="line_17" HPOS="1079" VPOS="373" WIDTH="87" HEIGHT="17">
							<String ID="string_29" HPOS="1079" VPOS="373" WIDTH="87" HEIGHT="17" WC="0.33" CONTENT="FEIAKR"/>
						</TextLine>
					</TextBlock>
				</ComposedBlock>
				<ComposedBlock ID="cblock_10" HPOS="1190" VPOS="355" WIDTH="59" HEIGHT="58">
					<TextBlock ID="block_11" HPOS="1190" VPOS="355" WIDTH="59" HEIGHT="58">
						<TextLine ID="line_18" HPOS="1190" VPOS="355" WIDTH="17" HEIGHT="58">
							<String ID="string_30" HPOS="1190" VPOS="355" WIDTH="17" HEIGHT="58" WC="0.35" CONTENT="Tues"/>
						</TextLine>
						<TextLine ID="line_19" HPOS="1232" VPOS="360" WIDTH="17" HEIGHT="50">
							<String ID="string_31" HPOS="1232" VPOS="360" WIDTH="17" HEIGHT="50" WC="0.25" CONTENT="&quot;PAV"/>
						</TextLine>
					</TextBlock>
				</ComposedBlock>
				<ComposedBlock ID="cblock_11" HPOS="1285" VPOS="368" WIDTH="130" HEIGHT="32">
					<TextBlock ID="block_12" HPOS="1285" VPOS="368" WIDTH="130" HEIGHT="32">
						<TextLine ID="line_20" HPOS="1286" VPOS="368" WIDTH="129" HEIGHT="31">
							<String ID="string_32" HPOS="1286" VPOS="368" WIDTH="13" HEIGHT="31" WC="0.54" CONTENT="Zz"/><SP WIDTH="99" VPOS="368" HPOS="1299"/>
							<String ID="string_33" HPOS="1398" VPOS="372" WIDTH="17" HEIGHT="17" WC="0.76" CONTENT="Zz"/>
						</TextLine>
						<TextLine ID="line_21" HPOS="1285" VPOS="390" WIDTH="124" HEIGHT="10">
							<String ID="string_34" HPOS="1285" VPOS="391" WIDTH="11" HEIGHT="9" WC="0.68" CONTENT="4"/><SP WIDTH="102" VPOS="391" HPOS="1296"/>
							<String ID="string_35" HPOS="1398" VPOS="390" WIDTH="11" HEIGHT="9" WC="0.49" CONTENT="4"/>
						</TextLine>
					</TextBlock>
				</ComposedBlock>
				<ComposedBlock ID="cblock_12" HPOS="1344" VPOS="362" WIDTH="119" HEIGHT="46">
					<TextBlock ID="block_13" HPOS="1344" VPOS="362" WIDTH="119" HEIGHT="46">
						<TextLine ID="line_22" HPOS="1344" VPOS="362" WIDTH="17" HEIGHT="46">
							<String ID="string_36" HPOS="1344" VPOS="362" WIDTH="17" HEIGHT="46" WC="0.11" CONTENT="BPpIS"/>
						</TextLine>
						<TextLine ID="line_23" HPOS="1445" VPOS="362" WIDTH="18" HEIGHT="46">
							<String ID="string_37" HPOS="1445" VPOS="362" WIDTH="18" HEIGHT="46" WC="0.54" CONTENT="BpIs"/>
						</TextLine>
					</TextBlock>
				</ComposedBlock>
				<ComposedBlock ID="cblock_13" HPOS="938" VPOS="418" WIDTH="732" HEIGHT="7">
					<TextBlock ID="block_14" HPOS="938" VPOS="418" WIDTH="732" HEIGHT="7">
						<TextLine ID="line_24" HPOS="938" VPOS="418" WIDTH="732" HEIGHT="7">
							<String ID="string_38" HPOS="938" VPOS="418" WIDTH="732" HEIGHT="7" WC="0.95" CONTENT=" "/>
						</TextLine>
					</TextBlock>
				</ComposedBlock>
				<ComposedBlock ID="cblock_14" HPOS="89" VPOS="426" WIDTH="911" HEIGHT="267">
					<TextBlock ID="block_15" HPOS="89" VPOS="426" WIDTH="911" HEIGHT="267">
						<TextLine ID="line_25" HPOS="89" VPOS="426" WIDTH="180" HEIGHT="29">
							<String ID="string_39" HPOS="89" VPOS="426" WIDTH="180" HEIGHT="29" WC="0.89" CONTENT="Dyrtidstillägg."/>
						</TextLine>
						<TextLine ID="line_26" HPOS="92" VPOS="455" WIDTH="908" HEIGHT="27">
							<String ID="string_40" HPOS="92" VPOS="463" WIDTH="9" HEIGHT="16" WC="0.83" CONTENT="8"/><SP WIDTH="19" VPOS="463" HPOS="101"/>
							<String ID="string_41" HPOS="120" VPOS="458" WIDTH="40" HEIGHT="21" WC="0.95" CONTENT="För"/><SP WIDTH="16" VPOS="458" HPOS="160"/>
							<String ID="string_42" HPOS="176" VPOS="457" WIDTH="119" HEIGHT="21" WC="0.96" CONTENT="beredande"/><SP WIDTH="16" VPOS="457" HPOS="295"/>
							<String ID="string_43" HPOS="311" VPOS="456" WIDTH="68" HEIGHT="21" WC="0.96" CONTENT="under"/><SP WIDTH="15" VPOS="456" HPOS="379"/>
							<String ID="string_44" HPOS="394" VPOS="456" WIDTH="59" HEIGHT="21" WC="0.96" CONTENT="tiden"/><SP WIDTH="17" VPOS="456" HPOS="453"/>
							<String ID="string_45" HPOS="470" VPOS="455" WIDTH="10" HEIGHT="21" WC="0.96" CONTENT="1"/><SP WIDTH="18" VPOS="455" HPOS="480"/>
							<String ID="string_46" HPOS="498" VPOS="456" WIDTH="41" HEIGHT="26" WC="0.93" CONTENT="juli"/><SP WIDTH="17" VPOS="456" HPOS="539"/>
							<String ID="string_47" HPOS="556" VPOS="455" WIDTH="87" HEIGHT="21" WC="0.89" CONTENT="1928—"/><SP WIDTH="17" VPOS="455" HPOS="643"/>
							<String ID="string_48" HPOS="660" VPOS="455" WIDTH="27" HEIGHT="21" WC="0.93" CONTENT="30"/><SP WIDTH="16" VPOS="455" HPOS="687"/>
							<String ID="string_49" HPOS="703" VPOS="455" WIDTH="49" HEIGHT="27" WC="0.96" CONTENT="juni"/><SP WIDTH="17" VPOS="455" HPOS="752"/>
							<String ID="string_50" HPOS="769" VPOS="455" WIDTH="56" HEIGHT="20" WC="0.96" CONTENT="1929"/><SP WIDTH="17" VPOS="455" HPOS="825"/>
							<String ID="string_51" HPOS="842" VPOS="462" WIDTH="26" HEIGHT="14" WC="0.93" CONTENT="av"/><SP WIDTH="16" VPOS="462" HPOS="868"/>
							<String ID="string_52" HPOS="884" VPOS="455" WIDTH="45" HEIGHT="27" WC="0.92" CONTENT="dyr-"/><SP WIDTH="17" VPOS="455" HPOS="929"/>
							<String ID="string_53" HPOS="946" VPOS="457" WIDTH="54" HEIGHT="21" WC="0.64" CONTENT="[1928"/>
						</TextLine>
						<TextLine ID="line_27" HPOS="134" VPOS="485" WIDTH="795" HEIGHT="28">
							<String ID="string_54" HPOS="134" VPOS="488" WIDTH="117" HEIGHT="25" WC="0.90" CONTENT="tidstillägg"/><SP WIDTH="16" VPOS="488" HPOS="251"/>
							<String ID="string_55" HPOS="267" VPOS="488" WIDTH="22" HEIGHT="20" WC="0.96" CONTENT="åt"/><SP WIDTH="15" VPOS="488" HPOS="289"/>
							<String ID="string_56" HPOS="304" VPOS="486" WIDTH="101" HEIGHT="21" WC="0.96" CONTENT="nordiska"/><SP WIDTH="15" VPOS="486" HPOS="405"/>
							<String ID="string_57" HPOS="420" VPOS="488" WIDTH="94" HEIGHT="19" WC="0.96" CONTENT="museets"/><SP WIDTH="16" VPOS="488" HPOS="514"/>
							<String ID="string_58" HPOS="530" VPOS="485" WIDTH="97" HEIGHT="27" WC="0.96" CONTENT="personal"/><SP WIDTH="16" VPOS="485" HPOS="627"/>
							<String ID="string_59" HPOS="643" VPOS="485" WIDTH="50" HEIGHT="21" WC="0.96" CONTENT="med"/><SP WIDTH="13" VPOS="485" HPOS="693"/>
							<String ID="string_60" HPOS="706" VPOS="485" WIDTH="110" HEIGHT="26" WC="0.96" CONTENT="undantag"/><SP WIDTH="16" VPOS="485" HPOS="816"/>
							<String ID="string_61" HPOS="832" VPOS="492" WIDTH="26" HEIGHT="14" WC="0.93" CONTENT="av"/><SP WIDTH="14" VPOS="492" HPOS="858"/>
							<String ID="string_62" HPOS="872" VPOS="486" WIDTH="57" HEIGHT="20" WC="0.92" CONTENT="vakt-"/>
						</TextLine>
						<TextLine ID="line_28" HPOS="135" VPOS="515" WIDTH="795" HEIGHT="29">
							<String ID="string_63" HPOS="135" VPOS="518" WIDTH="39" HEIGHT="21" WC="0.93" CONTENT="och"/><SP WIDTH="17" VPOS="518" HPOS="174"/>
							<String ID="string_64" HPOS="191" VPOS="517" WIDTH="209" HEIGHT="27" WC="0.91" CONTENT="arbetarpersonalen"/><SP WIDTH="16" VPOS="517" HPOS="400"/>
							<String ID="string_65" HPOS="416" VPOS="516" WIDTH="36" HEIGHT="20" WC="0.93" CONTENT="vid"/><SP WIDTH="15" VPOS="516" HPOS="452"/>
							<String ID="string_66" HPOS="467" VPOS="515" WIDTH="225" HEIGHT="27" WC="0.72" CONTENT="friluftsavdelningen"/><SP WIDTH="15" VPOS="515" HPOS="692"/>
							<String ID="string_67" HPOS="707" VPOS="516" WIDTH="13" HEIGHT="19" WC="0.93" CONTENT="å"/><SP WIDTH="16" VPOS="516" HPOS="720"/>
							<String ID="string_68" HPOS="736" VPOS="515" WIDTH="95" HEIGHT="21" WC="0.96" CONTENT="Skansen"/><SP WIDTH="15" VPOS="515" HPOS="831"/>
							<String ID="string_69" HPOS="846" VPOS="516" WIDTH="84" HEIGHT="20" WC="0.96" CONTENT="anvisas"/>
						</TextLine>
						<TextLine ID="line_29" HPOS="135" VPOS="545" WIDTH="795" HEIGHT="29">
							<String ID="string_70" HPOS="135" VPOS="549" WIDTH="33" HEIGHT="20" WC="0.96" CONTENT="för"/><SP WIDTH="23" VPOS="549" HPOS="168"/>
							<String ID="string_71" HPOS="191" VPOS="548" WIDTH="125" HEIGHT="26" WC="0.93" CONTENT="budgetåret"/><SP WIDTH="24" VPOS="548" HPOS="316"/>
							<String ID="string_72" HPOS="340" VPOS="546" WIDTH="125" HEIGHT="27" WC="0.92" CONTENT="1928/1929"/><SP WIDTH="25" VPOS="546" HPOS="465"/>
							<String ID="string_73" HPOS="490" VPOS="548" WIDTH="30" HEIGHT="19" WC="0.95" CONTENT="ett"/><SP WIDTH="19" VPOS="548" HPOS="520"/>
							<String ID="string_74" HPOS="539" VPOS="548" WIDTH="60" HEIGHT="18" WC="0.96" CONTENT="extra"/><SP WIDTH="24" VPOS="548" HPOS="599"/>
							<String ID="string_75" HPOS="623" VPOS="545" WIDTH="73" HEIGHT="27" WC="0.95" CONTENT="anslag"/><SP WIDTH="16" VPOS="545" HPOS="696"/>
							<String ID="string_76" HPOS="712" VPOS="552" WIDTH="27" HEIGHT="14" WC="0.96" CONTENT="av"/><SP WIDTH="16" VPOS="552" HPOS="739"/>
							<String ID="string_77" HPOS="755" VPOS="546" WIDTH="28" HEIGHT="19" WC="0.91" CONTENT="44"/><SP WIDTH="9" VPOS="546" HPOS="783"/>
							<String ID="string_78" HPOS="792" VPOS="545" WIDTH="43" HEIGHT="21" WC="0.91" CONTENT="000"/><SP WIDTH="16" VPOS="545" HPOS="835"/>
							<String ID="string_79" HPOS="851" VPOS="546" WIDTH="31" HEIGHT="20" WC="0.96" CONTENT="kr."/><SP WIDTH="17" VPOS="546" HPOS="882"/>
							<String ID="string_80" HPOS="899" VPOS="547" WIDTH="31" HEIGHT="19" WC="0.96" CONTENT="att"/>
						</TextLine>
						<TextLine ID="line_30" HPOS="135" VPOS="575" WIDTH="794" HEIGHT="29">
							<String ID="string_81" HPOS="135" VPOS="579" WIDTH="51" HEIGHT="25" WC="0.96" CONTENT="utgå"/><SP WIDTH="22" VPOS="579" HPOS="186"/>
							<String ID="string_82" HPOS="208" VPOS="578" WIDTH="67" HEIGHT="20" WC="0.96" CONTENT="under"/><SP WIDTH="15" VPOS="578" HPOS="275"/>
							<String ID="string_83" HPOS="290" VPOS="576" WIDTH="137" HEIGHT="26" WC="0.96" CONTENT="iakttagande"/><SP WIDTH="16" VPOS="576" HPOS="427"/>
							<String ID="string_84" HPOS="443" VPOS="577" WIDTH="7" HEIGHT="19" WC="0.96" CONTENT="i"/><SP WIDTH="16" VPOS="577" HPOS="450"/>
							<String ID="string_85" HPOS="466" VPOS="576" WIDTH="129" HEIGHT="26" WC="0.96" CONTENT="tillämpliga"/><SP WIDTH="16" VPOS="576" HPOS="595"/>
							<String ID="string_86" HPOS="611" VPOS="575" WIDTH="59" HEIGHT="21" WC="0.96" CONTENT="delar"/><SP WIDTH="15" VPOS="575" HPOS="670"/>
							<String ID="string_87" HPOS="685" VPOS="581" WIDTH="27" HEIGHT="14" WC="0.96" CONTENT="av"/><SP WIDTH="16" VPOS="581" HPOS="712"/>
							<String ID="string_88" HPOS="728" VPOS="575" WIDTH="25" HEIGHT="20" WC="0.95" CONTENT="de"/><SP WIDTH="16" VPOS="575" HPOS="753"/>
							<String ID="string_89" HPOS="769" VPOS="575" WIDTH="98" HEIGHT="26" WC="0.95" CONTENT="grunder,"/><SP WIDTH="17" VPOS="575" HPOS="867"/>
							<String ID="string_90" HPOS="884" VPOS="581" WIDTH="45" HEIGHT="15" WC="0.96" CONTENT="som"/>
						</TextLine>
						<TextLine ID="line_31" HPOS="135" VPOS="605" WIDTH="794" HEIGHT="27">
							<String ID="string_91" HPOS="135" VPOS="608" WIDTH="73" HEIGHT="20" WC="0.93" CONTENT="kunna"/><SP WIDTH="24" VPOS="608" HPOS="208"/>
							<String ID="string_92" HPOS="232" VPOS="607" WIDTH="65" HEIGHT="21" WC="0.92" CONTENT="varda"/><SP WIDTH="23" VPOS="607" HPOS="297"/>
							<String ID="string_93" HPOS="320" VPOS="606" WIDTH="111" HEIGHT="21" WC="0.94" CONTENT="bestämda"/><SP WIDTH="24" VPOS="606" HPOS="431"/>
							<String ID="string_94" HPOS="455" VPOS="605" WIDTH="132" HEIGHT="21" WC="0.93" CONTENT="beträffande"/><SP WIDTH="24" VPOS="605" HPOS="587"/>
							<String ID="string_95" HPOS="611" VPOS="605" WIDTH="158" HEIGHT="27" WC="0.92" CONTENT="dyrtidstillägg"/><SP WIDTH="22" VPOS="605" HPOS="769"/>
							<String ID="string_96" HPOS="791" VPOS="605" WIDTH="68" HEIGHT="20" WC="0.91" CONTENT="under"/><SP WIDTH="18" VPOS="605" HPOS="859"/>
							<String ID="string_97" HPOS="877" VPOS="607" WIDTH="52" HEIGHT="19" WC="0.91" CONTENT="mot-"/>
						</TextLine>
						<TextLine ID="line_32" HPOS="136" VPOS="635" WIDTH="793" HEIGHT="27">
							<String ID="string_98" HPOS="136" VPOS="637" WIDTH="103" HEIGHT="21" WC="0.96" CONTENT="svarande"/><SP WIDTH="16" VPOS="637" HPOS="239"/>
							<String ID="string_99" HPOS="255" VPOS="637" WIDTH="31" HEIGHT="20" WC="0.96" CONTENT="tid"/><SP WIDTH="16" VPOS="637" HPOS="286"/>
							<String ID="string_100" HPOS="302" VPOS="638" WIDTH="21" HEIGHT="19" WC="0.93" CONTENT="åt"/><SP WIDTH="12" VPOS="638" HPOS="323"/>
							<String ID="string_101" HPOS="335" VPOS="636" WIDTH="209" HEIGHT="26" WC="0.91" CONTENT="befattningshavare"/><SP WIDTH="11" VPOS="636" HPOS="544"/>
							<String ID="string_102" HPOS="555" VPOS="636" WIDTH="8" HEIGHT="19" WC="0.96" CONTENT="i"/><SP WIDTH="11" VPOS="636" HPOS="563"/>
							<String ID="string_103" HPOS="574" VPOS="636" WIDTH="81" HEIGHT="19" WC="0.96" CONTENT="statens"/><SP WIDTH="11" VPOS="636" HPOS="655"/>
							<String ID="string_104" HPOS="666" VPOS="635" WIDTH="46" HEIGHT="21" WC="0.93" CONTENT="icke"/><SP WIDTH="12" VPOS="635" HPOS="712"/>
							<String ID="string_105" HPOS="724" VPOS="635" WIDTH="137" HEIGHT="27" WC="0.91" CONTENT="nyreglerade"/><SP WIDTH="10" VPOS="635" HPOS="861"/>
							<String ID="string_106" HPOS="871" VPOS="635" WIDTH="58" HEIGHT="25" WC="0.96" CONTENT="verk,"/>
						</TextLine>
						<TextLine ID="line_33" HPOS="135" VPOS="665" WIDTH="794" HEIGHT="28">
							<String ID="string_107" HPOS="135" VPOS="668" WIDTH="39" HEIGHT="20" WC="0.96" CONTENT="och"/><SP WIDTH="17" VPOS="668" HPOS="174"/>
							<String ID="string_108" HPOS="191" VPOS="667" WIDTH="66" HEIGHT="26" WC="0.96" CONTENT="enligt"/><SP WIDTH="15" VPOS="667" HPOS="257"/>
							<String ID="string_109" HPOS="272" VPOS="667" WIDTH="26" HEIGHT="20" WC="0.96" CONTENT="de"/><SP WIDTH="16" VPOS="667" HPOS="298"/>
							<String ID="string_110" HPOS="314" VPOS="668" WIDTH="97" HEIGHT="18" WC="0.95" CONTENT="närmare"/><SP WIDTH="11" VPOS="668" HPOS="411"/>
							<String ID="string_111" HPOS="422" VPOS="665" WIDTH="167" HEIGHT="24" WC="0.96" CONTENT="bestämmelser,"/><SP WIDTH="12" VPOS="665" HPOS="589"/>
							<String ID="string_112" HPOS="601" VPOS="671" WIDTH="47" HEIGHT="14" WC="0.96" CONTENT="som"/><SP WIDTH="11" VPOS="671" HPOS="648"/>
							<String ID="string_113" HPOS="659" VPOS="666" WIDTH="36" HEIGHT="19" WC="0.96" CONTENT="må"/><SP WIDTH="11" VPOS="666" HPOS="695"/>
							<String ID="string_114" HPOS="706" VPOS="672" WIDTH="25" HEIGHT="13" WC="0.93" CONTENT="av"/><SP WIDTH="11" VPOS="672" HPOS="731"/>
							<String ID="string_115" HPOS="742" VPOS="665" WIDTH="61" HEIGHT="20" WC="0.91" CONTENT="KM:t"/><SP WIDTH="11" VPOS="665" HPOS="803"/>
							<String ID="string_116" HPOS="814" VPOS="665" WIDTH="115" HEIGHT="20" WC="0.96" CONTENT="meddelas."/>
						</TextLine>
					</TextBlock>
				</ComposedBlock>
				<ComposedBlock ID="cblock_15" HPOS="1195" VPOS="458" WIDTH="53" HEIGHT="21">
					<TextBlock ID="block_16" HPOS="1195" VPOS="458" WIDTH="53" HEIGHT="21">
						<TextLine ID="line_34" HPOS="1195" VPOS="458" WIDTH="12" HEIGHT="21">
							<String ID="string_117" HPOS="1191" VPOS="463" WIDTH="24" HEIGHT="10" WC="0.30" CONTENT="An”"/>
						</TextLine>
						<TextLine ID="line_35" HPOS="1238" VPOS="458" WIDTH="10" HEIGHT="21">
							<String ID="string_118" HPOS="1238" VPOS="458" WIDTH="10" HEIGHT="21" WC="0.28" CONTENT="-—"/>
						</TextLine>
					</TextBlock>
				</ComposedBlock>
				<ComposedBlock ID="cblock_16" HPOS="1272" VPOS="457" WIDTH="389" HEIGHT="22">
					<TextBlock ID="block_17" HPOS="1272" VPOS="457" WIDTH="389" HEIGHT="22">
						<TextLine ID="line_36" HPOS="1272" VPOS="457" WIDTH="389" HEIGHT="22">
							<String ID="string_119" HPOS="1272" VPOS="458" WIDTH="41" HEIGHT="20" WC="0.96" CONTENT="150"/><SP WIDTH="73" VPOS="458" HPOS="1313"/>
							<String ID="string_120" HPOS="1386" VPOS="457" WIDTH="40" HEIGHT="21" WC="0.96" CONTENT="281"/><SP WIDTH="66" VPOS="457" HPOS="1426"/>
							<String ID="string_121" HPOS="1492" VPOS="457" WIDTH="33" HEIGHT="21" WC="0.95" CONTENT="36:"/><SP WIDTH="11" VPOS="457" HPOS="1525"/>
							<String ID="string_122" HPOS="1536" VPOS="462" WIDTH="24" HEIGHT="17" WC="0.94" CONTENT="57"/><SP WIDTH="2" VPOS="462" HPOS="1560"/>
							<String ID="string_123" HPOS="1562" VPOS="453" WIDTH="23" HEIGHT="35" WC="0.94" CONTENT="|"/><SP WIDTH="8" VPOS="453" HPOS="1585"/>
							<String ID="string_124" HPOS="1593" VPOS="457" WIDTH="33" HEIGHT="21" WC="0.87" CONTENT="39:"/><SP WIDTH="11" VPOS="457" HPOS="1626"/>
							<String ID="string_125" HPOS="1637" VPOS="462" WIDTH="24" HEIGHT="16" WC="0.87" CONTENT="46"/>
						</TextLine>
					</TextBlock>
				</ComposedBlock>
				<ComposedBlock ID="cblock_17" HPOS="1015" VPOS="457" WIDTH="44" HEIGHT="58">
					<TextBlock ID="block_18" HPOS="1015" VPOS="457" WIDTH="44" HEIGHT="58">
						<TextLine ID="line_37" HPOS="1015" VPOS="457" WIDTH="16" HEIGHT="58">
							<String ID="string_126" HPOS="1015" VPOS="457" WIDTH="16" HEIGHT="58" WC="0.37" CONTENT="sm"/>
						</TextLine>
						<TextLine ID="line_38" HPOS="1037" VPOS="457" WIDTH="22" HEIGHT="53">
							<String ID="string_127" HPOS="1037" VPOS="457" WIDTH="22" HEIGHT="53" WC="0.43" CONTENT="So"/>
						</TextLine>
					</TextBlock>
				</ComposedBlock>
				<ComposedBlock ID="cblock_18" HPOS="93" VPOS="727" WIDTH="1569" HEIGHT="599">
					<TextBlock ID="block_19" HPOS="93" VPOS="727" WIDTH="1569" HEIGHT="599">
						<TextLine ID="line_39" HPOS="93" VPOS="727" WIDTH="1569" HEIGHT="33">
							<String ID="string_128" HPOS="93" VPOS="739" WIDTH="9" HEIGHT="15" WC="0.93" CONTENT="9"/><SP WIDTH="18" VPOS="739" HPOS="102"/>
							<String ID="string_129" HPOS="120" VPOS="733" WIDTH="37" HEIGHT="20" WC="0.91" CONTENT="RD"/><SP WIDTH="24" VPOS="733" HPOS="157"/>
							<String ID="string_130" HPOS="181" VPOS="733" WIDTH="84" HEIGHT="20" WC="0.94" CONTENT="anvisar"/><SP WIDTH="18" VPOS="733" HPOS="265"/>
							<String ID="string_131" HPOS="283" VPOS="732" WIDTH="33" HEIGHT="20" WC="0.96" CONTENT="för"/><SP WIDTH="15" VPOS="732" HPOS="316"/>
							<String ID="string_132" HPOS="331" VPOS="731" WIDTH="121" HEIGHT="21" WC="0.96" CONTENT="beredande"/><SP WIDTH="16" VPOS="731" HPOS="452"/>
							<String ID="string_133" HPOS="468" VPOS="738" WIDTH="26" HEIGHT="14" WC="0.91" CONTENT="av"/><SP WIDTH="16" VPOS="738" HPOS="494"/>
							<String ID="string_134" HPOS="510" VPOS="730" WIDTH="158" HEIGHT="28" WC="0.90" CONTENT="dyrtidstillägg"/><SP WIDTH="16" VPOS="730" HPOS="668"/>
							<String ID="string_135" HPOS="684" VPOS="731" WIDTH="22" HEIGHT="19" WC="0.92" CONTENT="åt"/><SP WIDTH="15" VPOS="731" HPOS="706"/>
							<String ID="string_136" HPOS="721" VPOS="730" WIDTH="209" HEIGHT="26" WC="0.59" CONTENT="befattningshavare|"/><SP WIDTH="39" VPOS="730" HPOS="930"/>
							<String ID="string_137" HPOS="969" VPOS="740" WIDTH="7" HEIGHT="10" WC="0.91" CONTENT="»"/><SP WIDTH="42" VPOS="740" HPOS="976"/>
							<String ID="string_138" HPOS="1018" VPOS="731" WIDTH="41" HEIGHT="21" WC="0.56" CONTENT="11:8"/><SP WIDTH="137" VPOS="731" HPOS="1059"/>
							<String ID="string_139" HPOS="1196" VPOS="733" WIDTH="12" HEIGHT="20" WC="0.29" CONTENT="61)"/><SP WIDTH="31" VPOS="733" HPOS="1208"/>
							<String ID="string_140" HPOS="1239" VPOS="732" WIDTH="73" HEIGHT="21" WC="0.64" CONTENT="11151"/><SP WIDTH="74" VPOS="732" HPOS="1312"/>
							<String ID="string_141" HPOS="1386" VPOS="727" WIDTH="41" HEIGHT="33" WC="0.96" CONTENT="282"/><SP WIDTH="66" VPOS="727" HPOS="1427"/>
							<String ID="string_142" HPOS="1493" VPOS="731" WIDTH="68" HEIGHT="21" WC="0.82" CONTENT="36:57"/><SP WIDTH="2" VPOS="731" HPOS="1561"/>
							<String ID="string_143" HPOS="1563" VPOS="726" WIDTH="21" HEIGHT="33" WC="0.94" CONTENT="|"/><SP WIDTH="10" VPOS="726" HPOS="1584"/>
							<String ID="string_144" HPOS="1594" VPOS="732" WIDTH="68" HEIGHT="21" WC="0.81" CONTENT="39:46"/>
						</TextLine>
						<TextLine ID="line_40" HPOS="135" VPOS="760" WIDTH="932" HEIGHT="29">
							<String ID="string_145" HPOS="135" VPOS="763" WIDTH="36" HEIGHT="20" WC="0.96" CONTENT="vid"/><SP WIDTH="19" VPOS="763" HPOS="171"/>
							<String ID="string_146" HPOS="190" VPOS="762" WIDTH="99" HEIGHT="21" WC="0.96" CONTENT="tekniska"/><SP WIDTH="16" VPOS="762" HPOS="289"/>
							<String ID="string_147" HPOS="305" VPOS="762" WIDTH="75" HEIGHT="20" WC="0.96" CONTENT="skolan"/><SP WIDTH="16" VPOS="762" HPOS="380"/>
							<String ID="string_148" HPOS="396" VPOS="762" WIDTH="7" HEIGHT="19" WC="0.96" CONTENT="i"/><SP WIDTH="17" VPOS="762" HPOS="403"/>
							<String ID="string_149" HPOS="420" VPOS="761" WIDTH="132" HEIGHT="24" WC="0.93" CONTENT="Stockholm,"/><SP WIDTH="17" VPOS="761" HPOS="552"/>
							<String ID="string_150" HPOS="569" VPOS="760" WIDTH="162" HEIGHT="26" WC="0.91" CONTENT="bergsskolorna"/><SP WIDTH="16" VPOS="760" HPOS="731"/>
							<String ID="string_151" HPOS="747" VPOS="760" WIDTH="7" HEIGHT="20" WC="0.96" CONTENT="i"/><SP WIDTH="16" VPOS="760" HPOS="754"/>
							<String ID="string_152" HPOS="770" VPOS="760" WIDTH="105" HEIGHT="26" WC="0.96" CONTENT="Filipstad"/><SP WIDTH="15" VPOS="760" HPOS="875"/>
							<String ID="string_153" HPOS="890" VPOS="761" WIDTH="40" HEIGHT="20" WC="0.96" CONTENT="och"/><SP WIDTH="80" VPOS="761" HPOS="930"/>
							<String ID="string_154" HPOS="1010" VPOS="767" WIDTH="57" HEIGHT="22" WC="0.85" CONTENT="p.224"/>
						</TextLine>
						<TextLine ID="line_41" HPOS="135" VPOS="788" WIDTH="796" HEIGHT="29">
							<String ID="string_155" HPOS="135" VPOS="793" WIDTH="67" HEIGHT="20" WC="0.96" CONTENT="Falun"/><SP WIDTH="18" VPOS="793" HPOS="202"/>
							<String ID="string_156" HPOS="220" VPOS="793" WIDTH="56" HEIGHT="19" WC="0.93" CONTENT="samt"/><SP WIDTH="15" VPOS="793" HPOS="276"/>
							<String ID="string_157" HPOS="291" VPOS="792" WIDTH="116" HEIGHT="20" WC="0.91" CONTENT="vävskolan"/><SP WIDTH="12" VPOS="792" HPOS="407"/>
							<String ID="string_158" HPOS="419" VPOS="792" WIDTH="7" HEIGHT="19" WC="0.96" CONTENT="i"/><SP WIDTH="11" VPOS="792" HPOS="426"/>
							<String ID="string_159" HPOS="437" VPOS="791" WIDTH="66" HEIGHT="20" WC="0.95" CONTENT="Borås"/><SP WIDTH="10" VPOS="791" HPOS="503"/>
							<String ID="string_160" HPOS="513" VPOS="791" WIDTH="34" HEIGHT="20" WC="0.96" CONTENT="för"/><SP WIDTH="10" VPOS="791" HPOS="547"/>
							<String ID="string_161" HPOS="557" VPOS="790" WIDTH="126" HEIGHT="26" WC="0.92" CONTENT="budgetåret"/><SP WIDTH="12" VPOS="790" HPOS="683"/>
							<String ID="string_162" HPOS="695" VPOS="788" WIDTH="124" HEIGHT="29" WC="0.92" CONTENT="1928/1929"/><SP WIDTH="12" VPOS="788" HPOS="819"/>
							<String ID="string_163" HPOS="831" VPOS="792" WIDTH="31" HEIGHT="18" WC="0.96" CONTENT="ett"/><SP WIDTH="10" VPOS="792" HPOS="862"/>
							<String ID="string_164" HPOS="872" VPOS="792" WIDTH="59" HEIGHT="18" WC="0.96" CONTENT="extra"/>
						</TextLine>
						<TextLine ID="line_42" HPOS="134" VPOS="820" WIDTH="796" HEIGHT="28">
							<String ID="string_165" HPOS="134" VPOS="822" WIDTH="164" HEIGHT="26" WC="0.90" CONTENT="förslagsanslag"/><SP WIDTH="24" VPOS="822" HPOS="298"/>
							<String ID="string_166" HPOS="322" VPOS="828" WIDTH="26" HEIGHT="14" WC="0.96" CONTENT="av"/><SP WIDTH="19" VPOS="828" HPOS="348"/>
							<String ID="string_167" HPOS="367" VPOS="821" WIDTH="27" HEIGHT="20" WC="0.94" CONTENT="40"/><SP WIDTH="10" VPOS="821" HPOS="394"/>
							<String ID="string_168" HPOS="404" VPOS="820" WIDTH="43" HEIGHT="21" WC="0.93" CONTENT="000"/><SP WIDTH="16" VPOS="820" HPOS="447"/>
							<String ID="string_169" HPOS="463" VPOS="821" WIDTH="41" HEIGHT="23" WC="0.92" CONTENT="kr.;"/><SP WIDTH="18" VPOS="821" HPOS="504"/>
							<String ID="string_170" HPOS="522" VPOS="820" WIDTH="40" HEIGHT="21" WC="0.93" CONTENT="och"/><SP WIDTH="15" VPOS="820" HPOS="562"/>
							<String ID="string_171" HPOS="577" VPOS="820" WIDTH="133" HEIGHT="24" WC="0.92" CONTENT="föreskrives,"/><SP WIDTH="18" VPOS="820" HPOS="710"/>
							<String ID="string_172" HPOS="728" VPOS="821" WIDTH="31" HEIGHT="19" WC="0.96" CONTENT="att"/><SP WIDTH="15" VPOS="821" HPOS="759"/>
							<String ID="string_173" HPOS="774" VPOS="820" WIDTH="95" HEIGHT="20" WC="0.93" CONTENT="nämnda"/><SP WIDTH="16" VPOS="820" HPOS="869"/>
							<String ID="string_174" HPOS="885" VPOS="820" WIDTH="45" HEIGHT="26" WC="0.92" CONTENT="dyr-"/>
						</TextLine>
						<TextLine ID="line_43" HPOS="134" VPOS="850" WIDTH="797" HEIGHT="28">
							<String ID="string_175" HPOS="134" VPOS="852" WIDTH="118" HEIGHT="26" WC="0.91" CONTENT="tidstillägg"/><SP WIDTH="16" VPOS="852" HPOS="252"/>
							<String ID="string_176" HPOS="268" VPOS="851" WIDTH="55" HEIGHT="21" WC="0.96" CONTENT="skall"/><SP WIDTH="15" VPOS="851" HPOS="323"/>
							<String ID="string_177" HPOS="338" VPOS="852" WIDTH="52" HEIGHT="25" WC="0.96" CONTENT="utgå"/><SP WIDTH="15" VPOS="852" HPOS="390"/>
							<String ID="string_178" HPOS="405" VPOS="851" WIDTH="53" HEIGHT="20" WC="0.96" CONTENT="efter"/><SP WIDTH="16" VPOS="851" HPOS="458"/>
							<String ID="string_179" HPOS="474" VPOS="851" WIDTH="26" HEIGHT="20" WC="0.96" CONTENT="de"/><SP WIDTH="16" VPOS="851" HPOS="500"/>
							<String ID="string_180" HPOS="516" VPOS="850" WIDTH="99" HEIGHT="26" WC="0.96" CONTENT="grunder,"/><SP WIDTH="15" VPOS="850" HPOS="615"/>
							<String ID="string_181" HPOS="630" VPOS="856" WIDTH="46" HEIGHT="14" WC="0.96" CONTENT="som"/><SP WIDTH="12" VPOS="856" HPOS="676"/>
							<String ID="string_182" HPOS="688" VPOS="850" WIDTH="35" HEIGHT="19" WC="0.95" CONTENT="må"/><SP WIDTH="12" VPOS="850" HPOS="723"/>
							<String ID="string_183" HPOS="735" VPOS="850" WIDTH="89" HEIGHT="20" WC="0.96" CONTENT="komma"/><SP WIDTH="10" VPOS="850" HPOS="824"/>
							<String ID="string_184" HPOS="834" VPOS="851" WIDTH="31" HEIGHT="19" WC="0.96" CONTENT="att"/><SP WIDTH="11" VPOS="851" HPOS="865"/>
							<String ID="string_185" HPOS="876" VPOS="850" WIDTH="55" HEIGHT="26" WC="0.96" CONTENT="gälla"/>
						</TextLine>
						<TextLine ID="line_44" HPOS="134" VPOS="878" WIDTH="796" HEIGHT="30">
							<String ID="string_186" HPOS="134" VPOS="883" WIDTH="33" HEIGHT="20" WC="0.93" CONTENT="för"/><SP WIDTH="23" VPOS="883" HPOS="167"/>
							<String ID="string_187" HPOS="190" VPOS="881" WIDTH="158" HEIGHT="27" WC="0.91" CONTENT="dyrtidstillägg"/><SP WIDTH="22" VPOS="881" HPOS="348"/>
							<String ID="string_188" HPOS="370" VPOS="881" WIDTH="69" HEIGHT="20" WC="0.96" CONTENT="under"/><SP WIDTH="24" VPOS="881" HPOS="439"/>
							<String ID="string_189" HPOS="463" VPOS="880" WIDTH="125" HEIGHT="26" WC="0.93" CONTENT="budgetåret"/><SP WIDTH="20" VPOS="880" HPOS="588"/>
							<String ID="string_190" HPOS="608" VPOS="878" WIDTH="125" HEIGHT="28" WC="0.92" CONTENT="1928/1929"/><SP WIDTH="21" VPOS="878" HPOS="733"/>
							<String ID="string_191" HPOS="754" VPOS="880" WIDTH="21" HEIGHT="20" WC="0.90" CONTENT="åt"/><SP WIDTH="19" VPOS="880" HPOS="775"/>
							<String ID="string_192" HPOS="794" VPOS="880" WIDTH="136" HEIGHT="26" WC="0.90" CONTENT="befattnings-"/>
						</TextLine>
						<TextLine ID="line_45" HPOS="134" VPOS="909" WIDTH="797" HEIGHT="28">
							<String ID="string_193" HPOS="134" VPOS="913" WIDTH="78" HEIGHT="20" WC="0.91" CONTENT="havare"/><SP WIDTH="16" VPOS="913" HPOS="212"/>
							<String ID="string_194" HPOS="228" VPOS="912" WIDTH="7" HEIGHT="20" WC="0.96" CONTENT="i"/><SP WIDTH="16" VPOS="912" HPOS="235"/>
							<String ID="string_195" HPOS="251" VPOS="913" WIDTH="81" HEIGHT="19" WC="0.96" CONTENT="statens"/><SP WIDTH="23" VPOS="913" HPOS="332"/>
							<String ID="string_196" HPOS="355" VPOS="911" WIDTH="47" HEIGHT="20" WC="0.93" CONTENT="icke"/><SP WIDTH="23" VPOS="911" HPOS="402"/>
							<String ID="string_197" HPOS="425" VPOS="910" WIDTH="137" HEIGHT="27" WC="0.90" CONTENT="nyreglerade"/><SP WIDTH="19" VPOS="910" HPOS="562"/>
							<String ID="string_198" HPOS="581" VPOS="910" WIDTH="58" HEIGHT="24" WC="0.96" CONTENT="verk,"/><SP WIDTH="20" VPOS="910" HPOS="639"/>
							<String ID="string_199" HPOS="659" VPOS="909" WIDTH="54" HEIGHT="21" WC="0.96" CONTENT="dock"/><SP WIDTH="16" VPOS="909" HPOS="713"/>
							<String ID="string_200" HPOS="729" VPOS="909" WIDTH="50" HEIGHT="20" WC="0.96" CONTENT="med"/><SP WIDTH="15" VPOS="909" HPOS="779"/>
							<String ID="string_201" HPOS="794" VPOS="909" WIDTH="137" HEIGHT="27" WC="0.94" CONTENT="iakttagande"/>
						</TextLine>
						<TextLine ID="line_46" HPOS="135" VPOS="939" WIDTH="795" HEIGHT="30">
							<String ID="string_202" HPOS="135" VPOS="944" WIDTH="32" HEIGHT="19" WC="0.93" CONTENT="att"/><SP WIDTH="15" VPOS="944" HPOS="167"/>
							<String ID="string_203" HPOS="182" VPOS="941" WIDTH="159" HEIGHT="28" WC="0.91" CONTENT="dyrtidstillägg"/><SP WIDTH="18" VPOS="941" HPOS="341"/>
							<String ID="string_204" HPOS="359" VPOS="941" WIDTH="55" HEIGHT="20" WC="0.95" CONTENT="skall"/><SP WIDTH="12" VPOS="941" HPOS="414"/>
							<String ID="string_205" HPOS="426" VPOS="941" WIDTH="110" HEIGHT="24" WC="0.96" CONTENT="beräknas,"/><SP WIDTH="13" VPOS="941" HPOS="536"/>
							<String ID="string_206" HPOS="549" VPOS="941" WIDTH="19" HEIGHT="26" WC="0.96" CONTENT="ej"/><SP WIDTH="13" VPOS="941" HPOS="568"/>
							<String ID="string_207" HPOS="581" VPOS="940" WIDTH="54" HEIGHT="20" WC="0.93" CONTENT="blott"/><SP WIDTH="11" VPOS="940" HPOS="635"/>
							<String ID="string_208" HPOS="646" VPOS="940" WIDTH="12" HEIGHT="20" WC="0.93" CONTENT="å"/><SP WIDTH="11" VPOS="940" HPOS="658"/>
							<String ID="string_209" HPOS="669" VPOS="939" WIDTH="25" HEIGHT="21" WC="0.92" CONTENT="de"/><SP WIDTH="12" VPOS="939" HPOS="694"/>
							<String ID="string_210" HPOS="706" VPOS="939" WIDTH="224" HEIGHT="27" WC="0.91" CONTENT="avlöningsförmåner,"/>
						</TextLine>
						<TextLine ID="line_47" HPOS="136" VPOS="970" WIDTH="794" HEIGHT="26">
							<String ID="string_211" HPOS="136" VPOS="979" WIDTH="45" HEIGHT="14" WC="0.96" CONTENT="som"/><SP WIDTH="24" VPOS="979" HPOS="181"/>
							<String ID="string_212" HPOS="205" VPOS="974" WIDTH="36" HEIGHT="18" WC="0.95" CONTENT="äro"/><SP WIDTH="22" VPOS="974" HPOS="241"/>
							<String ID="string_213" HPOS="263" VPOS="972" WIDTH="33" HEIGHT="20" WC="0.96" CONTENT="för"/><SP WIDTH="22" VPOS="972" HPOS="296"/>
							<String ID="string_214" HPOS="318" VPOS="970" WIDTH="158" HEIGHT="22" WC="0.88" CONTENT="vederbörande"/><SP WIDTH="24" VPOS="970" HPOS="476"/>
							<String ID="string_215" HPOS="500" VPOS="970" WIDTH="210" HEIGHT="26" WC="0.88" CONTENT="befattningshavare"/><SP WIDTH="16" VPOS="970" HPOS="710"/>
							<String ID="string_216" HPOS="726" VPOS="970" WIDTH="12" HEIGHT="19" WC="0.87" CONTENT="å"/><SP WIDTH="15" VPOS="970" HPOS="738"/>
							<String ID="string_217" HPOS="753" VPOS="971" WIDTH="42" HEIGHT="19" WC="0.96" CONTENT="stat"/><SP WIDTH="23" VPOS="971" HPOS="795"/>
							<String ID="string_218" HPOS="818" VPOS="970" WIDTH="112" HEIGHT="26" WC="0.96" CONTENT="uppförda,"/>
						</TextLine>
						<TextLine ID="line_48" HPOS="136" VPOS="1000" WIDTH="795" HEIGHT="28">
							<String ID="string_219" HPOS="136" VPOS="1003" WIDTH="52" HEIGHT="20" WC="0.96" CONTENT="utan"/><SP WIDTH="17" VPOS="1003" HPOS="188"/>
							<String ID="string_220" HPOS="205" VPOS="1004" WIDTH="53" HEIGHT="18" WC="0.93" CONTENT="även"/><SP WIDTH="18" VPOS="1004" HPOS="258"/>
							<String ID="string_221" HPOS="276" VPOS="1002" WIDTH="12" HEIGHT="20" WC="0.91" CONTENT="å"/><SP WIDTH="20" VPOS="1002" HPOS="288"/>
							<String ID="string_222" HPOS="308" VPOS="1001" WIDTH="42" HEIGHT="20" WC="0.96" CONTENT="den"/><SP WIDTH="17" VPOS="1001" HPOS="350"/>
							<String ID="string_223" HPOS="367" VPOS="1001" WIDTH="123" HEIGHT="27" WC="0.96" CONTENT="förhöjning"/><SP WIDTH="11" VPOS="1001" HPOS="490"/>
							<String ID="string_224" HPOS="501" VPOS="1007" WIDTH="26" HEIGHT="13" WC="0.93" CONTENT="av"/><SP WIDTH="11" VPOS="1007" HPOS="527"/>
							<String ID="string_225" HPOS="538" VPOS="1000" WIDTH="134" HEIGHT="26" WC="0.92" CONTENT="avlöningen,"/><SP WIDTH="12" VPOS="1000" HPOS="672"/>
							<String ID="string_226" HPOS="684" VPOS="1006" WIDTH="46" HEIGHT="14" WC="0.96" CONTENT="som"/><SP WIDTH="11" VPOS="1006" HPOS="730"/>
							<String ID="string_227" HPOS="741" VPOS="1000" WIDTH="8" HEIGHT="19" WC="0.96" CONTENT="i"/><SP WIDTH="10" VPOS="1000" HPOS="749"/>
							<String ID="string_228" HPOS="759" VPOS="1000" WIDTH="55" HEIGHT="20" WC="0.96" CONTENT="form"/><SP WIDTH="13" VPOS="1000" HPOS="814"/>
							<String ID="string_229" HPOS="827" VPOS="1006" WIDTH="26" HEIGHT="14" WC="0.93" CONTENT="av"/><SP WIDTH="11" VPOS="1006" HPOS="853"/>
							<String ID="string_230" HPOS="864" VPOS="1000" WIDTH="67" HEIGHT="26" WC="0.92" CONTENT="provi-"/>
						</TextLine>
						<TextLine ID="line_49" HPOS="136" VPOS="1029" WIDTH="795" HEIGHT="28">
							<String ID="string_231" HPOS="136" VPOS="1032" WIDTH="68" HEIGHT="21" WC="0.92" CONTENT="sorisk"/><SP WIDTH="16" VPOS="1032" HPOS="204"/>
							<String ID="string_232" HPOS="220" VPOS="1031" WIDTH="152" HEIGHT="26" WC="0.92" CONTENT="lönereglering"/><SP WIDTH="16" VPOS="1031" HPOS="372"/>
							<String ID="string_233" HPOS="388" VPOS="1031" WIDTH="51" HEIGHT="20" WC="0.95" CONTENT="eller"/><SP WIDTH="16" VPOS="1031" HPOS="439"/>
							<String ID="string_234" HPOS="455" VPOS="1030" WIDTH="95" HEIGHT="26" WC="0.93" CONTENT="tillfällig"/><SP WIDTH="15" VPOS="1030" HPOS="550"/>
							<String ID="string_235" HPOS="565" VPOS="1030" WIDTH="177" HEIGHT="25" WC="0.90" CONTENT="löneförbättring"/><SP WIDTH="15" VPOS="1030" HPOS="742"/>
							<String ID="string_236" HPOS="757" VPOS="1030" WIDTH="36" HEIGHT="19" WC="0.96" CONTENT="må"/><SP WIDTH="16" VPOS="1030" HPOS="793"/>
							<String ID="string_237" HPOS="809" VPOS="1029" WIDTH="122" HEIGHT="21" WC="0.96" CONTENT="tillkomma"/>
						</TextLine>
						<TextLine ID="line_50" HPOS="137" VPOS="1059" WIDTH="794" HEIGHT="29">
							<String ID="string_238" HPOS="137" VPOS="1062" WIDTH="49" HEIGHT="21" WC="0.96" CONTENT="dem"/><SP WIDTH="16" VPOS="1062" HPOS="186"/>
							<String ID="string_239" HPOS="202" VPOS="1068" WIDTH="76" HEIGHT="20" WC="0.96" CONTENT="genom"/><SP WIDTH="18" VPOS="1068" HPOS="278"/>
							<String ID="string_240" HPOS="296" VPOS="1061" WIDTH="73" HEIGHT="26" WC="0.96" CONTENT="bidrag"/><SP WIDTH="16" VPOS="1061" HPOS="369"/>
							<String ID="string_241" HPOS="385" VPOS="1068" WIDTH="26" HEIGHT="13" WC="0.96" CONTENT="av"/><SP WIDTH="13" VPOS="1068" HPOS="411"/>
							<String ID="string_242" HPOS="424" VPOS="1062" WIDTH="49" HEIGHT="22" WC="0.96" CONTENT="stat,"/><SP WIDTH="11" VPOS="1062" HPOS="473"/>
							<String ID="string_243" HPOS="484" VPOS="1060" WIDTH="115" HEIGHT="26" WC="0.95" CONTENT="landsting,"/><SP WIDTH="12" VPOS="1060" HPOS="599"/>
							<String ID="string_244" HPOS="611" VPOS="1060" WIDTH="105" HEIGHT="20" WC="0.95" CONTENT="kommun"/><SP WIDTH="12" VPOS="1060" HPOS="716"/>
							<String ID="string_245" HPOS="728" VPOS="1059" WIDTH="50" HEIGHT="20" WC="0.96" CONTENT="eller"/><SP WIDTH="10" VPOS="1059" HPOS="778"/>
							<String ID="string_246" HPOS="788" VPOS="1059" WIDTH="48" HEIGHT="21" WC="0.96" CONTENT="från"/><SP WIDTH="12" VPOS="1059" HPOS="836"/>
							<String ID="string_247" HPOS="848" VPOS="1059" WIDTH="83" HEIGHT="21" WC="0.96" CONTENT="enskild"/>
						</TextLine>
						<TextLine ID="line_51" HPOS="137" VPOS="1089" WIDTH="794" HEIGHT="27">
							<String ID="string_248" HPOS="137" VPOS="1092" WIDTH="109" HEIGHT="24" WC="0.95" CONTENT="donation,"/><SP WIDTH="24" VPOS="1092" HPOS="246"/>
							<String ID="string_249" HPOS="270" VPOS="1093" WIDTH="56" HEIGHT="19" WC="0.96" CONTENT="samt"/><SP WIDTH="23" VPOS="1093" HPOS="326"/>
							<String ID="string_250" HPOS="349" VPOS="1091" WIDTH="68" HEIGHT="20" WC="0.83" CONTENT="under"/><SP WIDTH="15" VPOS="1091" HPOS="417"/>
							<String ID="string_251" HPOS="432" VPOS="1090" WIDTH="83" HEIGHT="25" WC="0.95" CONTENT="villkor,"/><SP WIDTH="17" VPOS="1090" HPOS="515"/>
							<String ID="string_252" HPOS="532" VPOS="1090" WIDTH="42" HEIGHT="20" WC="0.96" CONTENT="vad"/><SP WIDTH="16" VPOS="1090" HPOS="574"/>
							<String ID="string_253" HPOS="590" VPOS="1090" WIDTH="64" HEIGHT="26" WC="0.93" CONTENT="angår"/><SP WIDTH="17" VPOS="1090" HPOS="654"/>
							<String ID="string_254" HPOS="671" VPOS="1089" WIDTH="208" HEIGHT="26" WC="0.91" CONTENT="befattningshavare"/><SP WIDTH="16" VPOS="1089" HPOS="879"/>
							<String ID="string_255" HPOS="895" VPOS="1090" WIDTH="36" HEIGHT="20" WC="0.96" CONTENT="vid"/>
						</TextLine>
						<TextLine ID="line_52" HPOS="137" VPOS="1119" WIDTH="1190" HEIGHT="25">
							<String ID="string_256" HPOS="137" VPOS="1122" WIDTH="99" HEIGHT="21" WC="0.96" CONTENT="tekniska"/><SP WIDTH="23" VPOS="1122" HPOS="236"/>
							<String ID="string_257" HPOS="259" VPOS="1121" WIDTH="75" HEIGHT="21" WC="0.96" CONTENT="skolan"/><SP WIDTH="16" VPOS="1121" HPOS="334"/>
							<String ID="string_258" HPOS="350" VPOS="1121" WIDTH="7" HEIGHT="20" WC="0.96" CONTENT="i"/><SP WIDTH="17" VPOS="1121" HPOS="357"/>
							<String ID="string_259" HPOS="374" VPOS="1120" WIDTH="124" HEIGHT="21" WC="0.95" CONTENT="Stockholm"/><SP WIDTH="25" VPOS="1120" HPOS="498"/>
							<String ID="string_260" HPOS="523" VPOS="1120" WIDTH="39" HEIGHT="20" WC="0.93" CONTENT="och"/><SP WIDTH="16" VPOS="1120" HPOS="562"/>
							<String ID="string_261" HPOS="578" VPOS="1119" WIDTH="117" HEIGHT="21" WC="0.92" CONTENT="vävskolan"/><SP WIDTH="15" VPOS="1119" HPOS="695"/>
							<String ID="string_262" HPOS="710" VPOS="1120" WIDTH="7" HEIGHT="19" WC="0.96" CONTENT="i"/><SP WIDTH="17" VPOS="1120" HPOS="717"/>
							<String ID="string_263" HPOS="734" VPOS="1119" WIDTH="70" HEIGHT="25" WC="0.96" CONTENT="Borås,"/><SP WIDTH="17" VPOS="1119" HPOS="804"/>
							<String ID="string_264" HPOS="821" VPOS="1121" WIDTH="32" HEIGHT="19" WC="0.95" CONTENT="att"/><SP WIDTH="15" VPOS="1121" HPOS="853"/>
							<String ID="string_265" HPOS="868" VPOS="1120" WIDTH="63" HEIGHT="20" WC="0.96" CONTENT="halva"/><SP WIDTH="394" VPOS="1120" HPOS="931"/>
							<String ID="string_266" HPOS="1325" VPOS="1131" WIDTH="2" HEIGHT="9" WC="0.67" CONTENT="|"/>
						</TextLine>
						<TextLine ID="line_53" HPOS="136" VPOS="1149" WIDTH="794" HEIGHT="29">
							<String ID="string_267" HPOS="136" VPOS="1151" WIDTH="119" HEIGHT="21" WC="0.96" CONTENT="kostnaden"/><SP WIDTH="16" VPOS="1151" HPOS="255"/>
							<String ID="string_268" HPOS="271" VPOS="1152" WIDTH="33" HEIGHT="19" WC="0.93" CONTENT="för"/><SP WIDTH="16" VPOS="1152" HPOS="304"/>
							<String ID="string_269" HPOS="320" VPOS="1150" WIDTH="157" HEIGHT="28" WC="0.92" CONTENT="dyrtidstillägg"/><SP WIDTH="15" VPOS="1150" HPOS="477"/>
							<String ID="string_270" HPOS="492" VPOS="1149" WIDTH="103" HEIGHT="21" WC="0.91" CONTENT="bestrides"/><SP WIDTH="17" VPOS="1149" HPOS="595"/>
							<String ID="string_271" HPOS="612" VPOS="1156" WIDTH="26" HEIGHT="14" WC="0.96" CONTENT="av"/><SP WIDTH="15" VPOS="1156" HPOS="638"/>
							<String ID="string_272" HPOS="653" VPOS="1149" WIDTH="157" HEIGHT="21" WC="0.96" CONTENT="vederbörande"/><SP WIDTH="17" VPOS="1149" HPOS="810"/>
							<String ID="string_273" HPOS="827" VPOS="1149" WIDTH="103" HEIGHT="20" WC="0.96" CONTENT="kommun"/>
						</TextLine>
						<TextLine ID="line_54" HPOS="136" VPOS="1179" WIDTH="795" HEIGHT="28">
							<String ID="string_274" HPOS="136" VPOS="1182" WIDTH="51" HEIGHT="20" WC="0.96" CONTENT="eller"/><SP WIDTH="22" VPOS="1182" HPOS="187"/>
							<String ID="string_275" HPOS="209" VPOS="1181" WIDTH="115" HEIGHT="26" WC="0.96" CONTENT="landsting,"/><SP WIDTH="25" VPOS="1181" HPOS="324"/>
							<String ID="string_276" HPOS="349" VPOS="1182" WIDTH="62" HEIGHT="23" WC="0.96" CONTENT="samt,"/><SP WIDTH="22" VPOS="1182" HPOS="411"/>
							<String ID="string_277" HPOS="433" VPOS="1180" WIDTH="42" HEIGHT="21" WC="0.96" CONTENT="vad"/><SP WIDTH="16" VPOS="1180" HPOS="475"/>
							<String ID="string_278" HPOS="491" VPOS="1181" WIDTH="64" HEIGHT="25" WC="0.93" CONTENT="angår"/><SP WIDTH="16" VPOS="1181" HPOS="555"/>
							<String ID="string_279" HPOS="571" VPOS="1179" WIDTH="161" HEIGHT="27" WC="0.92" CONTENT="bergsskolorna"/><SP WIDTH="15" VPOS="1179" HPOS="732"/>
							<String ID="string_280" HPOS="747" VPOS="1179" WIDTH="8" HEIGHT="20" WC="0.96" CONTENT="i"/><SP WIDTH="15" VPOS="1179" HPOS="755"/>
							<String ID="string_281" HPOS="770" VPOS="1179" WIDTH="105" HEIGHT="26" WC="0.96" CONTENT="Filipstad"/><SP WIDTH="17" VPOS="1179" HPOS="875"/>
							<String ID="string_282" HPOS="892" VPOS="1179" WIDTH="39" HEIGHT="21" WC="0.96" CONTENT="och"/>
						</TextLine>
						<TextLine ID="line_55" HPOS="136" VPOS="1209" WIDTH="794" HEIGHT="29">
							<String ID="string_283" HPOS="136" VPOS="1212" WIDTH="76" HEIGHT="24" WC="0.96" CONTENT="Falun,"/><SP WIDTH="18" VPOS="1212" HPOS="212"/>
							<String ID="string_284" HPOS="230" VPOS="1213" WIDTH="31" HEIGHT="18" WC="0.93" CONTENT="att"/><SP WIDTH="16" VPOS="1213" HPOS="261"/>
							<String ID="string_285" HPOS="277" VPOS="1211" WIDTH="27" HEIGHT="27" WC="0.85" CONTENT="?/;"/><SP WIDTH="17" VPOS="1211" HPOS="304"/>
							<String ID="string_286" HPOS="321" VPOS="1217" WIDTH="26" HEIGHT="14" WC="0.96" CONTENT="av"/><SP WIDTH="16" VPOS="1217" HPOS="347"/>
							<String ID="string_287" HPOS="363" VPOS="1210" WIDTH="119" HEIGHT="21" WC="0.96" CONTENT="kostnaden"/><SP WIDTH="16" VPOS="1210" HPOS="482"/>
							<String ID="string_288" HPOS="498" VPOS="1210" WIDTH="33" HEIGHT="20" WC="0.92" CONTENT="för"/><SP WIDTH="15" VPOS="1210" HPOS="531"/>
							<String ID="string_289" HPOS="546" VPOS="1209" WIDTH="158" HEIGHT="27" WC="0.91" CONTENT="dyrtidstillägg"/><SP WIDTH="15" VPOS="1209" HPOS="704"/>
							<String ID="string_290" HPOS="719" VPOS="1209" WIDTH="105" HEIGHT="20" WC="0.96" CONTENT="bestridas"/><SP WIDTH="16" VPOS="1209" HPOS="824"/>
							<String ID="string_291" HPOS="840" VPOS="1216" WIDTH="25" HEIGHT="13" WC="0.92" CONTENT="av"/><SP WIDTH="11" VPOS="1216" HPOS="865"/>
							<String ID="string_292" HPOS="876" VPOS="1209" WIDTH="54" HEIGHT="27" WC="0.89" CONTENT="järn-"/>
						</TextLine>
						<TextLine ID="line_56" HPOS="137" VPOS="1238" WIDTH="793" HEIGHT="29">
							<String ID="string_293" HPOS="137" VPOS="1242" WIDTH="106" HEIGHT="23" WC="0.96" CONTENT="kontoret;"/><SP WIDTH="25" VPOS="1242" HPOS="243"/>
							<String ID="string_294" HPOS="268" VPOS="1241" WIDTH="40" HEIGHT="20" WC="0.93" CONTENT="och"/><SP WIDTH="20" VPOS="1241" HPOS="308"/>
							<String ID="string_295" HPOS="328" VPOS="1240" WIDTH="140" HEIGHT="27" WC="0.92" CONTENT="bemyndigas"/><SP WIDTH="19" VPOS="1240" HPOS="468"/>
							<String ID="string_296" HPOS="487" VPOS="1240" WIDTH="61" HEIGHT="20" WC="0.91" CONTENT="KM:t"/><SP WIDTH="16" VPOS="1240" HPOS="548"/>
							<String ID="string_297" HPOS="564" VPOS="1241" WIDTH="31" HEIGHT="19" WC="0.96" CONTENT="att"/><SP WIDTH="15" VPOS="1241" HPOS="595"/>
							<String ID="string_298" HPOS="610" VPOS="1239" WIDTH="99" HEIGHT="20" WC="0.96" CONTENT="meddela"/><SP WIDTH="16" VPOS="1239" HPOS="709"/>
							<String ID="string_299" HPOS="725" VPOS="1238" WIDTH="26" HEIGHT="21" WC="0.96" CONTENT="de"/><SP WIDTH="15" VPOS="1238" HPOS="751"/>
							<String ID="string_300" HPOS="766" VPOS="1240" WIDTH="97" HEIGHT="19" WC="0.89" CONTENT="närmare"/><SP WIDTH="16" VPOS="1240" HPOS="863"/>
							<String ID="string_301" HPOS="879" VPOS="1239" WIDTH="51" HEIGHT="20" WC="0.89" CONTENT="före-"/>
						</TextLine>
						<TextLine ID="line_57" HPOS="137" VPOS="1268" WIDTH="794" HEIGHT="27">
							<String ID="string_302" HPOS="137" VPOS="1272" WIDTH="92" HEIGHT="23" WC="0.96" CONTENT="skrifter,"/><SP WIDTH="17" VPOS="1272" HPOS="229"/>
							<String ID="string_303" HPOS="246" VPOS="1277" WIDTH="46" HEIGHT="14" WC="0.95" CONTENT="som"/><SP WIDTH="18" VPOS="1277" HPOS="292"/>
							<String ID="string_304" HPOS="310" VPOS="1271" WIDTH="35" HEIGHT="19" WC="0.92" CONTENT="må"/><SP WIDTH="16" VPOS="1271" HPOS="345"/>
							<String ID="string_305" HPOS="361" VPOS="1270" WIDTH="96" HEIGHT="21" WC="0.92" CONTENT="befinnas"/><SP WIDTH="11" VPOS="1270" HPOS="457"/>
							<String ID="string_306" HPOS="468" VPOS="1269" WIDTH="137" HEIGHT="26" WC="0.95" CONTENT="erforderliga"/><SP WIDTH="10" VPOS="1269" HPOS="605"/>
							<String ID="string_307" HPOS="615" VPOS="1269" WIDTH="33" HEIGHT="20" WC="0.96" CONTENT="för"/><SP WIDTH="10" VPOS="1269" HPOS="648"/>
							<String ID="string_308" HPOS="658" VPOS="1269" WIDTH="138" HEIGHT="26" WC="0.95" CONTENT="tillämpning"/><SP WIDTH="11" VPOS="1269" HPOS="796"/>
							<String ID="string_309" HPOS="807" VPOS="1275" WIDTH="26" HEIGHT="14" WC="0.96" CONTENT="av"/><SP WIDTH="11" VPOS="1275" HPOS="833"/>
							<String ID="string_310" HPOS="844" VPOS="1268" WIDTH="25" HEIGHT="21" WC="0.95" CONTENT="de"/><SP WIDTH="11" VPOS="1268" HPOS="869"/>
							<String ID="string_311" HPOS="880" VPOS="1271" WIDTH="51" HEIGHT="18" WC="0.95" CONTENT="utav"/>
						</TextLine>
						<TextLine ID="line_58" HPOS="137" VPOS="1298" WIDTH="696" HEIGHT="28">
							<String ID="string_312" HPOS="137" VPOS="1302" WIDTH="37" HEIGHT="19" WC="0.92" CONTENT="RD"/><SP WIDTH="17" VPOS="1302" HPOS="174"/>
							<String ID="string_313" HPOS="191" VPOS="1300" WIDTH="120" HEIGHT="21" WC="0.95" CONTENT="fastställda"/><SP WIDTH="16" VPOS="1300" HPOS="311"/>
							<String ID="string_314" HPOS="327" VPOS="1300" WIDTH="120" HEIGHT="26" WC="0.95" CONTENT="grunderna"/><SP WIDTH="16" VPOS="1300" HPOS="447"/>
							<String ID="string_315" HPOS="463" VPOS="1300" WIDTH="32" HEIGHT="20" WC="0.92" CONTENT="för"/><SP WIDTH="16" VPOS="1300" HPOS="495"/>
							<String ID="string_316" HPOS="511" VPOS="1299" WIDTH="196" HEIGHT="27" WC="0.91" CONTENT="dyrtidstilläggens"/><SP WIDTH="16" VPOS="1299" HPOS="707"/>
							<String ID="string_317" HPOS="723" VPOS="1298" WIDTH="110" HEIGHT="26" WC="0.96" CONTENT="utgående."/>
						</TextLine>
					</TextBlock>
				</ComposedBlock>
				<ComposedBlock ID="cblock_19" HPOS="0" VPOS="428" WIDTH="9" HEIGHT="704">
					<TextBlock ID="block_20" HPOS="0" VPOS="428" WIDTH="9" HEIGHT="704">
						<TextLine ID="line_59" HPOS="0" VPOS="428" WIDTH="9" HEIGHT="704">
							<String ID="string_318" HPOS="0" VPOS="428" WIDTH="9" HEIGHT="704" WC="0.95" CONTENT=" "/>
						</TextLine>
					</TextBlock>
				</ComposedBlock>
				<ComposedBlock ID="cblock_20" HPOS="81" VPOS="1358" WIDTH="1582" HEIGHT="717">
					<TextBlock ID="block_21" HPOS="81" VPOS="1358" WIDTH="1582" HEIGHT="717">
						<TextLine ID="line_60" HPOS="81" VPOS="1358" WIDTH="1582" HEIGHT="29">
							<String ID="string_319" HPOS="81" VPOS="1367" WIDTH="23" HEIGHT="15" WC="0.92" CONTENT="10"/><SP WIDTH="17" VPOS="1367" HPOS="104"/>
							<String ID="string_320" HPOS="121" VPOS="1362" WIDTH="38" HEIGHT="19" WC="0.92" CONTENT="RD"/><SP WIDTH="17" VPOS="1362" HPOS="159"/>
							<String ID="string_321" HPOS="176" VPOS="1360" WIDTH="140" HEIGHT="27" WC="0.92" CONTENT="bemyndigar"/><SP WIDTH="15" VPOS="1360" HPOS="316"/>
							<String ID="string_322" HPOS="331" VPOS="1360" WIDTH="62" HEIGHT="20" WC="0.90" CONTENT="KM:t"/><SP WIDTH="15" VPOS="1360" HPOS="393"/>
							<String ID="string_323" HPOS="408" VPOS="1361" WIDTH="32" HEIGHT="19" WC="0.96" CONTENT="att"/><SP WIDTH="15" VPOS="1361" HPOS="440"/>
							<String ID="string_324" HPOS="455" VPOS="1359" WIDTH="86" HEIGHT="26" WC="0.96" CONTENT="vidtaga"/><SP WIDTH="16" VPOS="1359" HPOS="541"/>
							<String ID="string_325" HPOS="557" VPOS="1359" WIDTH="41" HEIGHT="20" WC="0.96" CONTENT="den"/><SP WIDTH="16" VPOS="1359" HPOS="598"/>
							<String ID="string_326" HPOS="614" VPOS="1359" WIDTH="7" HEIGHT="20" WC="0.93" CONTENT="i"/><SP WIDTH="16" VPOS="1359" HPOS="621"/>
							<String ID="string_327" HPOS="637" VPOS="1358" WIDTH="231" HEIGHT="26" WC="0.92" CONTENT="statsrådsprotokollet"/><SP WIDTH="15" VPOS="1358" HPOS="868"/>
							<String ID="string_328" HPOS="883" VPOS="1360" WIDTH="49" HEIGHT="19" WC="0.33" CONTENT="över!"/><SP WIDTH="37" VPOS="1360" HPOS="932"/>
							<String ID="string_329" HPOS="969" VPOS="1368" WIDTH="8" HEIGHT="11" WC="0.91" CONTENT="»"/><SP WIDTH="42" VPOS="1368" HPOS="977"/>
							<String ID="string_330" HPOS="1019" VPOS="1358" WIDTH="40" HEIGHT="21" WC="0.7" CONTENT="1129"/><SP WIDTH="138" VPOS="1358" HPOS="1059"/>
							<String ID="string_331" HPOS="1197" VPOS="1359" WIDTH="12" HEIGHT="20" WC="0.32" CONTENT="6!"/><SP WIDTH="31" VPOS="1359" HPOS="1209"/>
							<String ID="string_332" HPOS="1240" VPOS="1359" WIDTH="73" HEIGHT="21" WC="0.59" CONTENT="11187"/><SP WIDTH="74" VPOS="1359" HPOS="1313"/>
							<String ID="string_333" HPOS="1387" VPOS="1359" WIDTH="42" HEIGHT="20" WC="0.96" CONTENT="368"/><SP WIDTH="65" VPOS="1359" HPOS="1429"/>
							<String ID="string_334" HPOS="1494" VPOS="1358" WIDTH="33" HEIGHT="20" WC="0.95" CONTENT="38:"/><SP WIDTH="12" VPOS="1358" HPOS="1527"/>
							<String ID="string_335" HPOS="1539" VPOS="1362" WIDTH="24" HEIGHT="16" WC="0.50" CONTENT="57"/><SP WIDTH="1" VPOS="1362" HPOS="1563"/>
							<String ID="string_336" HPOS="1564" VPOS="1353" WIDTH="22" HEIGHT="34" WC="0.92" CONTENT="|"/><SP WIDTH="8" VPOS="1353" HPOS="1586"/>
							<String ID="string_337" HPOS="1594" VPOS="1358" WIDTH="34" HEIGHT="20" WC="0.73" CONTENT="41:"/><SP WIDTH="11" VPOS="1358" HPOS="1628"/>
							<String ID="string_338" HPOS="1639" VPOS="1363" WIDTH="24" HEIGHT="15" WC="0.73" CONTENT="92"/>
						</TextLine>
						<TextLine ID="line_61" HPOS="137" VPOS="1388" WIDTH="794" HEIGHT="26">
							<String ID="string_339" HPOS="137" VPOS="1390" WIDTH="230" HEIGHT="21" WC="0.92" CONTENT="ecklesiastikärenden"/><SP WIDTH="24" VPOS="1390" HPOS="367"/>
							<String ID="string_340" HPOS="391" VPOS="1389" WIDTH="41" HEIGHT="21" WC="0.96" CONTENT="den"/><SP WIDTH="25" VPOS="1389" HPOS="432"/>
							<String ID="string_341" HPOS="457" VPOS="1389" WIDTH="28" HEIGHT="20" WC="0.95" CONTENT="24"/><SP WIDTH="23" VPOS="1389" HPOS="485"/>
							<String ID="string_342" HPOS="508" VPOS="1389" WIDTH="52" HEIGHT="20" WC="0.95" CONTENT="febr."/><SP WIDTH="28" VPOS="1389" HPOS="560"/>
							<String ID="string_343" HPOS="588" VPOS="1388" WIDTH="55" HEIGHT="21" WC="0.96" CONTENT="1928"/><SP WIDTH="19" VPOS="1388" HPOS="643"/>
							<String ID="string_344" HPOS="662" VPOS="1388" WIDTH="111" HEIGHT="21" WC="0.96" CONTENT="förordade"/><SP WIDTH="19" VPOS="1388" HPOS="773"/>
							<String ID="string_345" HPOS="792" VPOS="1388" WIDTH="139" HEIGHT="26" WC="0.96" CONTENT="ändringen"/><SP WIDTH="-22" VPOS="1388" HPOS="931"/>
							<String ID="string_346" HPOS="909" VPOS="1384" WIDTH="23" HEIGHT="35" WC="0.96" CONTENT="i"/>
						</TextLine>
						<TextLine ID="line_62" HPOS="136" VPOS="1418" WIDTH="796" HEIGHT="29">
							<String ID="string_347" HPOS="136" VPOS="1420" WIDTH="98" HEIGHT="27" WC="0.96" CONTENT="gällande"/><SP WIDTH="24" VPOS="1420" HPOS="234"/>
							<String ID="string_348" HPOS="258" VPOS="1420" WIDTH="126" HEIGHT="26" WC="0.96" CONTENT="kungörelse"/><SP WIDTH="22" VPOS="1420" HPOS="384"/>
							<String ID="string_349" HPOS="406" VPOS="1419" WIDTH="50" HEIGHT="21" WC="0.96" CONTENT="med"/><SP WIDTH="17" VPOS="1419" HPOS="456"/>
							<String ID="string_350" HPOS="473" VPOS="1419" WIDTH="109" HEIGHT="20" WC="0.96" CONTENT="allmänna"/><SP WIDTH="23" VPOS="1419" HPOS="582"/>
							<String ID="string_351" HPOS="605" VPOS="1418" WIDTH="92" HEIGHT="27" WC="0.95" CONTENT="grunder"/><SP WIDTH="22" VPOS="1418" HPOS="697"/>
							<String ID="string_352" HPOS="719" VPOS="1418" WIDTH="33" HEIGHT="20" WC="0.92" CONTENT="för"/><SP WIDTH="23" VPOS="1418" HPOS="752"/>
							<String ID="string_353" HPOS="775" VPOS="1418" WIDTH="157" HEIGHT="26" WC="0.92" CONTENT="dyrtidstillägg"/>
						</TextLine>
						<TextLine ID="line_63" HPOS="136" VPOS="1448" WIDTH="794" HEIGHT="28">
							<String ID="string_354" HPOS="136" VPOS="1452" WIDTH="23" HEIGHT="19" WC="0.95" CONTENT="åt"/><SP WIDTH="15" VPOS="1452" HPOS="159"/>
							<String ID="string_355" HPOS="174" VPOS="1451" WIDTH="66" HEIGHT="20" WC="0.96" CONTENT="lärare"/><SP WIDTH="19" VPOS="1451" HPOS="240"/>
							<String ID="string_356" HPOS="259" VPOS="1450" WIDTH="37" HEIGHT="21" WC="0.93" CONTENT="vid"/><SP WIDTH="16" VPOS="1450" HPOS="296"/>
							<String ID="string_357" HPOS="312" VPOS="1449" WIDTH="166" HEIGHT="27" WC="0.91" CONTENT="privatläroverk"/><SP WIDTH="16" VPOS="1449" HPOS="478"/>
							<String ID="string_358" HPOS="494" VPOS="1451" WIDTH="32" HEIGHT="18" WC="0.93" CONTENT="att"/><SP WIDTH="15" VPOS="1451" HPOS="526"/>
							<String ID="string_359" HPOS="541" VPOS="1448" WIDTH="64" HEIGHT="21" WC="0.91" CONTENT="lända"/><SP WIDTH="15" VPOS="1448" HPOS="605"/>
							<String ID="string_360" HPOS="620" VPOS="1448" WIDTH="34" HEIGHT="21" WC="0.93" CONTENT="till"/><SP WIDTH="16" VPOS="1448" HPOS="654"/>
							<String ID="string_361" HPOS="670" VPOS="1448" WIDTH="139" HEIGHT="21" WC="0.92" CONTENT="efterrättelse"/><SP WIDTH="15" VPOS="1448" HPOS="809"/>
							<String ID="string_362" HPOS="824" VPOS="1448" WIDTH="25" HEIGHT="20" WC="0.93" CONTENT="fr."/><SP WIDTH="18" VPOS="1448" HPOS="849"/>
							<String ID="string_363" HPOS="867" VPOS="1455" WIDTH="18" HEIGHT="13" WC="0.91" CONTENT="o."/><SP WIDTH="17" VPOS="1455" HPOS="885"/>
							<String ID="string_364" HPOS="902" VPOS="1455" WIDTH="28" HEIGHT="13" WC="0.89" CONTENT="m."/>
						</TextLine>
						<TextLine ID="line_64" HPOS="137" VPOS="1478" WIDTH="794" HEIGHT="29">
							<String ID="string_365" HPOS="137" VPOS="1481" WIDTH="41" HEIGHT="20" WC="0.96" CONTENT="den"/><SP WIDTH="11" VPOS="1481" HPOS="178"/>
							<String ID="string_366" HPOS="189" VPOS="1480" WIDTH="11" HEIGHT="21" WC="0.95" CONTENT="1"/><SP WIDTH="10" VPOS="1480" HPOS="200"/>
							<String ID="string_367" HPOS="210" VPOS="1480" WIDTH="40" HEIGHT="27" WC="0.95" CONTENT="juli"/><SP WIDTH="17" VPOS="1480" HPOS="250"/>
							<String ID="string_368" HPOS="267" VPOS="1480" WIDTH="63" HEIGHT="24" WC="0.96" CONTENT="1928,"/><SP WIDTH="12" VPOS="1480" HPOS="330"/>
							<String ID="string_369" HPOS="342" VPOS="1481" WIDTH="101" HEIGHT="19" WC="0.96" CONTENT="ävensom"/><SP WIDTH="13" VPOS="1481" HPOS="443"/>
							<String ID="string_370" HPOS="456" VPOS="1481" WIDTH="31" HEIGHT="19" WC="0.96" CONTENT="att"/><SP WIDTH="12" VPOS="1481" HPOS="487"/>
							<String ID="string_371" HPOS="499" VPOS="1478" WIDTH="86" HEIGHT="22" WC="0.96" CONTENT="utfärda"/><SP WIDTH="8" VPOS="1478" HPOS="585"/>
							<String ID="string_372" HPOS="593" VPOS="1478" WIDTH="26" HEIGHT="21" WC="0.93" CONTENT="de"/><SP WIDTH="8" VPOS="1478" HPOS="619"/>
							<String ID="string_373" HPOS="627" VPOS="1478" WIDTH="304" HEIGHT="26" WC="0.91" CONTENT="författningsbestämmelser,"/>
						</TextLine>
						<TextLine ID="line_65" HPOS="137" VPOS="1507" WIDTH="794" HEIGHT="28">
							<String ID="string_374" HPOS="137" VPOS="1517" WIDTH="46" HEIGHT="14" WC="0.96" CONTENT="som"/><SP WIDTH="20" VPOS="1517" HPOS="183"/>
							<String ID="string_375" HPOS="203" VPOS="1510" WIDTH="104" HEIGHT="21" WC="0.93" CONTENT="erfordras"/><SP WIDTH="19" VPOS="1510" HPOS="307"/>
							<String ID="string_376" HPOS="326" VPOS="1510" WIDTH="33" HEIGHT="20" WC="0.96" CONTENT="för"/><SP WIDTH="17" VPOS="1510" HPOS="359"/>
							<String ID="string_377" HPOS="376" VPOS="1509" WIDTH="119" HEIGHT="21" WC="0.96" CONTENT="beredande"/><SP WIDTH="16" VPOS="1509" HPOS="495"/>
							<String ID="string_378" HPOS="511" VPOS="1509" WIDTH="33" HEIGHT="20" WC="0.96" CONTENT="för"/><SP WIDTH="16" VPOS="1509" HPOS="544"/>
							<String ID="string_379" HPOS="560" VPOS="1508" WIDTH="124" HEIGHT="27" WC="0.93" CONTENT="budgetåret"/><SP WIDTH="17" VPOS="1508" HPOS="684"/>
							<String ID="string_380" HPOS="701" VPOS="1507" WIDTH="125" HEIGHT="28" WC="0.92" CONTENT="1928/1929"/><SP WIDTH="18" VPOS="1507" HPOS="826"/>
							<String ID="string_381" HPOS="844" VPOS="1515" WIDTH="25" HEIGHT="13" WC="0.93" CONTENT="av"/><SP WIDTH="17" VPOS="1515" HPOS="869"/>
							<String ID="string_382" HPOS="886" VPOS="1508" WIDTH="45" HEIGHT="27" WC="0.91" CONTENT="dyr-"/>
						</TextLine>
						<TextLine ID="line_66" HPOS="137" VPOS="1538" WIDTH="796" HEIGHT="28">
							<String ID="string_383" HPOS="137" VPOS="1540" WIDTH="117" HEIGHT="26" WC="0.92" CONTENT="tidstillägg"/><SP WIDTH="16" VPOS="1540" HPOS="254"/>
							<String ID="string_384" HPOS="270" VPOS="1541" WIDTH="22" HEIGHT="19" WC="0.93" CONTENT="åt"/><SP WIDTH="13" VPOS="1541" HPOS="292"/>
							<String ID="string_385" HPOS="305" VPOS="1539" WIDTH="182" HEIGHT="27" WC="0.91" CONTENT="lärarpersonalen"/><SP WIDTH="10" VPOS="1539" HPOS="487"/>
							<String ID="string_386" HPOS="497" VPOS="1539" WIDTH="37" HEIGHT="20" WC="0.96" CONTENT="vid"/><SP WIDTH="10" VPOS="1539" HPOS="534"/>
							<String ID="string_387" HPOS="544" VPOS="1538" WIDTH="141" HEIGHT="21" WC="0.96" CONTENT="kommunala"/><SP WIDTH="11" VPOS="1538" HPOS="685"/>
							<String ID="string_388" HPOS="696" VPOS="1538" WIDTH="126" HEIGHT="24" WC="0.95" CONTENT="flickskolor,"/><SP WIDTH="14" VPOS="1538" HPOS="822"/>
							<String ID="string_389" HPOS="836" VPOS="1539" WIDTH="31" HEIGHT="19" WC="0.96" CONTENT="att"/><SP WIDTH="10" VPOS="1539" HPOS="867"/>
							<String ID="string_390" HPOS="877" VPOS="1538" WIDTH="56" HEIGHT="26" WC="0.96" CONTENT="gälla"/>
						</TextLine>
						<TextLine ID="line_67" HPOS="138" VPOS="1568" WIDTH="794" HEIGHT="28">
							<String ID="string_391" HPOS="138" VPOS="1571" WIDTH="44" HEIGHT="20" WC="0.96" CONTENT="tills"/><SP WIDTH="24" VPOS="1571" HPOS="182"/>
							<String ID="string_392" HPOS="206" VPOS="1570" WIDTH="72" HEIGHT="21" WC="0.96" CONTENT="vidare"/><SP WIDTH="20" VPOS="1570" HPOS="278"/>
							<String ID="string_393" HPOS="298" VPOS="1571" WIDTH="22" HEIGHT="19" WC="0.96" CONTENT="så"/><SP WIDTH="16" VPOS="1571" HPOS="320"/>
							<String ID="string_394" HPOS="336" VPOS="1570" WIDTH="62" HEIGHT="26" WC="0.96" CONTENT="länge"/><SP WIDTH="15" VPOS="1570" HPOS="398"/>
							<String ID="string_395" HPOS="413" VPOS="1570" WIDTH="34" HEIGHT="20" WC="0.96" CONTENT="för"/><SP WIDTH="15" VPOS="1570" HPOS="447"/>
							<String ID="string_396" HPOS="462" VPOS="1569" WIDTH="124" HEIGHT="20" WC="0.96" CONTENT="ändamålet"/><SP WIDTH="15" VPOS="1569" HPOS="586"/>
							<String ID="string_397" HPOS="601" VPOS="1568" WIDTH="93" HEIGHT="21" WC="0.96" CONTENT="avsedda"/><SP WIDTH="15" VPOS="1568" HPOS="694"/>
							<String ID="string_398" HPOS="709" VPOS="1568" WIDTH="70" HEIGHT="20" WC="0.96" CONTENT="medel"/><SP WIDTH="17" VPOS="1568" HPOS="779"/>
							<String ID="string_399" HPOS="796" VPOS="1569" WIDTH="32" HEIGHT="19" WC="0.94" CONTENT="stå"/><SP WIDTH="15" VPOS="1569" HPOS="828"/>
							<String ID="string_400" HPOS="843" VPOS="1568" WIDTH="34" HEIGHT="20" WC="0.93" CONTENT="till"/><SP WIDTH="16" VPOS="1568" HPOS="877"/>
							<String ID="string_401" HPOS="893" VPOS="1568" WIDTH="39" HEIGHT="20" WC="0.92" CONTENT="för-"/>
						</TextLine>
						<TextLine ID="line_68" HPOS="138" VPOS="1596" WIDTH="794" HEIGHT="31">
							<String ID="string_402" HPOS="138" VPOS="1600" WIDTH="100" HEIGHT="27" WC="0.92" CONTENT="fogande;"/><SP WIDTH="26" VPOS="1600" HPOS="238"/>
							<String ID="string_403" HPOS="264" VPOS="1600" WIDTH="39" HEIGHT="20" WC="0.95" CONTENT="och"/><SP WIDTH="26" VPOS="1600" HPOS="303"/>
							<String ID="string_404" HPOS="329" VPOS="1600" WIDTH="93" HEIGHT="20" WC="0.93" CONTENT="besluter"/><SP WIDTH="23" VPOS="1600" HPOS="422"/>
							<String ID="string_405" HPOS="445" VPOS="1599" WIDTH="45" HEIGHT="25" WC="0.91" CONTENT="RD,"/><SP WIDTH="25" VPOS="1599" HPOS="490"/>
							<String ID="string_406" HPOS="515" VPOS="1600" WIDTH="31" HEIGHT="19" WC="0.96" CONTENT="att"/><SP WIDTH="23" VPOS="1600" HPOS="546"/>
							<String ID="string_407" HPOS="569" VPOS="1598" WIDTH="26" HEIGHT="21" WC="0.96" CONTENT="de"/><SP WIDTH="19" VPOS="1598" HPOS="595"/>
							<String ID="string_408" HPOS="614" VPOS="1599" WIDTH="33" HEIGHT="20" WC="0.96" CONTENT="för"/><SP WIDTH="18" VPOS="1599" HPOS="647"/>
							<String ID="string_409" HPOS="665" VPOS="1598" WIDTH="125" HEIGHT="26" WC="0.93" CONTENT="budgetåret"/><SP WIDTH="17" VPOS="1598" HPOS="790"/>
							<String ID="string_410" HPOS="807" VPOS="1596" WIDTH="125" HEIGHT="28" WC="0.92" CONTENT="1927/1928"/>
						</TextLine>
						<TextLine ID="line_69" HPOS="137" VPOS="1627" WIDTH="795" HEIGHT="29">
							<String ID="string_411" HPOS="137" VPOS="1630" WIDTH="98" HEIGHT="26" WC="0.96" CONTENT="gällande"/><SP WIDTH="17" VPOS="1630" HPOS="235"/>
							<String ID="string_412" HPOS="252" VPOS="1630" WIDTH="109" HEIGHT="20" WC="0.96" CONTENT="allmänna"/><SP WIDTH="16" VPOS="1630" HPOS="361"/>
							<String ID="string_413" HPOS="377" VPOS="1629" WIDTH="92" HEIGHT="26" WC="0.96" CONTENT="grunder"/><SP WIDTH="15" VPOS="1629" HPOS="469"/>
							<String ID="string_414" HPOS="484" VPOS="1629" WIDTH="33" HEIGHT="20" WC="0.93" CONTENT="för"/><SP WIDTH="16" VPOS="1629" HPOS="517"/>
							<String ID="string_415" HPOS="533" VPOS="1628" WIDTH="157" HEIGHT="27" WC="0.92" CONTENT="dyrtidstillägg"/><SP WIDTH="16" VPOS="1628" HPOS="690"/>
							<String ID="string_416" HPOS="706" VPOS="1628" WIDTH="22" HEIGHT="20" WC="0.95" CONTENT="åt"/><SP WIDTH="15" VPOS="1628" HPOS="728"/>
							<String ID="string_417" HPOS="743" VPOS="1628" WIDTH="66" HEIGHT="20" WC="0.96" CONTENT="lärare"/><SP WIDTH="17" VPOS="1628" HPOS="809"/>
							<String ID="string_418" HPOS="826" VPOS="1627" WIDTH="36" HEIGHT="21" WC="0.93" CONTENT="vid"/><SP WIDTH="15" VPOS="1627" HPOS="862"/>
							<String ID="string_419" HPOS="877" VPOS="1627" WIDTH="55" HEIGHT="21" WC="0.91" CONTENT="folk-"/>
						</TextLine>
						<TextLine ID="line_70" HPOS="138" VPOS="1657" WIDTH="795" HEIGHT="29">
							<String ID="string_420" HPOS="138" VPOS="1660" WIDTH="113" HEIGHT="26" WC="0.96" CONTENT="högskolor"/><SP WIDTH="16" VPOS="1660" HPOS="251"/>
							<String ID="string_421" HPOS="267" VPOS="1661" WIDTH="101" HEIGHT="19" WC="0.96" CONTENT="ävensom"/><SP WIDTH="17" VPOS="1661" HPOS="368"/>
							<String ID="string_422" HPOS="385" VPOS="1660" WIDTH="22" HEIGHT="19" WC="0.96" CONTENT="åt"/><SP WIDTH="15" VPOS="1660" HPOS="407"/>
							<String ID="string_423" HPOS="422" VPOS="1659" WIDTH="67" HEIGHT="20" WC="0.96" CONTENT="lärare"/><SP WIDTH="16" VPOS="1659" HPOS="489"/>
							<String ID="string_424" HPOS="505" VPOS="1658" WIDTH="37" HEIGHT="21" WC="0.93" CONTENT="vid"/><SP WIDTH="15" VPOS="1658" HPOS="542"/>
							<String ID="string_425" HPOS="557" VPOS="1658" WIDTH="52" HEIGHT="20" WC="0.91" CONTENT="folk-"/><SP WIDTH="17" VPOS="1658" HPOS="609"/>
							<String ID="string_426" HPOS="626" VPOS="1658" WIDTH="39" HEIGHT="20" WC="0.93" CONTENT="och"/><SP WIDTH="17" VPOS="1658" HPOS="665"/>
							<String ID="string_427" HPOS="682" VPOS="1657" WIDTH="118" HEIGHT="21" WC="0.93" CONTENT="småskolor"/><SP WIDTH="10" VPOS="1657" HPOS="800"/>
							<String ID="string_428" HPOS="810" VPOS="1659" WIDTH="57" HEIGHT="19" WC="0.96" CONTENT="samt"/><SP WIDTH="10" VPOS="1659" HPOS="867"/>
							<String ID="string_429" HPOS="877" VPOS="1658" WIDTH="56" HEIGHT="20" WC="0.96" CONTENT="vissa"/>
						</TextLine>
						<TextLine ID="line_71" HPOS="138" VPOS="1687" WIDTH="795" HEIGHT="30">
							<String ID="string_430" HPOS="138" VPOS="1689" WIDTH="223" HEIGHT="28" WC="0.91" CONTENT="sjukvårdsanstalter,"/><SP WIDTH="24" VPOS="1689" HPOS="361"/>
							<String ID="string_431" HPOS="385" VPOS="1689" WIDTH="64" HEIGHT="25" WC="0.96" CONTENT="högre"/><SP WIDTH="22" VPOS="1689" HPOS="449"/>
							<String ID="string_432" HPOS="471" VPOS="1688" WIDTH="123" HEIGHT="24" WC="0.96" CONTENT="folkskolor,"/><SP WIDTH="25" VPOS="1688" HPOS="594"/>
							<String ID="string_433" HPOS="619" VPOS="1687" WIDTH="140" HEIGHT="21" WC="0.93" CONTENT="kommunala"/><SP WIDTH="23" VPOS="1687" HPOS="759"/>
							<String ID="string_434" HPOS="782" VPOS="1687" WIDTH="151" HEIGHT="20" WC="0.87" CONTENT="mellanskolor"/>
						</TextLine>
						<TextLine ID="line_72" HPOS="139" VPOS="1717" WIDTH="794" HEIGHT="26">
							<String ID="string_435" HPOS="139" VPOS="1720" WIDTH="39" HEIGHT="20" WC="0.96" CONTENT="och"/><SP WIDTH="24" VPOS="1720" HPOS="178"/>
							<String ID="string_436" HPOS="202" VPOS="1720" WIDTH="57" HEIGHT="20" WC="0.93" CONTENT="vissa"/><SP WIDTH="15" VPOS="1720" HPOS="259"/>
							<String ID="string_437" HPOS="274" VPOS="1719" WIDTH="232" HEIGHT="21" WC="0.92" CONTENT="småskoleseminarier"/><SP WIDTH="16" VPOS="1719" HPOS="506"/>
							<String ID="string_438" HPOS="522" VPOS="1718" WIDTH="60" HEIGHT="21" WC="0.93" CONTENT="skola"/><SP WIDTH="15" VPOS="1718" HPOS="582"/>
							<String ID="string_439" HPOS="597" VPOS="1718" WIDTH="65" HEIGHT="20" WC="0.91" CONTENT="lända"/><SP WIDTH="15" VPOS="1718" HPOS="662"/>
							<String ID="string_440" HPOS="677" VPOS="1717" WIDTH="33" HEIGHT="20" WC="0.93" CONTENT="till"/><SP WIDTH="16" VPOS="1717" HPOS="710"/>
							<String ID="string_441" HPOS="726" VPOS="1717" WIDTH="139" HEIGHT="20" WC="0.90" CONTENT="efterrättelse"/><SP WIDTH="15" VPOS="1717" HPOS="865"/>
							<String ID="string_442" HPOS="880" VPOS="1717" WIDTH="53" HEIGHT="26" WC="0.90" CONTENT="jäm-"/>
						</TextLine>
						<TextLine ID="line_73" HPOS="139" VPOS="1747" WIDTH="794" HEIGHT="28">
							<String ID="string_443" HPOS="139" VPOS="1750" WIDTH="34" HEIGHT="20" WC="0.95" CONTENT="väl"/><SP WIDTH="23" VPOS="1750" HPOS="173"/>
							<String ID="string_444" HPOS="196" VPOS="1750" WIDTH="34" HEIGHT="20" WC="0.96" CONTENT="för"/><SP WIDTH="23" VPOS="1750" HPOS="230"/>
							<String ID="string_445" HPOS="253" VPOS="1749" WIDTH="125" HEIGHT="26" WC="0.93" CONTENT="budgetåret"/><SP WIDTH="24" VPOS="1749" HPOS="378"/>
							<String ID="string_446" HPOS="402" VPOS="1747" WIDTH="136" HEIGHT="28" WC="0.92" CONTENT="1928/1929;"/><SP WIDTH="24" VPOS="1747" HPOS="538"/>
							<String ID="string_447" HPOS="562" VPOS="1748" WIDTH="40" HEIGHT="20" WC="0.93" CONTENT="och"/><SP WIDTH="19" VPOS="1748" HPOS="602"/>
							<String ID="string_448" HPOS="621" VPOS="1747" WIDTH="139" HEIGHT="27" WC="0.92" CONTENT="bemyndigas"/><SP WIDTH="20" VPOS="1747" HPOS="760"/>
							<String ID="string_449" HPOS="780" VPOS="1747" WIDTH="60" HEIGHT="20" WC="0.92" CONTENT="KM:t"/><SP WIDTH="16" VPOS="1747" HPOS="840"/>
							<String ID="string_450" HPOS="856" VPOS="1749" WIDTH="31" HEIGHT="18" WC="0.93" CONTENT="att"/><SP WIDTH="15" VPOS="1749" HPOS="887"/>
							<String ID="string_451" HPOS="902" VPOS="1749" WIDTH="31" HEIGHT="18" WC="0.92" CONTENT="ut-"/>
						</TextLine>
						<TextLine ID="line_74" HPOS="138" VPOS="1777" WIDTH="795" HEIGHT="26">
							<String ID="string_452" HPOS="138" VPOS="1779" WIDTH="61" HEIGHT="21" WC="0.91" CONTENT="färda"/><SP WIDTH="24" VPOS="1779" HPOS="199"/>
							<String ID="string_453" HPOS="223" VPOS="1779" WIDTH="25" HEIGHT="20" WC="0.96" CONTENT="de"/><SP WIDTH="20" VPOS="1779" HPOS="248"/>
							<String ID="string_454" HPOS="268" VPOS="1780" WIDTH="98" HEIGHT="19" WC="0.95" CONTENT="närmare"/><SP WIDTH="23" VPOS="1780" HPOS="366"/>
							<String ID="string_455" HPOS="389" VPOS="1778" WIDTH="138" HEIGHT="24" WC="0.95" CONTENT="föreskrifter,"/><SP WIDTH="25" VPOS="1778" HPOS="527"/>
							<String ID="string_456" HPOS="552" VPOS="1784" WIDTH="46" HEIGHT="14" WC="0.96" CONTENT="som"/><SP WIDTH="23" VPOS="1784" HPOS="598"/>
							<String ID="string_457" HPOS="621" VPOS="1778" WIDTH="33" HEIGHT="20" WC="0.96" CONTENT="för"/><SP WIDTH="18" VPOS="1778" HPOS="654"/>
							<String ID="string_458" HPOS="672" VPOS="1777" WIDTH="138" HEIGHT="26" WC="0.96" CONTENT="tillämpning"/><SP WIDTH="15" VPOS="1777" HPOS="810"/>
							<String ID="string_459" HPOS="825" VPOS="1783" WIDTH="26" HEIGHT="14" WC="0.93" CONTENT="av"/><SP WIDTH="16" VPOS="1783" HPOS="851"/>
							<String ID="string_460" HPOS="867" VPOS="1777" WIDTH="66" HEIGHT="20" WC="0.91" CONTENT="förbe-"/>
						</TextLine>
						<TextLine ID="line_75" HPOS="138" VPOS="1807" WIDTH="796" HEIGHT="28">
							<String ID="string_461" HPOS="138" VPOS="1809" WIDTH="63" HEIGHT="21" WC="0.92" CONTENT="rörda"/><SP WIDTH="23" VPOS="1809" HPOS="201"/>
							<String ID="string_462" HPOS="224" VPOS="1809" WIDTH="109" HEIGHT="20" WC="0.96" CONTENT="allmänna"/><SP WIDTH="23" VPOS="1809" HPOS="333"/>
							<String ID="string_463" HPOS="356" VPOS="1808" WIDTH="93" HEIGHT="27" WC="0.96" CONTENT="grunder"/><SP WIDTH="15" VPOS="1808" HPOS="449"/>
							<String ID="string_464" HPOS="464" VPOS="1809" WIDTH="36" HEIGHT="19" WC="0.93" CONTENT="må"/><SP WIDTH="16" VPOS="1809" HPOS="500"/>
							<String ID="string_465" HPOS="516" VPOS="1808" WIDTH="95" HEIGHT="20" WC="0.92" CONTENT="befinnas"/><SP WIDTH="16" VPOS="1808" HPOS="611"/>
							<String ID="string_466" HPOS="627" VPOS="1807" WIDTH="142" HEIGHT="26" WC="0.95" CONTENT="erforderliga,"/><SP WIDTH="17" VPOS="1807" HPOS="769"/>
							<String ID="string_467" HPOS="786" VPOS="1808" WIDTH="100" HEIGHT="19" WC="0.96" CONTENT="ävensom"/><SP WIDTH="18" VPOS="1808" HPOS="886"/>
							<String ID="string_468" HPOS="904" VPOS="1808" WIDTH="30" HEIGHT="19" WC="0.95" CONTENT="att"/>
						</TextLine>
						<TextLine ID="line_76" HPOS="139" VPOS="1836" WIDTH="795" HEIGHT="29">
							<String ID="string_469" HPOS="139" VPOS="1840" WIDTH="7" HEIGHT="20" WC="0.96" CONTENT="i"/><SP WIDTH="15" VPOS="1840" HPOS="146"/>
							<String ID="string_470" HPOS="161" VPOS="1839" WIDTH="146" HEIGHT="26" WC="0.96" CONTENT="huvudsaklig"/><SP WIDTH="23" VPOS="1839" HPOS="307"/>
							<String ID="string_471" HPOS="330" VPOS="1839" WIDTH="95" HEIGHT="25" WC="0.96" CONTENT="enlighet"/><SP WIDTH="23" VPOS="1839" HPOS="425"/>
							<String ID="string_472" HPOS="448" VPOS="1838" WIDTH="49" HEIGHT="20" WC="0.96" CONTENT="med"/><SP WIDTH="16" VPOS="1838" HPOS="497"/>
							<String ID="string_473" HPOS="513" VPOS="1837" WIDTH="26" HEIGHT="21" WC="0.96" CONTENT="de"/><SP WIDTH="17" VPOS="1837" HPOS="539"/>
							<String ID="string_474" HPOS="556" VPOS="1838" WIDTH="7" HEIGHT="20" WC="0.96" CONTENT="i"/><SP WIDTH="16" VPOS="1838" HPOS="563"/>
							<String ID="string_475" HPOS="579" VPOS="1837" WIDTH="76" HEIGHT="21" WC="0.96" CONTENT="sådant"/><SP WIDTH="15" VPOS="1837" HPOS="655"/>
							<String ID="string_476" HPOS="670" VPOS="1837" WIDTH="104" HEIGHT="20" WC="0.96" CONTENT="avseende"/><SP WIDTH="16" VPOS="1837" HPOS="774"/>
							<String ID="string_477" HPOS="790" VPOS="1843" WIDTH="30" HEIGHT="14" WC="0.96" CONTENT="nu"/><SP WIDTH="15" VPOS="1843" HPOS="820"/>
							<String ID="string_478" HPOS="835" VPOS="1836" WIDTH="99" HEIGHT="27" WC="0.96" CONTENT="gällande"/>
						</TextLine>
						<TextLine ID="line_77" HPOS="139" VPOS="1866" WIDTH="795" HEIGHT="27">
							<String ID="string_479" HPOS="139" VPOS="1869" WIDTH="120" HEIGHT="21" WC="0.92" CONTENT="förskrifter"/><SP WIDTH="23" VPOS="1869" HPOS="259"/>
							<String ID="string_480" HPOS="282" VPOS="1868" WIDTH="99" HEIGHT="21" WC="0.96" CONTENT="meddela"/><SP WIDTH="24" VPOS="1868" HPOS="381"/>
							<String ID="string_481" HPOS="405" VPOS="1870" WIDTH="96" HEIGHT="18" WC="0.96" CONTENT="närmare"/><SP WIDTH="17" VPOS="1870" HPOS="501"/>
							<String ID="string_482" HPOS="518" VPOS="1867" WIDTH="161" HEIGHT="21" WC="0.96" CONTENT="bestämmelser"/><SP WIDTH="15" VPOS="1867" HPOS="679"/>
							<String ID="string_483" HPOS="694" VPOS="1867" WIDTH="8" HEIGHT="20" WC="0.96" CONTENT="i"/><SP WIDTH="16" VPOS="1867" HPOS="702"/>
							<String ID="string_484" HPOS="718" VPOS="1867" WIDTH="58" HEIGHT="26" WC="0.96" CONTENT="fråga"/><SP WIDTH="16" VPOS="1867" HPOS="776"/>
							<String ID="string_485" HPOS="792" VPOS="1873" WIDTH="36" HEIGHT="14" WC="0.93" CONTENT="om"/><SP WIDTH="16" VPOS="1873" HPOS="828"/>
							<String ID="string_486" HPOS="844" VPOS="1866" WIDTH="90" HEIGHT="27" WC="0.92" CONTENT="dyrtids-"/>
						</TextLine>
						<TextLine ID="line_78" HPOS="139" VPOS="1896" WIDTH="795" HEIGHT="29">
							<String ID="string_487" HPOS="139" VPOS="1899" WIDTH="74" HEIGHT="26" WC="0.96" CONTENT="tillägg"/><SP WIDTH="23" VPOS="1899" HPOS="213"/>
							<String ID="string_488" HPOS="236" VPOS="1900" WIDTH="22" HEIGHT="19" WC="0.96" CONTENT="åt"/><SP WIDTH="22" VPOS="1900" HPOS="258"/>
							<String ID="string_489" HPOS="280" VPOS="1899" WIDTH="57" HEIGHT="21" WC="0.95" CONTENT="vissa"/><SP WIDTH="15" VPOS="1899" HPOS="337"/>
							<String ID="string_490" HPOS="352" VPOS="1899" WIDTH="118" HEIGHT="20" WC="0.96" CONTENT="lärarinnor"/><SP WIDTH="15" VPOS="1899" HPOS="470"/>
							<String ID="string_491" HPOS="485" VPOS="1897" WIDTH="36" HEIGHT="22" WC="0.93" CONTENT="vid"/><SP WIDTH="16" VPOS="1897" HPOS="521"/>
							<String ID="string_492" HPOS="537" VPOS="1897" WIDTH="125" HEIGHT="21" WC="0.71" CONTENT="fackekolan"/><SP WIDTH="15" VPOS="1897" HPOS="662"/>
							<String ID="string_493" HPOS="677" VPOS="1897" WIDTH="33" HEIGHT="20" WC="0.95" CONTENT="för"/><SP WIDTH="16" VPOS="1897" HPOS="710"/>
							<String ID="string_494" HPOS="726" VPOS="1897" WIDTH="70" HEIGHT="26" WC="0.96" CONTENT="huslig"/><SP WIDTH="16" VPOS="1897" HPOS="796"/>
							<String ID="string_495" HPOS="812" VPOS="1896" WIDTH="100" HEIGHT="21" WC="0.96" CONTENT="ekonomi"/><SP WIDTH="15" VPOS="1896" HPOS="912"/>
							<String ID="string_496" HPOS="927" VPOS="1896" WIDTH="7" HEIGHT="20" WC="0.96" CONTENT="i"/>
						</TextLine>
						<TextLine ID="line_79" HPOS="139" VPOS="1926" WIDTH="795" HEIGHT="29">
							<String ID="string_497" HPOS="139" VPOS="1929" WIDTH="96" HEIGHT="26" WC="0.96" CONTENT="Uppsala"/><SP WIDTH="10" VPOS="1929" HPOS="235"/>
							<String ID="string_498" HPOS="245" VPOS="1931" WIDTH="56" HEIGHT="18" WC="0.96" CONTENT="samt"/><SP WIDTH="11" VPOS="1931" HPOS="301"/>
							<String ID="string_499" HPOS="312" VPOS="1929" WIDTH="36" HEIGHT="20" WC="0.96" CONTENT="vid"/><SP WIDTH="11" VPOS="1929" HPOS="348"/>
							<String ID="string_500" HPOS="359" VPOS="1928" WIDTH="26" HEIGHT="21" WC="0.96" CONTENT="de"/><SP WIDTH="8" VPOS="1928" HPOS="385"/>
							<String ID="string_501" HPOS="393" VPOS="1929" WIDTH="7" HEIGHT="19" WC="0.93" CONTENT="i"/><SP WIDTH="9" VPOS="1929" HPOS="400"/>
							<String ID="string_502" HPOS="409" VPOS="1927" WIDTH="232" HEIGHT="27" WC="0.92" CONTENT="statsrådsprotokollet"/><SP WIDTH="8" VPOS="1927" HPOS="641"/>
							<String ID="string_503" HPOS="649" VPOS="1929" WIDTH="49" HEIGHT="19" WC="0.93" CONTENT="över"/><SP WIDTH="8" VPOS="1929" HPOS="698"/>
							<String ID="string_504" HPOS="706" VPOS="1926" WIDTH="228" HEIGHT="21" WC="0.90" CONTENT="ecklesiastikärenden"/>
						</TextLine>
						<TextLine ID="line_80" HPOS="140" VPOS="1956" WIDTH="794" HEIGHT="28">
							<String ID="string_505" HPOS="140" VPOS="1959" WIDTH="41" HEIGHT="21" WC="0.96" CONTENT="den"/><SP WIDTH="16" VPOS="1959" HPOS="181"/>
							<String ID="string_506" HPOS="197" VPOS="1959" WIDTH="28" HEIGHT="20" WC="0.96" CONTENT="28"/><SP WIDTH="16" VPOS="1959" HPOS="225"/>
							<String ID="string_507" HPOS="241" VPOS="1959" WIDTH="52" HEIGHT="20" WC="0.95" CONTENT="febr."/><SP WIDTH="18" VPOS="1959" HPOS="293"/>
							<String ID="string_508" HPOS="311" VPOS="1958" WIDTH="56" HEIGHT="21" WC="0.96" CONTENT="1928"/><SP WIDTH="17" VPOS="1958" HPOS="367"/>
							<String ID="string_509" HPOS="384" VPOS="1959" WIDTH="91" HEIGHT="25" WC="0.96" CONTENT="angivna"/><SP WIDTH="16" VPOS="1959" HPOS="475"/>
							<String ID="string_510" HPOS="491" VPOS="1957" WIDTH="147" HEIGHT="21" WC="0.96" CONTENT="läroanstalter"/><SP WIDTH="15" VPOS="1957" HPOS="638"/>
							<String ID="string_511" HPOS="653" VPOS="1958" WIDTH="33" HEIGHT="19" WC="0.96" CONTENT="för"/><SP WIDTH="15" VPOS="1958" HPOS="686"/>
							<String ID="string_512" HPOS="701" VPOS="1956" WIDTH="126" HEIGHT="21" WC="0.96" CONTENT="utbildande"/><SP WIDTH="16" VPOS="1956" HPOS="827"/>
							<String ID="string_513" HPOS="843" VPOS="1963" WIDTH="26" HEIGHT="14" WC="0.93" CONTENT="av"/><SP WIDTH="14" VPOS="1963" HPOS="869"/>
							<String ID="string_514" HPOS="883" VPOS="1956" WIDTH="51" HEIGHT="20" WC="0.93" CONTENT="lära-"/>
						</TextLine>
						<TextLine ID="line_81" HPOS="139" VPOS="1986" WIDTH="796" HEIGHT="27">
							<String ID="string_515" HPOS="139" VPOS="1990" WIDTH="73" HEIGHT="20" WC="0.92" CONTENT="rinnor"/><SP WIDTH="16" VPOS="1990" HPOS="212"/>
							<String ID="string_516" HPOS="228" VPOS="1989" WIDTH="7" HEIGHT="20" WC="0.96" CONTENT="i"/><SP WIDTH="16" VPOS="1989" HPOS="235"/>
							<String ID="string_517" HPOS="251" VPOS="1989" WIDTH="139" HEIGHT="24" WC="0.96" CONTENT="handarbete;"/><SP WIDTH="17" VPOS="1989" HPOS="390"/>
							<String ID="string_518" HPOS="407" VPOS="1988" WIDTH="40" HEIGHT="21" WC="0.96" CONTENT="och"/><SP WIDTH="16" VPOS="1988" HPOS="447"/>
							<String ID="string_519" HPOS="463" VPOS="1988" WIDTH="85" HEIGHT="21" WC="0.96" CONTENT="anvisas"/><SP WIDTH="16" VPOS="1988" HPOS="548"/>
							<String ID="string_520" HPOS="564" VPOS="1988" WIDTH="33" HEIGHT="20" WC="0.96" CONTENT="till"/><SP WIDTH="11" VPOS="1988" HPOS="597"/>
							<String ID="string_521" HPOS="608" VPOS="1987" WIDTH="136" HEIGHT="21" WC="0.96" CONTENT="bestridande"/><SP WIDTH="12" VPOS="1987" HPOS="744"/>
							<String ID="string_522" HPOS="756" VPOS="1994" WIDTH="25" HEIGHT="13" WC="0.96" CONTENT="av"/><SP WIDTH="11" VPOS="1994" HPOS="781"/>
							<String ID="string_523" HPOS="792" VPOS="1986" WIDTH="143" HEIGHT="21" WC="0.95" CONTENT="kostnaderna"/>
						</TextLine>
						<TextLine ID="line_82" HPOS="139" VPOS="1995" WIDTH="1127" HEIGHT="51">
							<String ID="string_524" HPOS="139" VPOS="2020" WIDTH="33" HEIGHT="20" WC="0.93" CONTENT="för"/><SP WIDTH="9" VPOS="2020" HPOS="172"/>
							<String ID="string_525" HPOS="181" VPOS="2019" WIDTH="157" HEIGHT="27" WC="0.92" CONTENT="dyrtidstillägg"/><SP WIDTH="8" VPOS="2019" HPOS="338"/>
							<String ID="string_526" HPOS="346" VPOS="2019" WIDTH="22" HEIGHT="20" WC="0.96" CONTENT="åt"/><SP WIDTH="8" VPOS="2019" HPOS="368"/>
							<String ID="string_527" HPOS="376" VPOS="2018" WIDTH="95" HEIGHT="21" WC="0.93" CONTENT="nämnda"/><SP WIDTH="8" VPOS="2018" HPOS="471"/>
							<String ID="string_528" HPOS="479" VPOS="2018" WIDTH="147" HEIGHT="27" WC="0.91" CONTENT="lärargrupper"/><SP WIDTH="8" VPOS="2018" HPOS="626"/>
							<String ID="string_529" HPOS="634" VPOS="2018" WIDTH="33" HEIGHT="20" WC="0.96" CONTENT="för"/><SP WIDTH="9" VPOS="2018" HPOS="667"/>
							<String ID="string_530" HPOS="676" VPOS="2017" WIDTH="123" HEIGHT="26" WC="0.93" CONTENT="budgetåret"/><SP WIDTH="10" VPOS="2017" HPOS="799"/>
							<String ID="string_531" HPOS="809" VPOS="2016" WIDTH="125" HEIGHT="27" WC="0.91" CONTENT="1928/1929"/><SP WIDTH="330" VPOS="2016" HPOS="934"/>
							<String ID="string_532" HPOS="1264" VPOS="1995" WIDTH="2" HEIGHT="46" WC="0.91" CONTENT="|"/>
						</TextLine>
						<TextLine ID="line_83" HPOS="140" VPOS="2040" WIDTH="1126" HEIGHT="35">
							<String ID="string_533" HPOS="140" VPOS="2051" WIDTH="32" HEIGHT="19" WC="0.96" CONTENT="ett"/><SP WIDTH="15" VPOS="2051" HPOS="172"/>
							<String ID="string_534" HPOS="187" VPOS="2051" WIDTH="60" HEIGHT="19" WC="0.93" CONTENT="extra"/><SP WIDTH="16" VPOS="2051" HPOS="247"/>
							<String ID="string_535" HPOS="263" VPOS="2048" WIDTH="164" HEIGHT="27" WC="0.91" CONTENT="förslagsanslag"/><SP WIDTH="16" VPOS="2048" HPOS="427"/>
							<String ID="string_536" HPOS="443" VPOS="2055" WIDTH="26" HEIGHT="14" WC="0.96" CONTENT="av"/><SP WIDTH="17" VPOS="2055" HPOS="469"/>
							<String ID="string_537" HPOS="486" VPOS="2048" WIDTH="27" HEIGHT="21" WC="0.89" CONTENT="22"/><SP WIDTH="11" VPOS="2048" HPOS="513"/>
							<String ID="string_538" HPOS="524" VPOS="2048" WIDTH="41" HEIGHT="20" WC="0.92" CONTENT="700"/><SP WIDTH="10" VPOS="2048" HPOS="565"/>
							<String ID="string_539" HPOS="575" VPOS="2047" WIDTH="43" HEIGHT="21" WC="0.96" CONTENT="000"/><SP WIDTH="16" VPOS="2047" HPOS="618"/>
							<String ID="string_540" HPOS="634" VPOS="2048" WIDTH="31" HEIGHT="20" WC="0.95" CONTENT="kr."/><SP WIDTH="410" VPOS="2048" HPOS="665"/>
							<String ID="string_541" HPOS="1075" VPOS="2067" WIDTH="1" HEIGHT="5" WC="0.65" CONTENT="I"/><SP WIDTH="105" VPOS="2067" HPOS="1076"/>
							<String ID="string_542" HPOS="1181" VPOS="2040" WIDTH="2" HEIGHT="31" WC="0.60" CONTENT="I"/><SP WIDTH="81" VPOS="2040" HPOS="1183"/>
							<String ID="string_543" HPOS="1264" VPOS="2044" WIDTH="2" HEIGHT="28" WC="0.61" CONTENT="|"/>
						</TextLine>
					</TextBlock>
				</ComposedBlock>
				<ComposedBlock ID="cblock_21" HPOS="1258" VPOS="345" WIDTH="8" HEIGHT="1647">
					<TextBlock ID="block_22" HPOS="1258" VPOS="345" WIDTH="8" HEIGHT="1647">
						<TextLine ID="line_84" HPOS="1258" VPOS="345" WIDTH="8" HEIGHT="1647">
							<String ID="string_544" HPOS="1258" VPOS="345" WIDTH="8" HEIGHT="1647" WC="0.95" CONTENT=" "/>
						</TextLine>
					</TextBlock>
				</ComposedBlock>
				<ComposedBlock ID="cblock_22" HPOS="1379" VPOS="202" WIDTH="7" HEIGHT="1827">
					<TextBlock ID="block_23" HPOS="1379" VPOS="202" WIDTH="7" HEIGHT="1827">
						<TextLine ID="line_85" HPOS="1379" VPOS="202" WIDTH="7" HEIGHT="1827">
							<String ID="string_545" HPOS="1379" VPOS="202" WIDTH="7" HEIGHT="1827" WC="0.95" CONTENT=" "/>
						</TextLine>
					</TextBlock>
				</ComposedBlock>
				<ComposedBlock ID="cblock_23" HPOS="1176" VPOS="223" WIDTH="7" HEIGHT="1816">
					<TextBlock ID="block_24" HPOS="1176" VPOS="223" WIDTH="7" HEIGHT="1816">
						<TextLine ID="line_86" HPOS="1176" VPOS="223" WIDTH="7" HEIGHT="1816">
							<String ID="string_546" HPOS="1176" VPOS="223" WIDTH="7" HEIGHT="1816" WC="0.95" CONTENT=" "/>
						</TextLine>
					</TextBlock>
				</ComposedBlock>
				<ComposedBlock ID="cblock_24" HPOS="1068" VPOS="226" WIDTH="9" HEIGHT="1838">
					<TextBlock ID="block_25" HPOS="1068" VPOS="226" WIDTH="9" HEIGHT="1838">
						<TextLine ID="line_87" HPOS="1068" VPOS="226" WIDTH="9" HEIGHT="1838">
							<String ID="string_547" HPOS="1068" VPOS="226" WIDTH="9" HEIGHT="1838" WC="0.95" CONTENT=" "/>
						</TextLine>
					</TextBlock>
				</ComposedBlock>
				<ComposedBlock ID="cblock_25" HPOS="1470" VPOS="193" WIDTH="11" HEIGHT="1878">
					<TextBlock ID="block_26" HPOS="1470" VPOS="193" WIDTH="11" HEIGHT="1878">
						<TextLine ID="line_88" HPOS="1470" VPOS="193" WIDTH="11" HEIGHT="1878">
							<String ID="string_548" HPOS="1470" VPOS="193" WIDTH="11" HEIGHT="1878" WC="0.95" CONTENT=" "/>
						</TextLine>
					</TextBlock>
				</ComposedBlock>
				<ComposedBlock ID="cblock_26" HPOS="69" VPOS="205" WIDTH="8" HEIGHT="1869">
					<TextBlock ID="block_27" HPOS="69" VPOS="205" WIDTH="8" HEIGHT="1869">
						<TextLine ID="line_89" HPOS="69" VPOS="205" WIDTH="8" HEIGHT="1869">
							<String ID="string_549" HPOS="69" VPOS="205" WIDTH="8" HEIGHT="1869" WC="0.95" CONTENT=" "/>
						</TextLine>
					</TextBlock>
				</ComposedBlock>
				<ComposedBlock ID="cblock_27" HPOS="1673" VPOS="201" WIDTH="8" HEIGHT="1867">
					<TextBlock ID="block_28" HPOS="1673" VPOS="201" WIDTH="8" HEIGHT="1867">
						<TextLine ID="line_90" HPOS="1673" VPOS="201" WIDTH="8" HEIGHT="1867">
							<String ID="string_550" HPOS="1673" VPOS="201" WIDTH="8" HEIGHT="1867" WC="0.95" CONTENT=" "/>
						</TextLine>
					</TextBlock>
				</ComposedBlock>
				<ComposedBlock ID="cblock_28" HPOS="938" VPOS="202" WIDTH="8" HEIGHT="1871">
					<TextBlock ID="block_29" HPOS="938" VPOS="202" WIDTH="8" HEIGHT="1871">
						<TextLine ID="line_91" HPOS="938" VPOS="202" WIDTH="8" HEIGHT="1871">
							<String ID="string_551" HPOS="938" VPOS="202" WIDTH="8" HEIGHT="1871" WC="0.95" CONTENT=" "/>
						</TextLine>
					</TextBlock>
				</ComposedBlock>
				<ComposedBlock ID="cblock_29" HPOS="1002" VPOS="202" WIDTH="9" HEIGHT="1872">
					<TextBlock ID="block_30" HPOS="1002" VPOS="202" WIDTH="9" HEIGHT="1872">
						<TextLine ID="line_92" HPOS="1002" VPOS="202" WIDTH="9" HEIGHT="1872">
							<String ID="string_552" HPOS="1002" VPOS="202" WIDTH="9" HEIGHT="1872" WC="0.95" CONTENT=" "/>
						</TextLine>
					</TextBlock>
				</ComposedBlock>
				<ComposedBlock ID="cblock_30" HPOS="1375" VPOS="202" WIDTH="7" HEIGHT="1869">
					<TextBlock ID="block_31" HPOS="1375" VPOS="202" WIDTH="7" HEIGHT="1869">
						<TextLine ID="line_93" HPOS="1375" VPOS="202" WIDTH="7" HEIGHT="1869">
							<String ID="string_553" HPOS="1375" VPOS="202" WIDTH="7" HEIGHT="1869" WC="0.95" CONTENT=" "/>
						</TextLine>
					</TextBlock>
				</ComposedBlock>
				<ComposedBlock ID="cblock_31" HPOS="1572" VPOS="343" WIDTH="8" HEIGHT="1726">
					<TextBlock ID="block_32" HPOS="1572" VPOS="343" WIDTH="8" HEIGHT="1726">
						<TextLine ID="line_94" HPOS="1572" VPOS="343" WIDTH="8" HEIGHT="1726">
							<String ID="string_554" HPOS="1572" VPOS="343" WIDTH="8" HEIGHT="1726" WC="0.95" CONTENT=" "/>
						</TextLine>
					</TextBlock>
				</ComposedBlock>
				<ComposedBlock ID="cblock_32" HPOS="1122" VPOS="348" WIDTH="7" HEIGHT="1722">
					<TextBlock ID="block_33" HPOS="1122" VPOS="348" WIDTH="7" HEIGHT="1722">
						<TextLine ID="line_95" HPOS="1122" VPOS="348" WIDTH="7" HEIGHT="1722">
							<String ID="string_555" HPOS="1122" VPOS="348" WIDTH="7" HEIGHT="1722" WC="0.95" CONTENT=" "/>
						</TextLine>
					</TextBlock>
				</ComposedBlock>
				<ComposedBlock ID="cblock_33" HPOS="1217" VPOS="349" WIDTH="7" HEIGHT="1723">
					<TextBlock ID="block_34" HPOS="1217" VPOS="349" WIDTH="7" HEIGHT="1723">
						<TextLine ID="line_96" HPOS="1217" VPOS="349" WIDTH="7" HEIGHT="1723">
							<String ID="string_556" HPOS="1217" VPOS="349" WIDTH="7" HEIGHT="1723" WC="0.95" CONTENT=" "/>
						</TextLine>
					</TextBlock>
				</ComposedBlock>
				<ComposedBlock ID="cblock_34" HPOS="1324" VPOS="349" WIDTH="7" HEIGHT="1721">
					<TextBlock ID="block_35" HPOS="1324" VPOS="349" WIDTH="7" HEIGHT="1721">
						<TextLine ID="line_97" HPOS="1324" VPOS="349" WIDTH="7" HEIGHT="1721">
							<String ID="string_557" HPOS="1324" VPOS="349" WIDTH="7" HEIGHT="1721" WC="0.95" CONTENT=" "/>
						</TextLine>
					</TextBlock>
				</ComposedBlock>
				<ComposedBlock ID="cblock_35" HPOS="1431" VPOS="348" WIDTH="7" HEIGHT="1723">
					<TextBlock ID="block_36" HPOS="1431" VPOS="348" WIDTH="7" HEIGHT="1723">
						<TextLine ID="line_98" HPOS="1431" VPOS="348" WIDTH="7" HEIGHT="1723">
							<String ID="string_558" HPOS="1431" VPOS="348" WIDTH="7" HEIGHT="1723" WC="0.95" CONTENT=" "/>
						</TextLine>
					</TextBlock>
				</ComposedBlock>
				<ComposedBlock ID="cblock_36" HPOS="0" VPOS="2085" WIDTH="1637" HEIGHT="270">
					<TextBlock ID="block_37" HPOS="0" VPOS="2085" WIDTH="1637" HEIGHT="270">
						<TextLine ID="line_99" HPOS="0" VPOS="2085" WIDTH="1637" HEIGHT="270">
							<String ID="string_559" HPOS="0" VPOS="2085" WIDTH="1637" HEIGHT="270" WC="0.95" CONTENT=" "/>
						</TextLine>
					</TextBlock>
				</ComposedBlock>
			</PrintSpace>
		</Page>
	</Layout>
</alto>
