1860 2358
782 151 222 17 SAKREGISTER

1654 152 41 21 489

108 442 122 20 Folkskolor
244 448 27 14 m.
287 448 28 14 m.

149 472 17 26 ej
183 472 68 20 rikets
266 472 133 26 nordligaste
413 474 130 25 gränsorter,
558 472 50 21 med
623 472 127 21 oförändrat
761 473 87 26 belopp,
859 473 40 21 548
908 473 41 21 000

148 502 40 24 kr.;
206 502 40 20 och
262 502 92 26 beviljas
370 502 33 20 till
419 502 253 27 inackorderingsbidrag
688 502 33 21 för
736 502 57 21 vissa
810 503 139 26 skolpliktiga

149 532 61 23 barn,
226 532 131 20 tillhörande
373 532 137 20 skoldistrikt
524 532 6 20 i
545 532 69 20 andra
629 532 59 20 delar
702 538 29 15 av
745 532 57 20 riket
816 534 28 19 än
860 533 26 20 de
901 533 48 26 fyra

149 561 133 26 nordligaste
302 562 71 22 länen,
395 562 33 19 för
448 562 131 26 budgetåret
600 562 118 25 1932/1933
739 564 33 18 ett
792 564 62 18 extra
875 563 74 26 anslag

149 597 28 14 av
196 590 75 21 15.000
288 591 40 23 kr.;
347 591 39 20 och
404 591 92 26 beviljas
512 591 33 20 till
560 591 76 26 bidrag
649 591 34 21 för
696 591 141 21 anordnande
851 598 29 14 av
893 592 56 20 skol-

149 620 98 27 skjutsar
259 620 34 20 för
306 620 139 27 skolpliktiga
458 621 54 20 barn
525 621 34 20 för
571 621 131 26 budgetåret
714 621 118 26 1932/1933
843 623 34 18 ett
887 623 62 19 extra

149 650 76 26 anslag
242 656 29 14 av
289 650 40 20 150
337 650 41 20 000
395 650 40 24 kr.;
454 650 40 21 och
511 650 98 21 anhåller
625 650 43 21 RD
686 656 35 15 om
740 651 118 26 skyndsam
876 652 73 19 utred-

149 680 52 26 ning
214 685 50 21 ang.
279 680 121 26 stadgande
413 686 29 14 av
455 680 124 26 skyldighet
592 680 34 20 för
638 680 69 21 lärare
720 680 38 21 vid
771 681 55 19 folk-
839 681 41 20 och
893 681 56 20 små-

149 709 73 20 skolor
233 711 35 18 att
279 709 45 21 låta
336 709 32 27 sig
379 709 111 27 förflyttas
502 710 48 20 från
562 711 33 19 ett
606 710 137 20 skoldistrikt
753 710 34 20 till
798 712 34 18 ett
842 712 75 19 annat.

96 771 24 18 17
137 768 43 21 RD
194 768 127 27 godkänner
333 769 58 20 vissa
405 769 117 26 ändringar
535 775 28 14 av
577 769 26 20 de
616 769 34 20 för
662 769 230 27 fortsättningsskolan
905 770 44 27 gäl-

150 799 64 19 lande
228 798 160 27 huvudsakliga
402 799 94 26 grunder
509 799 40 20 och
561 799 169 24 bestämmelser;
742 800 41 19 och
793 800 111 26 medgives
915 801 34 19 att

149 828 33 20 till
194 828 140 20 bestridande
343 834 29 14 av
381 828 147 21 kostnaderna
537 828 34 21 för
579 829 161 26 centralisering
749 835 29 14 av
787 829 162 27 fortsättnings-

150 858 154 20 skolväsendet
323 858 133 26 statsbidrag
474 858 35 20 må
529 858 52 27 utgå
599 858 68 27 enligt
684 859 95 26 angivna
797 859 100 26 grunder;
916 860 34 19 för

150 887 132 27 budgetåret
305 887 118 27 1932/1933
445 888 54 20 ökas
521 888 38 20 det
580 888 46 20 ord.
647 888 189 27 förslagsanslaget
856 889 32 20 till
911 896 38 13 un-

150 917 89 20 derstöd
258 917 23 20 åt
301 917 68 21 lärare
387 917 38 21 vid
443 917 227 27 fortsättningsskolor
688 918 50 21 med
758 918 88 20 100000
865 919 31 20 kr.
916 919 33 20 till

150 947 60 20 5100
219 947 41 20 000
275 947 32 20 kr.
327 948 58 19 samt
400 947 102 27 uppföres
517 947 33 21 till
565 947 118 21 kostnader
697 948 34 20 för
746 948 161 27 centralisering
921 955 28 14 av

150 976 310 27 fortsättningsskolväsendet
474 978 33 19 ett
522 977 45 20 ord.
582 977 167 27 förslagsanslag
762 984 29 14 av
806 978 39 20 100
854 978 41 20 000
909 978 39 24 kr.;

150 1007 40 20 och
201 1006 107 21 förklarar
318 1007 43 19 RD
373 1006 31 27 sig
414 1007 47 20 icke
472 1007 57 20 hava
540 1007 67 26 något
617 1009 35 18 att
662 1007 69 20 erinra
742 1009 47 18 mot
800 1009 40 22 att,
852 1008 40 20 där
902 1014 48 14 cen-

150 1036 122 27 tralisering
287 1042 28 14 av
331 1036 309 27 fortsättningsskolväsendet
654 1037 47 20 icke
716 1037 98 20 kommer
828 1038 34 19 till
877 1038 72 23 stånd,

151 1066 60 20 såväl
228 1066 37 20 det
281 1066 45 20 ord.
343 1066 98 27 anslaget
456 1066 33 20 till
505 1066 253 27 inackorderingsbidrag
773 1067 33 20 för
821 1067 57 20 vissa
894 1068 56 19 skol-

151 1095 92 27 pliktiga
262 1096 54 20 barn
335 1095 58 21 inom
412 1096 199 24 Västernorrlands,
631 1096 132 24 Jämtlands,
783 1097 167 20 Västerbottens

151 1125 40 20 och
208 1125 145 20 Norrbottens
368 1125 36 21 län
420 1132 46 13 som
482 1126 40 20 ock
538 1126 38 20 det
590 1126 121 26 föreslagna
727 1128 62 19 extra
804 1127 98 26 anslaget
917 1127 33 20 till

151 1155 254 27 inackorderingsbidrag
416 1155 34 21 för
462 1155 58 21 vissa
533 1156 139 26 skolpliktiga
685 1156 54 20 barn
751 1156 130 21 tillhörande
894 1157 57 20 skol-

151 1184 89 21 distrikt
252 1185 6 20 i
270 1185 68 20 andra
351 1185 60 20 delar
422 1191 29 14 av
462 1185 57 20 riket
530 1187 28 19 än
571 1185 26 21 de
609 1185 48 27 fyra
669 1186 132 26 nordligaste
813 1186 63 20 länen
888 1187 62 25 tagas

151 1214 6 20 i
176 1215 95 25 anspråk
289 1214 83 27 jämväl
391 1215 34 20 för
443 1215 111 26 lärjungar
572 1215 7 20 i
598 1215 238 27 fortsättningsskolan;
856 1216 40 20 och
915 1217 36 20 be-

150 1244 116 27 myndigas
284 1244 64 21 KM:t
365 1246 35 19 att
416 1245 100 20 meddela
534 1245 27 20 de
578 1246 100 20 närmare
695 1245 140 24 föreskrifter,
854 1252 46 14 som
918 1246 33 20 för

151 1274 139 27 tillämpning
311 1280 29 14 av
361 1274 150 21 ovanstående
533 1275 72 20 beslut
626 1275 36 20 må
684 1275 99 21 befinnas
805 1275 145 27 erforderliga;

150 1304 85 20 motion
247 1310 35 14 om
294 1304 242 26 fortsättningsskolans
548 1305 126 20 ersättande
684 1305 50 20 med
746 1306 33 19 ett
791 1305 77 26 sjunde
880 1306 71 20 skolår

150 1333 102 21 förfaller.

97 1395 24 18 18
138 1393 43 20 RD
192 1393 61 26 höjer
263 1393 38 20 det
310 1394 46 20 ord.
367 1394 190 26 förslagsanslaget
566 1394 34 20 till
609 1394 240 27 folkundervisningens
858 1395 93 20 befräm-

149 1423 67 26 jande
225 1423 7 20 i
241 1423 68 20 rikets
318 1423 132 27 nordligaste
459 1425 124 25 gränsorter
591 1424 50 20 med
650 1424 27 20 40
685 1424 41 20 000
735 1424 32 20 kr.
777 1425 33 20 till
819 1424 41 21 590
868 1425 41 20 000
918 1425 32 20 kr.

97 1484 24 18 19
138 1482 50 20 Med
196 1482 43 20 anl.
249 1488 28 15 av
286 1482 62 21 RD:s
356 1489 56 14 rev:s
421 1489 58 14 anm.
488 1483 97 21 anhåller
592 1483 51 24 RD,
652 1485 35 19 att
695 1484 64 20 KM:t
765 1484 51 20 ville
824 1485 51 26 taga
884 1485 68 20 under

151 1512 160 26 övervägande,
328 1512 44 21 vad
389 1513 168 20 statsutskottet
573 1513 73 20 anfört
663 1515 40 18 rör.
721 1514 166 26 tjänstledighet
903 1514 48 20 från

151 1541 230 27 folkskollärartjänst.

96 1603 27 18 20
139 1601 43 20 RD
200 1601 102 24 besluter,
319 1603 35 19 att
370 1601 260 22 folkskoleseminarierna
647 1603 7 19 i
670 1603 138 24 Härnösand,
827 1603 67 20 Skara
911 1604 40 19 och

151 1630 143 21 Landskrona
306 1631 60 20 skola
377 1631 26 20 fr.
415 1637 19 14 o.
445 1638 29 13 m.
487 1632 76 26 början
575 1638 28 14 av
613 1632 80 20 läsåret
705 1632 117 23 1932/1933
834 1633 117 20 successivt

151 1660 124 27 nedläggas;
293 1661 40 20 och
349 1661 98 20 anhåller
463 1661 42 20 RD
522 1667 35 14 om
574 1662 93 26 förnyad
684 1662 116 27 utredning
816 1663 6 19 i
839 1663 60 26 fråga
915 1669 35 14 om

151 1690 176 27 organisationen
339 1696 29 15 av
380 1692 84 19 statens
476 1691 231 21 folkskoleseminarier
719 1692 6 20 i
738 1692 77 27 övrigt;
829 1693 40 20 och
881 1693 70 20 beslu-

150 1721 35 19 ter
201 1720 50 23 RD,
269 1721 35 19 att
320 1720 262 21 småskoleseminarierna
599 1721 60 20 skola
675 1728 53 14 vara
745 1722 33 20 till
795 1722 84 20 antalet
895 1723 55 23 åtta,

152 1749 68 21 därav
238 1750 49 26 fyra
306 1750 213 24 dubbelseminarier,
539 1751 97 26 förlagda
654 1751 34 20 till
707 1752 26 20 de
751 1752 128 20 nuvarande
896 1752 55 21 folk-

151 1779 215 21 skoleseminarierna
387 1780 6 20 i
414 1780 138 24 Härnösand,
573 1780 126 28 Strängnäs,
721 1781 67 21 Skara
808 1782 41 20 och
869 1782 82 20 Lands-

151 1809 76 23 krona,
245 1811 58 18 samt
319 1809 48 27 fyra
384 1810 195 24 enkelseminarier,
596 1810 97 27 förlagda
710 1811 33 20 till
760 1811 134 27 Haparanda
911 1812 40 20 och

151 1838 105 27 Lycksele
270 1841 58 18 samt
342 1839 32 20 till
390 1840 26 20 de
430 1840 127 20 nuvarande
571 1840 275 27 landstingsseminarierna
860 1842 7 20 i
882 1841 68 21 Falun

152 1868 40 20 och
210 1868 130 27 Linköping,
359 1870 35 19 att
410 1870 62 26 varje
490 1870 220 21 dubbelseminarium
729 1871 54 20 skall
801 1871 94 21 omfatta
912 1872 39 20 två

151 1898 101 26 tvååriga
266 1898 69 27 linjer,
350 1900 58 19 samt
421 1901 35 18 att
469 1899 217 21 enkelseminarierna
699 1900 61 21 skola
774 1901 101 24 omfatta,
889 1901 63 21 semi-

152 1928 99 20 narierna
264 1928 6 20 i
283 1929 134 26 Haparanda
430 1929 40 20 och
482 1929 104 26 Lycksele
597 1930 91 20 vardera
701 1936 26 14 en
739 1930 80 27 treårig
831 1931 52 26 linje
894 1933 58 18 samt

151 1957 155 21 seminarierna
318 1958 6 20 i
336 1958 69 20 Falun
417 1959 41 20 och
469 1959 123 26 Linköping
602 1960 92 20 vardera
706 1966 26 14 en
744 1960 86 27 tvåårig
841 1960 58 27 linje;
912 1961 40 20 och

152 1987 112 27 medgiver
279 1988 50 23 RD,
345 1989 35 19 att
396 1988 41 20 den
453 1994 28 14 av
497 1989 56 20 förre
568 1989 88 20 rektorn
673 1989 20 20 J.
709 1989 106 21 Wockatz
830 1990 34 20 till
879 1991 73 19 staten

152 2017 72 20 såsom
242 2017 56 26 gåva
317 2018 154 20 överlämnade
489 2018 131 27 fastigheten
639 2019 37 20 vid
695 2019 233 21 småskoleseminariet
945 2020 7 20 i

152 2046 133 27 Hagaström
306 2047 36 20 må
364 2047 55 20 efter
439 2048 95 20 nämnda
556 2048 151 21 seminariums
728 2049 149 27 nedläggande
897 2051 55 19 utan

90 2099 28 17 62.
133 2100 116 21 Sakregister.
267 2100 14 17 I.

974 308 26 21 År

1025 255 57 17 Kungl.

1030 285 52 18 Maj:ts

1029 318 50 14 prop:r

1037 344 36 15 eller

1094 277 92 16 Motioner

1240 229 98 17 Utskotts-

1230 259 117 20 utlåtanden,

1213 289 95 17 memorial
1321 289 44 16 eller

1224 319 132 17 betänkanden

1410 230 55 16 Riks-

1403 260 69 20 dagens

1414 290 45 16 skri-

1406 320 61 16 velser

1534 248 116 17 Kamrarnas

1521 278 141 21 förhandlingar

1548 308 87 21 (prot.nr)

1029 370 55 28 skriv:r]
1097 385 87 16 FKlAK

1286 385 91 17 Nummer

1205 373 16 50 Saml,

1246 372 17 50 Avd.

1393 386 92 16 Nummer

1506 374 67 17 Första
1579 370 24 31 |
1610 375 65 16 Andra

1506 398 70 17 kamm.
1579 394 24 31 |
1607 399 70 16 kamm.

969 1396 53 21 1932

969 1485 53 21 1932

969 1604 53 20 1932

964 474 56 20 1932

967 771 53 20 19321
1038 771 39 20 134

1040 1396 40 20 1:8

1029 1427 57 20 pt185|

1040 1604 39 21 143

1112 771 26 20 46|
1152 771 38 20 461

1100 801 38 20 155]
1152 801 38 20 471

1098 831 40 20 297

1098 860 40 21 299

1098 890 40 20 319

1101 1604 93 20 318/454

1094 1634 101 20 3325-1472

1100 1663 95 24 334/475

1094 1693 101 21 3338-1476

1101 1723 91 21 340481

1155 1842 40 21 497

1214 772 108 20 Gltlut

1297 802 27 20 82

1299 1427 27 20 98

1216 1485 12 21 6
1230 1481 14 36 |
1259 1486 9 19 11
1299 1486 26 20 86
1340 1488 45 18 s.25

1216 1604 13 20 6
1227 1592 17 42 |
1259 1604 68 21 11122

1281 1635 45 24 145

1392 773 38 21 195

1392 1397 41 21 246

1392 1486 40 21 213
1447 1489 45 18 s.16)

1393 1605 40 21 353

1497 773 33 20 30:
1541 775 25 17 24
1577 773 54 21 dl38:
1643 775 24 18 10
1677 773 14 21 dl

1499 1398 69 20 31:19
1600 1398 79 21 140:1d

1499 1428 34 20 37:
1544 1429 24 18 87
1580 1423 53 36 147:
1644 1430 25 17 27

1499 1487 55 21 34:6
1600 1487 69 20 143:22

1500 1605 33 21 44:
1544 1608 24 17 67
1579 1606 55 21 dj55:
1646 1609 8 17 1
1666 1606 14 21 d

1500 1635 33 21 48:
1544 1637 25 18 20
1601 1635 32 21 158:
1646 1638 37 17 144
