1821 2349
161 88 28 21 36
849 89 222 19 SAKREGISTER

1084 201 101 25 Kole
1204 177 101 29 Motioner
1373 177 71 30 Utskott
1492 177 56 37 Skriv.
1594 177 103 30 Protokoll

1216 235 29 16 FK
1244 218 28 43 |
1280 235 32 16 AK
1332 235 87 16 |Smilaval
1443 235 26 16 Nr
1475 218 28 43 |
1511 222 21 11 ”"
1588 235 30 17 FK
1688 235 32 17 AK

179 273 330 25 Arbetsmarknadsstyrelsen

221 303 84 25 gärder
320 303 37 20 för
373 303 147 25 fordringens
536 303 135 21 bevakande
685 304 43 20 och
744 304 137 21 indrivande
896 304 108 21 bedömes
1020 304 45 20 för-|
1089 305 30 22 57

222 333 74 20 enade
309 333 52 20 med
375 333 78 21 arbete
466 333 43 20 och
523 334 125 20 kostnader
661 334 7 20 i
682 334 72 20 sådan
768 334 163 25 utsträckning
944 335 34 19 att
991 334 74 25 åtgär-

222 362 73 21 derna
309 363 21 25 ej
347 363 26 20 är
387 363 149 20 ekonomiskt
550 363 107 24 lönande,
671 364 42 20 allt
727 364 70 20 såvitt
811 364 79 25 dylika
905 364 107 25 åtgärder
1026 365 39 19 än-

222 393 60 20 dock
292 392 51 21 icke
353 399 68 14 anses
432 393 123 25 påkallade
565 399 28 14 av
603 394 73 20 andra
687 394 29 19 än
727 394 152 20 ekonomiska
890 393 174 24 förhållanden;

221 422 44 21 och
278 423 94 20 anvisar
384 423 40 20 RD
436 423 35 20 till
485 423 126 20 kostnader
624 423 36 20 för
672 423 334 26 arbetsmarknadsstyrelsens
1019 424 46 20 för-

222 452 206 21 rådsverksamhet
439 453 40 20 100
490 453 35 20 kr.

181 487 23 15 12
221 482 45 20 Till
281 482 127 21 kostnader
422 482 37 21 för
473 483 196 20 arbetslöshetens
682 482 162 26 bekämpande
857 489 30 15 m.
901 489 30 15 m.
945 483 93 21 anvisas
1052 483 12 20 ål
1088 484 30 22 571
1140 486 41 21 125
1188 478 26 34 |
1227 498 27 3 —|
1293 498 26 3 —I
1358 486 13 20 6
1394 498 25 3 —!I
1449 486 145 21 681189113:
1609 491 22 15 30
1660 487 34 20 |13:
1710 491 22 15 42

222 512 141 26 tilläggsstat
372 513 20 20 II
403 513 12 20 5
425 513 42 20 000
477 513 41 20 000
529 513 33 20 kr.
1167 521 10 16 3
1459 521 10 16 5

195 601 7 14 1
221 596 45 20 Till
281 596 127 21 kostnader
422 595 37 22 för
472 596 196 21 arbetslöshetens
682 597 161 25 bekämpande
857 603 30 15 m.
901 604 30 14 m.
945 597 93 20 anvisas
1052 597 13 20 ål
1087 598 30 22 58)
1133 600 37 21 2:3
1228 612 25 3 —1I
1293 612 26 2 —I
1358 600 14 20 6)
1394 612 25 3 —
1450 600 26 20 171
1515 600 28 20 561
1573 601 20 19 5:
1609 600 41 20 30d]
1674 600 20 20 5:
1710 600 41 20 66d

222 626 141 25 tilläggsstat
373 626 19 21 II
404 626 26 21 12
440 627 41 20 000
491 627 42 20 000
544 627 33 20 kr.
1156 634 10 16 2
1468 634 10 15 2

194 661 9 14 2
222 656 39 20 RD
281 656 77 20 avslår
376 656 114 20 motioner
509 662 37 14 om
565 662 28 15 en
612 657 125 25 utredning
755 658 45 19 rör.
819 657 185 21 arkivarbetares
1022 657 43 20 ochl
1088 658 29 22 581
1135 660 34 20 1:7
1209 660 109 20 |2191270]
1359 660 13 19 6)
1394 672 25 2 —|
1464 659 13 20 5
1530 660 12 20 51
1573 660 58 20 9:46
1639 655 26 33 |
1674 660 20 20 9:
1710 659 42 20 94d

222 686 210 25 musikerhjälptas
443 686 137 20 lönevillkor
591 687 43 19 och
645 687 93 20 anvisar
749 687 34 20 till
794 687 127 21 kostnader
932 687 36 20 för
978 687 87 20 arbets-
1149 694 22 16 75
1456 693 22 16 56

223 715 117 21 löshetens
349 716 162 25 bekämpande
521 723 29 14 m.
561 723 29 14 m.
601 717 26 20 30
638 717 41 20 000
689 717 42 20 000
741 717 34 20 kr.

194 751 9 14 3
222 746 44 19 Till
277 745 239 26 beredskapsarbeten
527 746 29 25 på
567 747 70 24 vägar
647 747 43 19 och
701 748 66 23 gator
778 747 92 20 anvisas
882 747 26 20 50
918 747 42 20 000
970 747 42 20 000
1023 747 41 23 kr.,
1065 741 14 35 |
1088 748 29 21 58)
1135 750 34 20 1:7
1228 761 26 2 —I
1293 761 26 2 —I
1359 749 13 20 6
1394 761 26 3 —I
1464 749 13 20 5
1530 749 13 20 51
1573 749 21 20 9:
1609 753 22 16 46
1640 744 22 34 |
1674 749 20 20 9:
1711 753 21 16 96

222 776 34 20 att
265 776 117 20 avräknas
392 777 48 19 mot
449 776 306 21 automobilskattemedlen.
1150 784 21 15 76
1457 783 21 15 58

194 811 10 14 4
223 805 39 20 RD
273 806 124 25 medgiver,
408 806 34 21 att
454 806 25 20 K.
489 806 45 20 M:t
545 806 37 20 må
593 806 139 25 bemyndiga
743 806 321 26 arbetsmarknadsstyrelsen
1060 801 14 35 |
1088 807 30 22 581
1135 809 34 20 1:7
1228 820 26 3 —
1294 820 26 3 —
1359 809 13 20 6)
1465 809 12 19 5
1530 809 13 20 51
1574 809 20 20 9:
1610 813 21 15 46
1640 804 22 34 |
1674 808 21 21 9:
1711 813 22 15 96

222 836 34 19 att
272 836 74 20 under
361 835 138 26 budgetåret
515 835 99 25 1958/59,
630 837 56 19 utan
702 836 83 20 hinder
801 842 28 14 av
844 836 107 25 gällande
966 836 99 21 bestäm-
1150 843 21 16 77
1457 843 22 15 58

222 865 84 21 melser
321 870 52 21 ang.
389 865 151 26 avskrivning
555 872 28 14 av
597 866 103 20 kronans
716 866 140 25 fordringar,
870 866 91 21 besluta
975 872 38 14 om
1028 872 37 14 av-

222 895 122 25 skrivning
358 901 29 15 av
400 895 104 24 fordran,
518 896 160 24 uppkommen
692 896 63 20 inom
770 896 295 23 arbetsmarknadsverket,

222 925 34 20 till
272 925 84 25 belopp
371 925 21 25 ej
409 926 161 24 överstigande
585 925 42 21 500
642 926 41 23 kr.,
698 925 150 22 beträffande
862 926 77 20 vilken
954 926 110 24 antingen

222 955 231 25 omständigheterna
466 960 39 21 ger
517 955 38 20 vid
568 955 94 21 handen
675 957 33 19 att
721 956 172 20 vederbörande
906 956 51 20 icke
969 956 47 20 kan
1028 956 37 20 be-

222 985 48 20 tala
283 985 36 20 sin
332 985 69 20 skuld
414 985 44 20 och
471 985 71 25 enligt
555 986 126 24 styrelsens
694 985 144 21 bedömande
850 986 69 24 ingen
932 986 55 20 eller
1000 986 65 25 ringa

222 1015 122 25 möjlighet
364 1015 122 25 föreligger
506 1016 34 19 att
560 1015 125 20 framdeles
704 1016 80 24 uttaga
803 1016 126 24 betalning,
948 1016 56 20 eller
1023 1015 43 20 ock

222 1043 108 26 åtgärder
342 1044 36 20 för
390 1044 148 25 fordringens
549 1044 136 21 bevakande
696 1045 43 20 och
750 1045 138 20 indrivande
899 1045 108 20 bedömes
1019 1045 46 20 för-

222 1074 73 20 enade
308 1074 52 20 med
374 1074 78 20 arbete
465 1074 43 20 och
522 1074 126 21 kostnader
660 1075 8 19 i
681 1074 73 21 sådan
767 1075 164 25 utsträckning
944 1076 33 19 att
991 1075 74 24 åtgär-

222 1104 72 20 derna
308 1104 21 24 ej
346 1104 26 20 är
386 1104 149 20 ekonomiskt
550 1104 106 23 lönande,
671 1104 41 20 allt
727 1104 70 20 såvitt
811 1104 79 25 dylika
905 1104 107 25 åtgärder
1026 1105 39 19 än-

221 1133 60 20 dock
297 1134 52 20 icke
365 1139 68 15 anses
450 1133 123 25 påkallade
589 1139 29 15 av
633 1134 74 20 andra
723 1134 30 19 än
769 1134 153 20 ekonomiska
939 1134 127 20 förhållan-

222 1163 54 23 den;
289 1163 43 20 och
344 1163 93 20 anvisar
448 1163 40 20 RD
499 1163 35 20 till
546 1163 126 20 kostnader
683 1163 37 20 för
730 1163 335 26 arbetsmarknadsstyrelsens

222 1192 244 21 förrådsverksamhet
476 1193 40 20 100
527 1193 34 20 kr.

194 1228 9 14 5
222 1222 39 20 RD
278 1222 76 20 avslår
370 1223 115 19 motioner
500 1228 38 14 om
553 1224 34 19 att
601 1222 82 26 bidrag
698 1222 36 20 får
749 1222 55 25 utgå
819 1223 35 20 till
869 1223 154 25 anskaffning
1038 1229 28 14 av|
1089 1223 29 21 581
1136 1224 33 19 1:7
1211 1224 107 20 1160|183]
1360 1224 13 19 6)
1395 1236 26 2 —|
1466 1224 12 19 5
1531 1224 13 19 51
1574 1223 21 20 9:
1610 1223 41 20 46d]
1675 1223 21 20 9:
1712 1223 41 20 96d

222 1252 188 25 specialredskap
426 1252 43 20 och
485 1252 109 20 tekniska
609 1252 142 25 hjälpmedel
767 1253 35 19 till
817 1252 180 21 invalidiserade
1011 1252 55 20 hus-
1150 1258 22 15 78
1458 1257 22 16 59

222 1282 94 20 mödrar
332 1281 44 21 och
393 1282 94 20 anvisar
503 1282 35 20 till
555 1282 127 20 kostnader
698 1282 37 20 för
751 1282 167 25 överflyttning
935 1288 28 14 av
979 1282 87 20 arbets-

222 1311 64 21 kraft
296 1312 42 20 750
348 1312 42 20 000
400 1312 34 20 kr.

194 1346 10 15 6
221 1341 45 20 Till
277 1341 346 21 arbetskliniken
459 1337 27 34 i
485 1341 135 21 Stockholm
633 1341 93 21 anvisas
736 1342 42 20 255
788 1341 41 21 400
840 1342 34 20 kr.
1089 1341 29 22 58)
1136 1342 33 21 1:7
1236 1354 25 3 —
1294 1354 26 3 —I
1360 1343 61 19 6—
1466 1342 12 20 5
1531 1342 13 20 51]
1575 1342 20 20 9:
1611 1346 22 16 48
1643 1338 23 34 |
1676 1342 57 20 9:101

1150 1377 22 15 79
1457 1376 22 15 60

195 1406 9 14 7
222 1400 40 21 RD
275 1401 136 25 godkänner
423 1401 102 25 grunder
538 1401 36 20 för
586 1400 82 26 bidrag
680 1401 34 20 till
729 1401 150 25 avdelningar
892 1401 36 20 för
941 1401 124 25 halvskyd-]|
1089 1401 29 22 58]
1135 1402 35 20 :17
1229 1414 25 2 —I
1294 1414 26 2 —-I
1360 1402 13 20 6
1395 1414 25 2 —
1466 1402 12 20 5
1531 1402 13 19 51
1575 1401 20 21 9:
1611 1406 22 15 48
1639 1397 27 34 |
1675 1401 57 21 9:101

222 1430 45 21 dad
282 1430 180 26 sysselsättning
476 1437 28 14 av
518 1431 103 25 partiellt
635 1431 130 20 arbetsföra
780 1432 61 19 samt
855 1431 211 25 träningsverkstä-
1150 1436 22 16 80
1458 1436 22 15 60

222 1461 41 19 der
276 1461 43 20 och
333 1460 194 21 arbetscentraler
540 1460 37 20 för
590 1461 103 25 partiellt
707 1460 140 25 arbetsföra;
862 1461 43 19 och
919 1460 93 21 anvisar
1026 1460 39 20 RD

221 1490 35 21 till
277 1490 82 26 bidrag
378 1490 35 20 till
435 1490 136 21 kommunal
592 1490 43 20 och
655 1490 91 21 enskild
767 1490 298 20 arbetsvårdsverksamhet

223 1521 9 19 1
244 1520 42 21 000
296 1520 42 21 000
348 1520 35 21 kr.

192 1554 11 16 8s
221 1550 40 20 RD
277 1550 137 25 godkänner
430 1550 119 25 riktlinjer
565 1550 36 20 för
617 1549 108 26 åtgärder
740 1550 7 20 i
763 1549 187 26 zigenarfrågan;
967 1550 43 20 och
1026 1556 40 13 an-|
1089 1550 29 21 581
1136 1551 34 20 1:7
1229 1563 26 2 —I
1294 1563 26 2 —I
1360 1551 13 19 61
1396 1563 25 2 —]|
1466 1551 12 20 5
1532 1550 12 20 51
1575 1551 57 20 9:48
1640 1546 27 34 |
1675 1550 57 20 9:101

220 1580 63 20 visar
302 1580 39 20 RD
360 1580 35 20 till
414 1580 335 25 arbetsmarknadsstyrelsens
768 1579 298 21 arbetsvårdsverksamhet
1150 1585 21 16 81
1458 1585 22 15 62

221 1609 13 21 3
243 1609 43 21 240
295 1609 43 21 000
351 1609 35 21 kr.

194 1644 9 15 9
221 1639 45 20 Till
280 1639 82 25 bidrag
374 1640 35 19 till
423 1639 62 20 vissa
498 1639 246 25 omskolningskurser
757 1645 29 14 m.
800 1645 29 15 m.
843 1639 93 20 anvisas
950 1639 12 20 2
972 1639 41 20 500
1024 1639 41 20 0001
1088 1639 30 22 581
1136 1641 34 19 1:7
1229 1652 26 3 —I
1294 1652 26 3 —-I
1360 1640 13 20 6
1395 1652 25 2 —|
1466 1640 12 20 5
1531 1640 12 20 51
1574 1640 58 20 9:48]
1675 1640 58 20 9:101

209 1665 48 34 kr.
1150 1674 22 16 82
1346 1681 2 2 -
1458 1674 21 15 64

181 1704 23 14 10
223 1698 39 21 RD
276 1698 77 21 avslår
366 1699 115 20 motioner
493 1705 38 13 om
544 1704 29 14 en
585 1698 126 25 utredning
723 1704 38 14 om
774 1699 44 20 den
831 1699 101 24 partiellt
945 1699 44 19 och
1002 1698 63 20 äldrel
1089 1698 29 22 58|
1159 1712 25 2 —|
1226 1700 91 20 74/1211
1346 1700 24 19 11]
1395 1711 26 3 —|
1452 1700 26 19 131
1520 1699 112 20 —lH1:122
1662 1699 71 20 11:197

221 1728 186 21 arbetskraftens
426 1728 179 25 sysselsättning
621 1729 44 19 och
682 1728 243 20 arbetsförhållanden
942 1729 7 19 i
966 1728 38 20 det
1021 1734 44 19 nya

222 1758 266 25 arbetsmarknadsläge,
500 1764 50 14 som
561 1758 47 20 kan
618 1758 83 20 väntas
712 1758 85 25 uppstå
808 1763 83 20 genom
902 1758 44 20 den
957 1757 108 21 tekniska

221 1788 172 25 utvecklingen.

180 1823 22 14 11
222 1817 40 21 RD
275 1817 94 21 anvisar
381 1817 35 20 till
428 1817 135 26 ytterligare
576 1817 126 20 kostnader
715 1817 36 20 för
764 1817 196 20 arbetslöshetens
972 1817 94 20 bekäm-]
1090 1817 29 22 581
1141 1818 42 20 125
1189 1813 22 34 |
1229 1830 26 3 —I|I
1295 1830 26 3 —I
1360 1818 13 20 6
1395 1830 26 2 —|
1451 1817 144 21 781202114:
1611 1822 21 15 97
1661 1817 73 21 114:170

222 1847 76 25 pande
308 1853 30 14 m.
348 1853 30 14 m.
388 1847 13 20 å
410 1847 141 25 tilläggsstat
560 1847 20 20 II
591 1847 78 20 10.000
679 1847 41 20 000
731 1847 34 20 kr.
1157 1852 11 16 2
1469 1852 10 15 3

180 1882 23 15 12
221 1877 45 20 Till
276 1877 137 25 avlöningar
423 1876 166 21 anvisas
516 1872 26 34 5
541 1876 48 21 655
599 1876 42 21 200
651 1876 35 21 kr.
1090 1877 29 21 581]
1136 1878 34 20 1:7
1230 1890 25 2 —|I
1295 1890 26 2 —I
1360 1878 13 20 6
1395 1890 26 2 —|
1450 1877 145 21 971224116:
1610 1881 22 16 62
1661 1877 71 20 117:351

1151 1912 22 15 68
1471 1912 7 15 1

180 1942 23 14 13
221 1936 45 21 Till
276 1937 167 20 omkostnader
453 1936 93 20 anvisas
556 1936 42 21 869
608 1936 41 20 500
660 1936 34 20 kr.
1090 1936 29 22 581
1136 1938 34 20 1:7
1230 1949 26 3 —I
1295 1949 26 3 —I
1360 1937 13 20 6
1395 1949 26 3 —|
1450 1936 145 21 971224116:
1611 1941 21 15 62
1661 1936 71 21 |17:351

1151 1972 21 15 69
1469 1971 11 15 2

181 2001 23 15 14
222 1996 40 20 RD
277 1996 153 26 bemyndigar
445 1996 27 20 K.
487 1996 45 20 M:t
547 1997 34 19 att
596 1996 92 25 vidtaga
704 1996 27 20 de
747 1996 126 24 ändringar
887 1996 8 20 i
910 1995 156 25 personalför-|
1090 1996 29 21 58)
1136 1997 34 20 1:7
1241 1997 13 20 3
1307 1997 12 20 31
1360 1997 13 20 6
1396 2009 25 2 —I
1451 1996 144 21 971224116:
1610 2000 22 16 62
1661 1996 72 20 117:351

221 2026 141 25 teckningen
378 2026 37 20 för
431 2026 335 25 arbetsmarknadsstyrelsens
783 2025 217 25 krisorganisation,
1016 2031 50 14 som
1151 2032 22 15 70
1470 2031 10 15 2

222 2056 133 20 föranledes
366 2062 28 14 av
404 2056 44 20 vad
459 2055 258 25 departementschefen
727 2056 7 19 i
745 2055 257 24 statsrådsprotokollet
1012 2055 54 20 över

223 2085 175 21 socialärenden
412 2085 36 21 för
462 2086 44 19 den
519 2085 13 20 3
545 2085 49 25 jan.
609 2085 55 20 1958
679 2085 104 20 förordat
796 2085 43 19 och
853 2085 93 19 anvisar
959 2084 34 20 till
1008 2084 58 20 kris-

221 2115 190 25 organisationen
423 2115 9 20 1
444 2115 41 20 250
496 2115 41 20 000
548 2115 34 20 kr.
