1855 2358
829 161 135 34 SAKREGISTER
1654 168 41 20 299

110 1586 68 27 Blixt,
203 1587 28 22 M.
250 1587 32 28 H.,
299 1590 14 20 f.
331 1590 20 20 d.
369 1590 84 27 korpral
470 1591 35 20 vid
522 1591 98 21 Skånska
636 1592 204 27 husarregementet;
858 1600 22 14 se
896 1594 52 22 Pen-

153 1618 77 24 sioner,
245 1619 120 27 föreslagna
381 1627 50 13 men
447 1621 20 26 ej
485 1621 106 27 beviljade
607 1621 80 28 (1926).

109 1676 132 27 Blixtberg,
257 1677 26 22 A.
298 1678 29 24 J.,
343 1680 14 19 f.
375 1680 20 20 d.
413 1680 143 21 verkmästare
572 1682 13 19 å
600 1682 195 22 månadslönarstat
810 1684 37 20 vid
864 1684 85 21 flottans
1088 1688 1 6 I

154 1715 51 14 varv
220 1709 7 19 i
244 1709 139 25 Karlskrona;
400 1716 22 14 se
439 1709 122 26 Pensioner,
580 1711 106 27 beviljade
703 1712 79 27 (1923).

1036 226 133 38 SSR
1262 258 36 9 SN
1417 241 53 17 Riks-

955 278 2 21 |
983 263 17 26 2
1036 263 36 28 Så
1251 259 87 17 UBkonE
1398 289 1 5 |
1408 271 72 22 dagens
1537 272 117 18 Kamrarnas

955 300 2 23 |
982 295 17 24 ,
1037 283 8 41 GS
1060 293 17 34 =
1086 304 1 3 I
1094 288 94 17 Motioner
1250 288 102 47 Ern
1368 319 4 16 ;
1398 295 2 40 |
1422 286 46 36 skor.
1523 302 143 22 förhandlingar

978 323 22 44 2
1036 321 40 42 22
1086 331 2 20 |
1215 323 47 12 eller
1275 324 91 12 memoriai
1398 336 2 21 |
1416 331 61 17 velser
1692 360 2 11 |

1036 364 68 11 KSR
1218 367 24 1 2
1380 368 20 9 a
1446 368 62 16 SE
1532 368 84 2 SEE
1624 369 62 1 SE

982 370 18 38 2
1036 376 35 28 SE
1086 387 98 25 lrKlaK
1205 377 17 32 Eb
1246 372 28 44 2]|
1304 396 16 14 2
1364 379 59 25 ll
1415 375 22 34 >
1450 387 1 8 |
1465 387 16 17 2
1512 369 65 43 Första
1592 383 1 21 |
1611 386 61 17 Andra
1692 373 2 35 |

1036 404 35 24 NA
1194 404 187 30 FRASER
1399 408 1 34 |
1418 406 16 17 +
1450 410 1 21 |
1465 407 17 24 &|
1507 409 70 17 kamm.
1592 414 1 3 |
1608 410 70 17 kamm.
1692 409 2 39 |

1059 431 4 3 :
1194 436 1 4 |
1450 433 1 9 |

110 442 91 21 Bunda.
1086 448 2 32 |
1193 450 2 14 I
1277 450 1 20 |
1342 451 53 29 ag
1450 451 1 26 |

112 477 8 16 7
139 473 42 20 Till
206 473 120 21 beredande
349 480 26 14 av
399 474 40 20 fria
462 474 80 21 frakter
565 475 33 20 för
613 476 207 26 arbetsmaterialier,
837 484 46 14 som
899 479 47 20 från
962 479 55 21 1930]
1026 469 10 37 1
1063 480 25 30 8!
1194 486 1 4 |
1214 483 11 17 6|
1257 479 21 25 11:
1318 482 101 20 816718
1429 482 51 20 Alssl
1512 482 67 21 18:69
1581 475 14 36 1
1613 483 66 20 19:84

153 503 192 21 hantverkskolans
361 504 7 20 i
384 504 163 21 Kristinehamn
566 505 33 21 för
615 505 74 21 blinda
704 507 154 27 materialdepå
870 508 77 21 sändas
1027 521 16 16 p.
1049 512 39 22 228]
1194 533 1 4 |
1277 513 1 19 |
1393 514 58 28 länen

154 532 74 21 blinda
243 533 147 25 hantverkare,
407 534 84 21 anvisas
508 535 33 20 för
558 535 123 26 budgetåret
699 536 125 25 1930/1931
842 540 30 18 ett
888 540 59 19 extra
1086 535 2 35 |
1193 542 85 25 fiser
1449 548 2 24 |
1592 531 1 36 |

153 563 214 25 reservationsanslag
382 570 26 14 av
425 564 12 20 5
447 564 42 20 000
507 564 30 20 kr.
1087 578 1 46 |
1193 571 2 51 |
1276 577 2 32 |
1449 574 2 8 I

110 626 10 15 $
138 622 38 20 RD
192 622 84 24 uppför,
286 622 50 20 med
347 622 134 21 uteslutande
493 630 25 14 ur
529 625 69 19 staten
609 624 33 20 för
653 625 159 21 vårdanstalten
824 627 6 19 i
841 627 63 20 Lund
915 628 33 20 för)
986 637 7 10 »
1035 629 41 21 |1:8
1140 648 1 4 böt
1213 630 52 20 OA
1276 618 2 11 |
1318 631 101 20 81678
1430 631 50 20 Als
1512 632 32 20 18:
1556 637 23 15 69
1580 628 23 35 |
1613 632 32 20 19:
1656 637 24 15 84

208 629 28 19 Pp
395 653 4 3 å
1193 640 2 32 |
1235 638 1 25 I

154 651 72 21 blinda
250 652 49 20 med
318 652 140 27 komplicerat
477 653 43 27 lyte
537 660 26 14 av
579 661 26 13 en
622 654 144 22 vaktmästare
782 656 50 20 med
847 652 100 36 avlöning
1027 654 56 37 p.-229
1193 675 2 9 I

153 688 26 14 av
204 681 63 21 1450
292 682 38 25 kr.,
347 682 6 20 i
370 689 83 14 samma
469 685 42 18 stat
527 690 25 13 en
569 684 114 21 maskinist
699 685 49 20 med
764 692 26 14 en
806 686 100 27 avlöning
922 694 25 14 av
1193 698 2 10 I

155 711 63 20 1750
234 712 39 24 kr.,
285 711 64 21 därav
362 712 63 21 1100
437 712 30 21 kr.
478 713 34 20 lön
525 713 39 20 och
576 713 42 21 650
626 714 31 20 kr.
669 715 278 28 tjänstgöringspenningar,
1193 717 43 23 Jas
1342 740 1 6 |
1592 732 1 5 |

154 741 70 21 vartill
240 742 35 19 må
292 741 74 21 kunna
380 742 87 20 komma
478 745 31 18 tre
520 743 150 27 ålderstillägg,
682 747 46 18 vart
739 745 39 20 och
790 748 30 18 ett
831 747 12 19 å
856 746 40 21 100
908 747 38 25 kr.,
1140 744 1 16 |
1276 752 2 6 I
1342 749 1 17 |
1591 749 1 34 |
1692 765 2 11 |

153 771 53 20 efter
222 771 119 26 respektive
359 772 19 25 3,
396 772 12 20 6
424 772 40 20 och
481 772 12 20 9
510 774 33 19 års
560 773 150 27 tjänstgöring;
722 775 40 20 och
773 775 60 27 höjes
844 776 57 27 förty
912 777 36 20 det
1235 793 1 3 |
1342 792 1 7 |
1591 791 1 25 |
1692 779 2 44 |

151 800 45 21 ord.
213 801 96 26 anslaget
331 801 32 20 till
380 802 95 20 nämnda
490 802 80 21 anstalt
585 803 49 20 med
651 803 42 21 300
711 804 29 20 kr.
757 805 33 20 till
808 805 41 20 102
858 806 43 20 400
917 806 30 21 kr.
1140 800 1 32 |
1235 809 1 7 I
1342 800 1 19 |
1692 826 2 22 |

1193 837 2 9 |
1342 840 1 8 I

109 865 10 15 9
137 860 42 20 Till
203 860 101 26 avlöning
325 868 26 13 av
371 868 16 13 e.
405 868 18 13 o.
448 861 154 27 lärarpersonal
622 863 39 20 och
677 863 144 22 vaktmästare
836 865 36 20 vid
888 866 59 20 vård-|
985 876 8 10 »
1035 868 41 20 |1:8
1140 857 1 13 |
1193 860 2 59 |
1214 869 51 20 611
1319 870 12 20 8
1342 855 1 39 |
1354 874 41 40 ES
1406 869 13 20 8
1428 869 52 21 Alsil
1512 870 67 20 18:69]
1614 870 65 21 19:84

152 890 106 20 anstalten
274 891 6 19 i
298 890 62 21 Lund
384 891 33 20 för
440 891 74 21 blinda
534 892 50 21 med
600 892 140 28 komplicerat
756 893 43 27 lyte
816 895 83 21 anvisas
915 896 33 20 för
1027 903 57 22 p-280]
1140 903 1 4 |
1236 917 1 3 |
1342 896 1 14 |
1449 889 2 42 |

152 920 125 25 budgetåret
295 920 125 27 1930/1931
438 923 31 19 ett
485 924 59 18 extra
560 922 74 27 anslag
649 929 26 15 av
693 923 63 21 7500
773 924 30 20 kr.
1277 925 1 52 |
1394 932 1 5 I

87 960 2 18 I

87 979 32 20 10
138 979 41 20 Till
203 979 117 21 understöd
339 981 22 20 åt
376 980 193 22 hantverksskolan
585 982 7 20 i
608 982 95 26 Uppsala
718 983 33 20 för
767 984 74 21 blinda
856 985 92 22 kvinnor|
986 996 7 9 »
1035 988 41 20 |1:8
1214 988 52 22 6/1
1319 989 12 20 8
1342 990 77 20 16818
1429 990 51 19 Als4l]
1512 990 68 20 18:69
1584 985 18 34 |
1614 990 31 20 19:
1656 995 23 15 84

642 983 10 47 Pp
1398 992 2 30 |

153 1010 86 20 anvisas
255 1010 33 20 för
305 1010 125 26 budgetåret
448 1009 124 29 1930/1931
590 1014 30 18 ett
632 1014 60 19 extra
703 1013 73 27 anslag
787 1021 26 13 av
825 1014 26 21 25
862 1015 42 20 000
916 1016 30 20 kr.
1027 1029 17 16 p-
1049 1023 33 17 231
1398 1024 1 4 I

97 1073 21 16 11
138 1069 41 20 Till
195 1069 114 26 tryckning
325 1076 26 14 av
368 1070 147 22 blindskrifter
531 1072 84 21 anvisas
631 1073 33 20 för
680 1072 125 27 budgetåret
822 1073 124 30 1930/1931
948 1069 20 38 |
986 1086 8 9 »
1037 1078 39 20 11:8
1214 1079 23 28 6)
1257 1078 8 20 11
1319 1079 100 21 8j169|8
1429 1080 51 19 Alst)
1513 1079 68 21 18:69]
1613 1080 67 20 19:84

153 1101 30 18 ett
199 1101 59 18 extra
274 1100 216 27 reservationsanslag
505 1108 26 13 av
549 1102 10 20 7
570 1101 42 21 000
629 1102 30 20 kr.
1019 1101 25 39 p.
1048 1101 41 39 2321
1236 1110 1 3 I
1394 1105 1 11 I

456 1129 15 49 i;
614 1162 3 4 EE
716 1163 4 4 i
1087 1140 2 11 |
1194 1152 2 16 |
1278 1144 66 26 [BEA
1450 1154 2 16 |
1693 1143 2 32 |

88 1163 32 22 J12
138 1158 42 21 Till
202 1159 117 21 understöd
342 1160 22 20 åt
388 1160 30 20 De
443 1160 84 21 blindas
551 1162 97 26 förening
672 1169 84 15 anvisas
776 1164 32 20 för
824 1164 124 27 budgetåret
952 1154 11 41 |
987 1176 7 9 »
1036 1168 41 20 |1:8
1215 1168 11 20 6:
1319 1170 13 20 138
1351 1165 84 51 KOANSTA
1452 1170 28 42 EE
1513 1169 67 20 18:69
1615 1169 80 27 |-19:-84]

88 1191 1 53 |
155 1187 125 29 1930/1931
298 1191 31 19 ett
345 1192 60 18 extra
420 1190 75 27 anslag
510 1198 26 13 av
554 1191 41 21 100
605 1192 43 21 000
664 1192 30 21 kr.
1028 1208 12 17 p.
1050 1202 35 18 233
1141 1188 2 35 |
1195 1192 1 32 |
1236 1190 2 30 |
1694 1198 1 25 |

88 1251 31 17 13
138 1248 40 20 Till
203 1249 129 26 utvidgning
355 1250 39 20 och
419 1250 127 27 förbättring
568 1257 26 14 av
614 1251 108 21 lokalerna
738 1253 33 20 för
787 1253 107 21 institutet
909 1255 39 20 och
948 1244 15 38 |
987 1264 8 11 »
1005 1244 29 38 |
1042 1258 27 19 55
1141 1254 2 28 |
1215 1258 10 19 6
1236 1254 2 35 |
1257 1258 10 20 1)
1305 1258 25 20 61
1420 1259 26 19 93
1513 1258 67 20 19:56
1583 1254 14 35 |
1613 1259 32 20 20:
1657 1264 22 15 51

88 1265 2 35 |
152 1278 110 21 förskolan
279 1279 33 20 för
328 1279 73 20 blinda
417 1280 13 19 å
445 1280 133 21 Tomteboda
590 1281 90 27 beviljas
691 1284 31 18 ett
733 1282 74 27 anslag
817 1290 26 14 av
854 1284 43 20 450
906 1284 42 21 000
1088 1299 1 25 |
1141 1283 2 22 |
1236 1294 2 22 |
1592 1288 2 38 |
1693 1288 2 27 |

88 1311 2 6 |
153 1308 41 24 kr.;
218 1309 39 20 och
280 1309 85 20 anvisas
384 1309 65 21 därav
468 1310 33 20 för
520 1310 124 26 budgetåret
662 1311 124 28 1930/1931
803 1313 70 21 såsom
889 1316 60 19 extra
1088 1327 1 26 |
1141 1316 2 29 |
1236 1318 2 14 I
1592 1334 1 14 |
1693 1321 2 7 |

153 1338 216 27 reservationsanslag
385 1341 30 18 ett
431 1339 78 28 belopp
526 1347 25 13 av
569 1340 41 21 150
620 1341 43 20 000
680 1342 30 19 kr.
1142 1351 1 21 |
1236 1360 2 13 I
1592 1350 1 6 I

164 1373 24 17 Se
210 1373 35 17 ock
267 1373 131 21 Andersson,
421 1374 73 19 Emma
515 1374 115 20 Charlotta
652 1375 69 23 (1927),
742 1376 104 24 Edström,
869 1378 80 19 Blenda
1142 1373 1 36 |
1195 1385 1 3 BR

174 1396 61 21 (1924;
249 1397 58 22 1928),
317 1397 117 22 Ekstrand,
444 1398 69 19 Hulda
522 1398 105 19 Karolina
635 1399 65 23 (1930),
710 1400 130 24 Ersättning
848 1402 58 21 (1930:
916 1403 32 21 11),
1088 1416 1 3 |
1142 1416 1 10 I
1195 1408 42 22 Fra
1343 1394 1 30 |

176 1420 131 23 Fattigvård
315 1421 59 22 (1925:
383 1422 21 21 2),
412 1422 184 19 Folkskoleväsen
606 1423 59 22 (1921:
675 1424 20 21 1),
705 1424 136 23 Gustafsson,
850 1426 99 19 Rebecka
1236 1433 2 19 |
1343 1427 1 24 |

175 1444 59 21 (1924;
249 1445 57 21 1928),
323 1445 115 21 Holmertz,
451 1446 18 18 J.
483 1446 37 22 W.,
532 1446 65 21 (1929),
607 1447 110 22 Karlsson,
728 1449 99 22 Augusta
835 1450 115 19 Charlotta
1236 1455 2 3 I
1343 1453 1 35 |
1398 1457 1 7 |

175 1468 65 21 (1925),
247 1469 78 22 Leijon,
333 1469 22 18 K.
364 1469 18 19 J.
390 1469 68 22 (1927),
466 1470 119 20 Läroverk,
592 1471 98 18 allmänna
698 1471 59 22 (1928:
765 1472 33 22 27),
805 1473 143 24 Lönetillägg,
1142 1485 1 11 |
1398 1480 2 16 |

176 1492 93 22 tillfälligt
276 1493 59 21 (1927:
345 1499 14 14 1;
373 1493 76 21 1928:1;
463 1494 51 18 1929:
525 1500 14 13 1;
549 1494 51 19 1930:
611 1495 20 22 1),
646 1495 169 20 Pensionsväsen
822 1497 59 21 (1922:
890 1504 15 15 9,
916 1500 32 20 12),

177 1516 174 23 Resestipendier
364 1516 60 23 (1921:
434 1518 32 21 10),
474 1518 149 22 Svensdotter,
632 1519 62 19 Anna
704 1520 68 19 Maria
780 1521 65 22 (1925).
847 1518 102 31 Westin,

177 1540 69 19 Klara
258 1541 57 18 Sofia
328 1541 64 21 (1927),
406 1537 87 27 Öhman,
507 1543 62 18 Anna
582 1543 101 23 Augusta
695 1544 65 21 (1929).

109 1765 144 28 Blockader;
277 1775 22 14 se
323 1768 127 26 Arbetsfred
472 1769 81 27 (1921),
577 1770 191 28 Arbetskonflikter
782 1772 80 26 (1929),
880 1773 69 21 Inter-

151 1797 131 27 pellationer
298 1797 72 28 (1925:
383 1800 25 24 4).

110 1850 130 21 Blockerat
256 1850 92 23 arbete.
1141 1860 1 28 |

140 1882 52 26 Ang.
210 1882 177 27 kommendering
403 1890 26 14 av
445 1886 167 19 samvetsömma
627 1885 143 27 värnpliktiga
786 1886 32 21 till
835 1887 113 21 utförande
1141 1891 1 28 |

1141 1920 1 16 |

1141 1938 1 10 I

1141 1954 1 22 I

1141 1980 1 15 |

1141 2007 1 16 |

1140 2034 2 14 |

1140 2072 2 12 I

1140 2085 1 9 I

154 1918 27 14 av
197 1912 108 21 blockerat
321 1913 80 24 arbete;
419 1920 21 14 se
456 1913 189 27 Interpellationer
660 1915 72 26 (1928:
745 1916 24 25 9).

109 1968 254 30 Blodundersökning;
380 1980 22 13 se
419 1972 257 30 WFaderskapsbevisning.

109 2029 74 26 Blom,
199 2029 21 22 J.
237 2030 29 26 L.,
283 2032 14 20 f.
315 2032 19 20 d.
353 2034 60 18 extra
428 2033 149 27 linjearbetare
593 2034 36 20 vid
646 2034 166 27 telegrafverket.
956 2046 2 2 I

139 2062 53 25 Ang.
213 2061 116 21 "understöd
345 2063 22 19 åt
381 2062 53 21 hans
451 2063 35 20 två
503 2063 60 24 barn;
581 2070 21 14 se
615 2063 122 26 Pensioner,
750 2065 106 28 beviljade
867 2065 90 29 (1926).
949 2057 12 41 |
