1857 2357
160 157 41 20 318
808 155 3 3 7
857 157 222 17 SAKREGISTER

180 449 165 26 Dyrortstillägg.

181 481 10 18 3
207 479 42 20 RD
259 479 101 23 besluter,
370 480 35 19 att
414 479 142 26 provisoriskt
565 479 162 25 dyrortstillägg
736 479 35 19 må
781 479 51 25 utgå
842 480 23 18 åt
875 478 143 26 befattnings-

221 509 79 20 havare
316 509 37 20 vid
368 509 62 20 RD:s
445 509 53 19 verk
512 509 68 26 enligt
594 509 26 19 de
635 508 100 27 grunder,
751 514 47 14 som
813 508 6 20 i
834 508 62 20 detta
911 508 106 20 avseende

220 539 55 26 gälla
290 539 68 20 under
371 539 147 20 innevarande
532 538 113 26 budgetår,
660 540 57 19 samt
731 538 49 20 med
794 538 141 26 iakttagande
949 544 28 14 av
991 538 25 19 de

221 570 99 19 närmare
331 568 169 24 bestämmelser,
513 574 46 14 som
571 569 35 19 må
618 568 58 20 bliva
688 568 126 20 meddelade
825 568 34 20 för
870 568 147 20 statsförvalt-

221 599 78 26 ningen
310 599 6 19 i
327 598 126 24 allmänhet;
465 599 39 19 och
516 598 106 20 förklarar
633 598 49 24 RD,
694 600 35 18 att
739 598 146 20 kostnaderna
896 598 34 20 för
940 598 77 26 ifråga-

220 628 96 20 varande
334 628 146 27 provisoriska
498 628 162 26 dyrortstillägg
677 628 61 20 skola
756 628 106 20 bestridas
880 628 137 20 beträffande

221 658 215 26 befattningshavare
448 658 37 20 vid
496 658 131 20 riksbanken
639 664 28 14 av
679 658 142 20 riksbankens
832 657 70 21 medel
913 659 57 19 samt
982 658 35 19 be-

220 688 111 20 träffande
344 688 216 26 befattningshavare
573 688 37 20 vid
624 688 74 26 övriga
712 688 62 20 RD:s
788 688 52 19 verk
854 694 28 14 av
896 687 25 20 de
935 687 81 26 anslag,

221 719 47 19 från
280 718 58 20 vilka
351 718 161 20 vederbörande
525 718 226 25 befattningshavares'
762 718 127 25 avlöningar
900 717 116 20 utbetalas.

182 786 10 17 4
208 784 41 20 RD
260 784 101 23 besluter,
370 785 36 19 att
414 784 143 25 provisoriskt
566 783 161 26 dyrortstillägg
736 784 35 19 må
781 784 51 25 utgå
842 783 24 20 åt
875 783 142 26 befattnings-

221 814 80 19 havare
319 813 37 20 vid
373 815 84 18 statens
474 813 185 26 pensionsanstalt
675 813 55 20 efter
746 813 6 20 i
771 813 115 20 huvudsak
903 813 113 20 enahanda

221 843 100 26 grunder,
333 849 47 14 som
392 843 55 26 gälla
459 843 34 20 för
504 843 129 26 budgetåret
647 843 123 26 1933/1934,
783 844 57 19 samt
851 844 35 18 att
898 843 37 19 det
946 842 71 27 provi-

221 873 82 20 soriska
314 873 184 26 dyrtidstillägget
508 873 23 20 åt
542 873 215 25 befattningshavare
767 872 37 20 vid
814 874 83 19 statens
908 873 109 25 pensions-

221 903 83 20 anstalt
316 903 55 20 skall
385 903 52 26 utgå
451 909 28 14 av
493 903 26 19 de
533 903 75 23 medel,
623 909 27 14 av
664 903 58 19 vilka
738 902 221 26 pensionsanstaltens
973 908 44 14 om-

221 933 118 20 kostnader
352 933 5 19 i
371 933 72 25 övrigt
456 933 113 19 bestridas.

182 1001 10 17 5
208 999 41 19 RD
267 999 111 25 medgiver
394 998 137 20 beträffande
549 998 214 26 befattningshavare
781 998 68 20 under
869 998 32 19 9:e
920 998 46 23 HT,
984 999 34 18 att

221 1028 144 26 provisoriskt
380 1028 163 26 dyrortstillägg
559 1028 34 20 må
611 1028 51 26 utgå
679 1028 55 20 efter
750 1028 6 19 i
773 1028 115 20 huvudsak
904 1027 113 20 enahanda

220 1057 102 26 grunder,
339 1063 46 15 som
402 1057 56 26 gälla
475 1057 34 20 för
525 1057 130 26 budgetåret
673 1057 123 26 1933/1934;
815 1058 39 19 och
871 1058 87 19 anvisar
976 1057 41 19 RD

221 1087 32 20 till
264 1087 144 26 provisoriskt
418 1087 163 26 dyrortstillägg
591 1087 23 20 åt
625 1087 56 20 vissa
693 1087 214 25 befattningshavare
919 1087 4 19 i
935 1088 83 18 statens

221 1117 71 26 tjänst
306 1117 69 20 under
389 1117 32 20 9:e
437 1117 40 19 HT
491 1117 71 19 såsom
576 1118 61 18 extra
653 1117 74 25 anslag
741 1117 26 19 58
776 1116 41 20 000
831 1117 32 19 kr.
879 1116 33 26 (f);
928 1116 38 20 och
983 1116 35 20 be-

221 1147 67 20 sluter
304 1147 49 23 RD,
370 1148 35 18 att
420 1147 38 19 det
473 1147 145 25 provisoriska
635 1146 185 26 dyrortstillägget
835 1147 24 19 åt
875 1146 143 25 befattnings-

222 1177 79 19 havare
310 1176 37 20 vid
357 1176 165 23 domänverket,
531 1178 83 18 statens
623 1176 250 26 reproduktionsanstalt
883 1176 38 19 och
931 1176 87 19 stuteri-

221 1206 106 20 väsendet
340 1206 55 20 skall
410 1206 52 26 utgå
477 1212 27 13 av
519 1206 26 19 de
559 1206 77 22 medel,
651 1212 27 14 av
693 1206 58 19 vilka
767 1206 86 19 verkets
868 1206 50 19 eller
932 1205 86 20 institu-

221 1236 85 19 tionens
320 1236 155 19 omkostnader
488 1236 5 19 i
508 1236 71 25 övrigt
593 1235 112 20 bestridas.

183 1334 8 16 1
209 1331 41 19 RD
263 1331 117 26 medgiver,
392 1332 35 19 att
439 1331 142 26 provisoriskt
593 1330 161 26 dyrortstillägg
767 1331 33 19 må
814 1331 51 25 utgå
878 1330 23 20 åt
913 1330 57 20 vissa
982 1330 36 20 be-

222 1361 188 26 fattningshavare
422 1360 6 20 i
441 1362 83 18 statens
535 1360 77 26 tjänst;
626 1360 39 20 och
677 1360 87 20 anvisar
776 1360 42 20 RD
831 1360 32 20 till
876 1360 141 26 provisoriskt

222 1390 163 26 dyrortstillägg
401 1391 23 19 åt
439 1390 56 20 vissa
513 1390 215 26 befattningshavare
744 1390 6 19 i
766 1391 83 19 statens
864 1390 70 25 tjänst
950 1390 68 19 under

222 1420 32 20 4:e
266 1420 41 20 HT
317 1421 33 19 ett
360 1420 75 26 anslag
445 1426 29 14 av
484 1420 41 19 410
533 1420 41 19 000
584 1420 40 23 kr.;
637 1420 38 19 och
688 1420 94 20 besluter
793 1420 49 23 RD,
854 1421 34 18 att
900 1420 37 19 det
947 1420 71 25 provi-

222 1450 82 20 soriska
314 1450 186 26 dyrortstillägget
508 1450 23 19 åt
540 1449 214 26 befattningshavare
763 1450 37 19 vid
810 1450 26 19 de
845 1449 172 20 affärsdrivande

222 1480 88 23 verken,
327 1480 69 20 bank-
412 1480 39 19 och
467 1479 205 26 fondinspektionen
689 1480 39 19 och
745 1479 272 26 sparbanksinspektionen

222 1509 54 20 skall
292 1510 52 25 utgå
359 1515 29 14 av
403 1509 26 20 de
444 1509 76 23 medel,
536 1515 29 14 av
580 1509 58 20 vilka
654 1509 86 20 verkets
756 1509 154 20 omkostnader
926 1509 5 19 i
947 1509 72 26 övrigt

223 1539 106 20 bestridas
341 1541 57 18 samt
408 1541 36 18 att
454 1539 145 20 kostnaderna
610 1539 34 20 för
654 1539 147 26 förstärkning
811 1545 29 14 av
851 1539 166 26 hyresbidragen

222 1569 33 20 till
267 1569 57 20 vissa
338 1569 222 25 beställningshavare
572 1575 28 13 av
613 1569 171 26 manskapsgrad
797 1569 37 19 vid
847 1569 171 20 försvarsväsen-

223 1598 37 21 det
276 1599 60 20 skola
354 1598 107 21 bestridas
477 1599 47 19 från
541 1598 161 20 vederbörande
720 1599 68 19 under
805 1599 32 19 4:e
854 1598 40 20 HT
912 1598 105 26 uppförda

222 1628 75 26 anslag
309 1628 32 20 till
355 1628 137 26 personalens
505 1628 108 25 avlöning.

183 1696 10 17 2
209 1694 42 19 RD
266 1694 102 22 besluter,
383 1695 35 18 att
432 1693 143 26 provisoriskt
589 1694 162 25 dyrortstillägg
766 1694 23 19 åt
804 1694 215 25 befattningshavare

223 1723 36 20 vid
272 1724 62 19 RD:s
345 1724 53 19 verk
410 1723 35 20 må
458 1724 51 25 utgå
522 1723 66 26 enligt
600 1723 25 20 de
637 1723 100 26 grunder,
750 1729 45 14 som
808 1729 28 14 av
849 1723 41 20 RD
903 1723 116 20 fastställts

223 1753 33 20 för
268 1753 114 20 enahanda
396 1753 74 26 tillägg
482 1753 24 20 åt
518 1753 66 20 andra
598 1753 215 25 befattningshavare
826 1753 6 19 i
845 1754 83 19 statens
941 1753 76 26 tjänst;

223 1783 40 20 och
273 1783 107 20 förklarar
391 1783 49 23 RD,
452 1784 34 19 att
496 1783 146 20 kostnaderna
653 1783 34 20 för
697 1783 165 25 ifrågavarande
873 1783 145 26 provisoriska

224 1812 162 27 dyrortstillägg
401 1813 60 19 skola
476 1812 106 20 bestridas
598 1812 136 20 beträffande
751 1812 214 26 befattningshavare
981 1813 37 19 vid

223 1842 131 20 riksbanken
369 1848 28 14 av
412 1842 142 20 riksbankens
569 1842 68 20 medel
652 1844 58 18 samt
724 1842 136 20 beträffande
876 1842 143 26 befattnings-

224 1872 79 20 havare
320 1872 37 20 vid
375 1872 74 26 övriga
467 1872 61 20 RD:s
545 1873 53 19 verk
615 1878 28 14 av
661 1872 25 20 de
704 1872 81 26 anslag,
803 1872 47 20 från
869 1872 57 20 vilka
944 1872 75 20 veder-

224 1902 95 20 börande
336 1902 225 25 befattningshavares
577 1902 127 25 avlöningar
720 1902 115 20 utbetalas.

184 1970 10 16 3
210 1968 42 19 RD
268 1968 71 19 avslår
354 1967 82 20 motion
453 1973 34 14 om
503 1967 143 26 provisoriskt
661 1967 162 26 dyrortstillägg
838 1968 23 19 åt
877 1968 143 26 befattnings-

224 1998 80 19 havare
317 1997 5 19 i
335 1999 83 18 statens
431 1997 70 25 tjänst
514 1997 5 19 i
534 1997 124 20 Stockholm
672 1997 39 20 och
724 1997 57 20 vissa
794 1997 93 20 förorter
899 1997 32 20 till
945 1998 75 19 Stock-

224 2027 65 23 holm,
311 2027 6 19 i
338 2027 43 20 vad
402 2027 110 20 motionen
535 2029 34 17 rör
591 2027 31 19 till
644 2027 194 20 bankoutskottets
860 2027 160 25 handläggning

224 2057 95 22 hörande
335 2057 100 19 ärenden.

1303 231 107 30 Utskotts-
1483 235 54 16 Riks-

1099 256 55 35 Kungl.
1208 283 3 3 å
1291 257 128 34 utlåtanden,
1475 258 68 34 dagens
1603 253 32 34 Sa

1102 290 53 18 Maj:ts)
1166 282 92 16 Motioner
1285 294 96 17 memorial
1394 294 44 17 eler
1485 295 38 16 sel
1594 283 140 21 förhandlingar

1047 314 26 20 År
1101 322 51 15 Iprop:r
1296 324 131 17 betänkanden
1478 324 60 17 velser
1619 313 87 20 (protur)

1109 345 36 27 eller
1269 360 41 2 kV

1101 379 54 14 skriv:rl
1175 394 5 6 -
1276 371 16 32 é
1319 375 17 29 SS
1477 391 5 8 I
1578 379 66 17 Första
1651 375 23 29 |
1681 379 65 16 Andra

1168 389 88 17 FKIAK
1276 405 16 23 3
1318 397 16 30 &
1359 391 89 16 Nummer|
1465 391 90 16 Nummer
1577 403 70 16 ön
1647 387 30 36 ob

1037 479 52 19 1934]
1113 490 28 2 —
1147 475 27 34 |
1174 490 29 3 —
1209 475 7 34 1!
1228 490 28 3 —]
1283 479 62 20 81—]
1367 480 26 19 72
1501 492 27 1 —
1552 476 47 33 140:
1612 482 36 17 128
1666 480 55 20 144:
1705 476 17 33 8

1348 606 1 14 I

1348 621 1 8 I

1347 658 2 27 |

1347 698 2 10 I

1037 783 50 20 1934]
1121 783 7 19 1
1175 795 13 2 —|
1232 795 23 2 —|
1282 784 62 19 8|—]
1366 784 23 20 71
1490 784 40 20 368
1566 784 33 20 140:
1613 786 36 17 128
1667 785 55 20 144:
1704 780 22 33 8

1110 811 32 14 För

1105 829 41 14 flera

1110 847 31 14 HT
1599 846 7 6 s

1104 864 37 23 ge-
1306 878 1 3 I

1093 875 60 31 mens.)
1306 895 2 4 I

1107 896 34 28 frå-
1306 904 1 3 I

1116 922 21 14 or
1306 909 2 33 |

1103 940 20 19 pt
1137 940 10 15 3
1306 943 2 4 I

1038 998 50 20 1934]
1122 999 7 18 1
1176 1010 26 2 —I|
1228 1010 28 2 —]
1279 998 24 20 10
1327 1010 18 2 —]
1367 999 24 19 94
1407 1001 31 17 s.2
1491 999 40 20 350
1566 1000 68 19 41:21
1668 1000 32 19 144:
1712 1002 24 17 25

1110 1027 33 13 För

1106 1044 41 14 flera
1211 1049 1 3 I
1663 1057 1 3 I

1111 1062 30 13 HT
1211 1065 1 4 I
1663 1077 2 3 |

1104 1073 37 32 ge-
1211 1070 1 34 |
1663 1083 2 12 I

1102 1101 52 10 mens.
1663 1099 2 8 I

1099 1111 43 27 frå-
1663 1108 2 16 I

1107 1126 38 31 gor:
1663 1138 2 7 |

1103 1155 20 18 pt
1139 1154 10 15 3
1306 1148 2 22 I
1663 1148 2 15 |

1306 1174 2 18 |
1663 1165 2 29 |

1306 1193 2 11 I
1663 1195 2 18 I

1306 1205 1 9 I
1663 1214 2 4 I

1306 1235 1 21 |
1663 1225 2 20 I

1306 1257 2 24 |

1306 1295 1 17 I

1306 1317 2 10 I

1037 1331 52 19 19351
1106 1331 40 20 236
1149 1326 23 34 |
1183 1343 19 1 —
1200 1326 18 34 |
1235 1331 27 19 851
1283 1330 12 20 6
1306 1336 1 4 |
1319 1331 70 19 —I131
1490 1331 40 20 337
1566 1331 33 20 136:
1612 1334 23 16 12
1646 1331 114 28 d38:112d

1222 1360 40 20 632

1306 1406 43 14 fv

1306 1426 2 17 ja

1307 1448 1 16 I
1663 1453 1 10 I

1307 1469 1 3 I
1663 1475 1 11 I

1664 1577 2 13 I

1038 1694 52 19 1935
1284 1694 109 23 Sara
1514 1706 15 2 —
1568 1694 68 20 0:42
1669 1694 54 20 |43:4

1212 1726 1 17 I

1308 1788 1 15 I

1213 1872 1 8 |

1038 1968 52 19 1935]
1119 1980 23 1 —
1147 1964 26 33 |
1176 1980 23 1 —|
1237 1968 26 19 851
1285 1968 12 19 81
1324 1980 21 1 —|
1372 1968 21 19 74
1568 1968 33 20 40:
1613 1971 24 16 42
1669 1968 55 19 143:
1708 1964 17 33 4
