1827 2353
163 78 42 20 408

181 282 343 25 FÖRVALTNINGSARBETET.

208 323 42 19 AK
264 322 72 20 avslår
348 322 84 20 motion
446 327 49 21 ang.
510 321 101 27 åtgärder
624 321 34 20 för
671 321 171 26 effektivisering
856 321 39 20 och
909 321 121 26 förenkling
1043 327 28 14 av

180 352 238 26 förvaltningsarbetet.

180 401 422 26 FÖRVALTNINGSFÖRFARANDET.

209 442 41 20 RD
267 442 97 20 anhåller
380 448 34 13 om
431 441 116 26 utredning
563 446 48 21 ang.
629 447 26 14 en
671 446 59 15 mera
746 440 102 26 enhetlig,
865 440 128 26 fullständig
1009 440 39 20 och
1065 440 6 20 i

180 472 72 26 övrigt
268 478 26 14 ur
309 471 198 20 rättssäkerhetens
523 471 114 26 synpunkt
653 470 199 20 tillfredsställande
869 470 136 26 lagstiftning
1021 475 49 21 ang.

180 502 135 20 förfarandet
330 502 39 19 hos
384 500 265 27 förvaltningsdomstolar
664 500 40 20 och
720 500 38 20 hos
774 500 73 26 övriga
863 499 208 27 förvaltningsmyn-

180 532 104 26 digheter,
298 531 27 20 då
338 531 25 20 de
376 532 80 25 avgöra
468 531 72 25 frågor
552 536 46 14 som
610 530 55 26 angå
678 530 83 20 enskild
774 531 51 19 rätt.

208 574 42 19 RD
262 573 97 20 anhåller
370 579 34 13 om
416 572 116 26 utredning
543 577 48 21 ang.
603 571 149 27 fördelningen
762 578 29 13 av
801 572 147 20 kostnaderna
960 571 6 20 i
977 571 43 20 mål
1031 571 40 20 och

180 603 102 23 ärenden,
295 609 46 14 som
353 604 92 25 avgöras
457 608 28 14 av
497 601 280 27 förvaltningsmyndighet.

180 653 424 25 FÖRVALTNINGSKOSTNADERNA.

180 723 117 20 riksstaten
309 722 33 20 för
354 722 130 26 budgetåret
497 721 89 26 1938/39
597 721 95 26 jämförd
706 721 50 20 med
768 721 149 26 statförslaget
932 720 33 21 för
980 721 92 26 budget-

180 753 47 20 året
240 752 87 26 1950/51
341 752 7 20 i
359 752 58 26 syfte
428 753 35 19 att
473 751 111 26 klarlägga
595 751 304 26 förvaltningskostnadernas
911 750 80 26 ökning
1002 756 29 14 m.
1042 756 28 14 m.

208 783 26 19 Se
246 782 40 20 ock
301 782 137 26 Uppskjutna
449 781 89 21 ärenden
551 781 70 26 (1950:
635 781 25 26 1).

180 832 347 24 FÖRVALTNINGSLOKALER.

209 872 42 20 RD
263 871 88 21 anvisar
361 871 33 20 till
405 871 141 20 anordnande
557 877 28 13 av
597 870 56 20 vissa
665 869 227 27 förvaltningslokaler
902 869 7 20 i
921 869 126 21 Stockholm
1059 870 11 20 å

181 902 132 26 tilläggsstat
327 901 21 20 II
360 901 41 20 400
410 901 41 20 000
463 901 32 19 kr.
510 900 31 27 (i).

209 932 25 20 Se
247 931 39 20 ock
300 930 174 27 Byggnadsväsen
487 930 64 27 (1946
561 930 28 20 H:
601 930 27 26 3).

181 981 420 27 FÖRVALTNINGSMYNDIGHETER,
617 979 177 25 FÖRSVARETS
809 983 156 24 CENTRALA;
980 989 22 13 se
1019 983 51 20 För-

207 1016 128 19 svarsväsen.

181 1063 291 28 FÖRVALTNINGSRÄTT;
485 1073 21 13 se
520 1066 301 26 Författningskommentarer.

181 1117 168 28 FÖRVARING;
360 1127 22 14 se
395 1120 112 26 Fångvård
517 1120 70 26 (1947:
601 1120 39 26 16),
653 1119 197 26 Rättegångsbalken
863 1119 69 26 (1947:
945 1120 26 26 2),
984 1119 86 21 Sinnes-

208 1151 62 26 sjuka
283 1151 78 25 (1945),
378 1150 197 26 Ungdomsfängelse
587 1149 70 26 (1945:
670 1149 26 26 4).

181 1195 209 24 FÖRVERKANDE
404 1198 35 20 AV
453 1197 146 24 EGENDOM;
612 1203 22 14 se
648 1197 126 26 Strafflagen
789 1196 78 26 (1944).

181 1242 210 25 FÖRVERKANDE
398 1246 36 20 AV
442 1245 200 24 RUSDRYCKER;
650 1251 21 13 se
681 1244 124 26 Strafflagen
811 1244 32 26 för
849 1244 138 26 krigsmakten
993 1244 78 26 (1945).

181 1289 271 28 FÖRVÄRVSAVDRAG;
466 1299 22 13 se
503 1293 131 20 Skatteväsen
649 1292 69 25 (1950:
732 1292 40 25 23).

181 1337 177 25 FÖRVÄXLING
385 1341 37 19 AV
448 1341 76 19 BARN
551 1340 12 20 å
591 1339 229 26 förlossningsanstalt;
848 1346 21 13 se
894 1339 178 26 Interpellationer

209 1371 69 26 (1946:
290 1371 40 26 48).

182 1414 236 25 FÖRÄLDRABALK.

210 1455 41 19 RD
268 1455 91 25 antager
374 1454 34 20 för
423 1453 33 20 sin
473 1453 32 20 del
522 1453 154 23 föräldrabalk,
693 1453 34 25 lag
744 1458 34 14 om
795 1452 113 20 införande
924 1458 28 14 av
968 1452 104 20 föräldra-

182 1484 85 23 balken,
281 1484 34 25 lag
329 1490 34 13 om
377 1483 92 26 ändring
482 1483 6 19 i
501 1482 206 27 giftermålsbalken,
722 1482 34 26 lag
769 1487 48 21 ang.
831 1482 92 26 ändring
936 1482 6 20 i
955 1482 62 26 lagen
1031 1482 40 20 den

180 1514 13 20 8
205 1514 39 25 juli
259 1513 51 20 1904
324 1514 34 25 (nr
369 1513 36 26 26)
418 1519 35 13 om
466 1513 56 19 vissa
535 1512 175 20 internationella
722 1512 207 20 rättsförhållanden
942 1513 41 18 rör.
996 1512 76 19 äkten-

181 1544 54 25 skap
254 1543 39 20 och
311 1543 188 26 förmynderskap,
518 1542 34 26 lag
569 1547 49 21 ang.
636 1541 214 26 blodundersökning
867 1547 29 14 m.
906 1547 28 14 m.
953 1541 6 20 i
976 1541 43 20 mål
1037 1548 35 13 om

181 1573 153 26 äktenskaplig
349 1572 54 21 börd
418 1572 50 20 eller
482 1572 140 26 faderskapet
636 1571 33 20 till
684 1572 53 19 barn
753 1573 61 18 utom
829 1571 122 26 äktenskap
966 1572 58 19 samt
1038 1571 34 27 lag

181 1608 48 21 ang.
241 1603 84 20 ändrad
336 1602 81 26 lydelse
427 1608 29 14 av
466 1602 13 20 3
490 1602 40 19 och
543 1602 24 20 15
578 1602 20 25 $$
609 1601 62 26 lagen
682 1601 41 20 den
736 1601 25 20 19
771 1601 47 26 juni
831 1601 52 20 1919
894 1601 35 25 (nr
939 1600 49 26 367)
1000 1607 35 14 om
1046 1601 26 19 fri

181 1633 121 26 rättegång,
313 1632 39 20 och
362 1632 97 20 anhåller
469 1632 41 19 RD
521 1637 35 14 om
566 1631 117 26 utredning
691 1637 28 14 av
729 1631 83 26 frågan,
822 1630 6 20 i
838 1630 73 20 vilken
920 1630 153 27 utsträckning

182 1662 187 20 barnavårdsman
384 1662 40 20 bör
438 1663 59 18 utses
512 1661 34 20 för
560 1661 54 20 barn
629 1661 6 19 i
650 1661 122 26 äktenskap
788 1661 40 19 och
843 1660 147 26 adoptivbarn
1004 1660 68 26 jämte

182 1692 89 20 därmed
284 1691 215 26 sammanhängande
512 1691 112 26 spörsmål.

209 1722 26 20 Se
249 1722 40 22 ock
302 1718 185 29 Överförmyndare
500 1720 79 26 (1950).

181 1765 183 28 FÖRÄLDRAR;
378 1775 22 13 se
414 1768 122 26 Fattigvård
549 1768 69 26 (1944:
633 1768 38 26 13),
687 1767 130 21 Skatteväsen
832 1767 70 26 (1944:
915 1767 25 26 9).

182 1812 234 25 FÖRÄLDRARÄTT.

210 1853 41 19 RD
263 1853 91 25 antager
363 1852 34 20 för
407 1852 32 20 sin
450 1852 33 20 del
494 1851 80 26 förslag
584 1851 32 20 till
627 1851 34 26 lag
671 1856 49 21 ang.
731 1851 83 20 ändrad
825 1851 81 26 lydelse
916 1857 28 14 av
955 1851 13 19 2
978 1851 41 20 och
1029 1851 12 20 6
1052 1851 20 25 $$

181 1882 62 26 lagen
254 1882 41 20 den
307 1882 24 20 14
340 1881 48 26 juni
399 1882 52 19 1917
461 1881 35 26 (nr
505 1881 49 25 377)
565 1887 35 13 om
610 1880 152 26 äktenskaplig
771 1881 61 22 börd,
842 1880 33 20 till
885 1880 34 26 lag
929 1885 48 21 ang.
988 1880 83 20 ändrad

181 1912 81 26 lydelse
276 1917 28 14 av
320 1912 31 22 19,
366 1912 23 19 21
407 1911 39 20 och
461 1911 26 20 22
501 1912 20 23 $$
536 1911 61 25 lagen
612 1911 41 19 den
670 1910 20 20 11
707 1910 47 26 juni
771 1910 52 20 1920
837 1910 34 26 (nr
884 1910 50 26 407)
948 1916 35 13 om
998 1910 53 20 barn
1066 1910 6 20 i

181 1941 129 26 äktenskap,
325 1941 32 20 till
369 1941 35 25 lag
416 1946 48 21 ang.
478 1940 84 20 ändrad
575 1940 80 26 lydelse
668 1946 27 14 av
708 1940 12 20 9
734 1940 38 19 och
786 1940 26 20 23
825 1940 20 25 $$
857 1940 62 26 lagen
933 1940 40 19 den
990 1939 24 20 14
1025 1939 46 26 juni

183 1971 52 20 1917
247 1971 35 26 (nr
292 1971 50 25 378)
354 1977 35 13 om
400 1970 112 26 adoption,
525 1970 33 20 till
569 1970 35 26 lag
614 1975 49 21 ang.
675 1969 92 27 ändring
778 1969 7 20 i
796 1970 62 26 lagen
870 1970 41 19 den
925 1969 24 20 14
959 1969 47 26 juni
1020 1969 52 20 1917

182 2001 34 26 (nr
229 2001 49 25 376)
292 2007 35 13 om
340 2001 54 19 barn
407 2002 62 18 utom
482 2000 122 26 -äktenskap
618 2001 58 18 samt
688 1999 33 20 till
734 1999 34 26 lag
781 2004 48 22 ang.
843 1999 92 26 ändring
948 1999 6 20 i
967 1999 12 20 8
993 1999 39 20 och
1048 1999 24 20 12

181 2031 51 26 kap.
244 2030 62 26 lagen
318 2030 41 20 den
370 2030 27 20 27
407 2030 48 26 juni
468 2030 53 20 1924
532 2030 35 25 (nr
577 2029 50 26 320)
639 2035 35 14 om
685 2029 188 26 förmynderskap.

211 2060 27 20 Se
253 2060 40 20 ock
310 2059 156 21 Föräldrabalk.

182 2103 282 29 FÖRÄLDRATILLÄGG;
477 2113 22 14 se
512 2107 136 21 Arbetslöshet
660 2106 70 27 (1946:
741 2106 38 27 H).

209 693 61 20 RD:s
286 692 105 27 yttrande
407 692 7 20 i
430 692 42 20 anl.
490 698 28 14 av
534 691 83 20 motion
635 697 34 14 om
687 691 160 20 verkställande
864 697 27 14 av
908 697 26 14 en
951 691 76 26 analys
1043 697 54 14 av|'

1091 186 102 25 ER
1226 163 90 30 Motioner
1364 163 89 30 Utskott
1494 164 61 59 Skriv.
1616 164 94 30 Protokoll

1312 221 5 3 <
1340 220 85 17 ISmtlAvd!
1449 221 27 16 Nr
1594 221 33 16 FK
1693 222 35 16 AK

1092 321 27 20 49]
1160 333 28 2 —1I
1231 333 27 3 —J]
1285 321 85 20 148113]
1406 322 12 19 3
1471 322 12 20 9l
1522 334 27 2 —]|
1601 334 28 2 —
1674 323 32 20 123:
1719 323 38 20 19d

1092 440 27 20 421
1161 452 27 2 —
1193 436 18 35 I
1221 440 34 20 141]
1296 452 28 2 —IJ|
1359 441 12 20 91
1409 440 7 20 11
1457 441 27 20 341
1508 441 41 20 2361
1575 441 67 20 17:65
1650 436 18 35 |
1676 441 66 21 18:61

1092 571 27 20 48]
1160 584 28 1 —
1193 567 18 35 I
1232 571 91 21 —13551
1359 572 12 19 91
1409 571 7 20 11
1460 572 24 20 121
1523 572 26 20 671
1588 572 54 20 9:32
1648 567 22 35 |
1688 573 55 20 9:90

1093 690 26 20 50]
1160 703 28 2 —]
1231 690 91 21 —J]157]
1359 691 61 19 61|—]|
1443 691 41 20 2161
1508 691 41 20 3981
1573 691 33 20 31:
1618 693 24 18 40
1647 686 23 34 |
1673 692 33 20 31:
1718 694 24 17 67

1092 869 27 20 451
1160 870 13 19 2
1231 881 27 3 —I|
1296 882 26 1 —I
1358 870 61 19 61—]
1457 870 24 20 211
1522 870 27 19 221]
1587 870 54 20 8121
1687 870 56 21 814

1137 906 14 11 s.
1163 901 38 18 109]
1444 907 15 11 s.
1472 901 78 18 41s.10

1093 1453 26 19 491
1160 1453 27 20 93
1218 1452 40 20 12531)
1297 1452 27 20 281
1359 1453 13 19 91
1409 1453 8 19 11
1458 1452 27 20 341
1509 1451 99 20 325119:
1619 1451 39 20 46d]
1678 1451 31 20 19:
1720 1451 40 20 67d

1218 1482 41 20 256
1260 1478 18 34 |
1283 1482 41 20 318

1219 1512 39 19 257
1258 1508 21 33 |
1284 1512 37 20 321

1284 1542 40 19 322

1093 1850 28 20 471
1152 1850 38 21 187
1201 1845 27 34 |
1234 1862 28 2 —|
1300 1862 27 2 —II
1361 1849 124 21 91:11:31]
1512 1849 40 20 2161
1577 1849 68 20 22:17
1650 1845 22 34 |
1677 1849 33 20 22:
1722 1850 23 17 72
