1823 2355
746 155 223 17 SAKREGISTER

74 446 168 25 Avskrivningar
256 446 35 19 och
307 445 115 27 eftergifter.

64 477 22 18 15
102 475 42 20 RD
161 475 117 26 medgiver,
295 477 34 18 att
345 475 33 20 till
394 476 169 26 nedbringande,
580 476 27 26 på
624 478 45 18 sätt
685 476 63 20 KM:t
763 477 35 19 må
815 478 98 19 närmare

115 506 129 22 bestämma,
265 511 28 14 av
312 505 27 26 på
359 505 98 27 delägare
477 505 5 20 i
503 505 95 21 Säveåns
616 506 200 26 regleringsföretag
835 507 77 20 mellan

116 535 115 26 Hjultorps
250 535 39 20 och
309 535 61 20 Hede
387 535 109 20 kvarnfall
514 535 120 26 belöpande
652 536 34 20 lån
705 536 48 20 från
772 536 142 26 odlingslåne-

115 565 80 19 fonden
214 565 35 19 må
268 565 48 19 från
336 566 83 18 statens
438 565 207 26 avdikningsanslag
663 567 61 24 tagas
743 566 6 19 i
768 566 94 25 anspråk
881 568 33 18 ett

116 594 78 26 belopp
208 600 28 14 av
250 594 26 20 50
284 594 42 19 000
339 595 31 19 kr.

65 656 21 17 16
102 653 42 20 RD
157 653 118 26 medgiver,
289 653 44 20 dels
346 655 35 18 att
392 653 32 20 till
437 653 174 27 Mosjöbottnens
625 654 241 26 torrläggningsföretag
878 655 35 20 må

116 683 47 20 från
178 685 84 18 statens
276 683 206 26 avdikningsanslag
496 683 86 20 anvisas
596 685 33 18 ett
643 684 124 26 ytterligare
781 685 133 26 statsbidrag

116 719 28 14 av
164 712 77 21 90500
260 713 40 21 kr.,
318 713 68 20 därav
402 713 27 20 50
437 713 41 20 000
495 713 31 20 kr.
544 713 33 20 till
593 713 156 27 nedskrivning
764 714 50 20 med
830 720 82 14 samma

117 742 78 26 belopp
209 748 28 14 av
251 742 37 20 det
302 742 31 20 till
347 743 108 26 företaget
466 743 40 19 den
518 743 24 19 31
556 743 45 20 dec.
618 743 52 21 1920
683 744 107 25 beviljade
799 744 59 20 lånet
866 744 46 20 från

117 772 221 26 odlingslånefonden,
352 772 45 20 dels
410 773 39 19 ock
462 774 34 18 att
509 773 203 25 amorteringstiden
725 773 33 20 för
771 774 94 19 nämnda
878 774 35 19 lån

116 802 35 19 må
168 802 123 20 utsträckas
307 802 32 20 till
355 803 23 19 år
395 802 58 20 1970.

66 864 21 17 17
103 861 42 20 RD
166 861 117 26 medgiver,
304 864 34 17 att
359 862 99 26 uppskov
479 862 68 20 under
568 863 36 19 två
624 863 24 19 år
667 863 48 19 med
736 863 131 26 amortering
886 869 27 14 av

116 891 38 20 två
174 891 33 20 till
225 891 105 26 reglering
349 898 28 13 av
395 887 58 24 Årån
474 892 38 20 och
532 892 135 20 tillstötande
687 893 130 25 vattendrag
835 893 78 20 mellan

117 921 168 20 Erlandsdamm
305 921 39 20 och
364 921 89 26 Sölaryd
473 922 6 19 i
497 922 136 26 Jönköpings
652 922 35 20 län
706 922 41 20 den
766 922 12 20 6
797 922 42 26 maj
862 923 49 20 1921

117 950 40 20 och
173 950 41 20 den
230 951 26 19 23
272 951 53 20 febr.
344 951 51 20 1923
411 951 108 26 beviljade
535 952 35 20 lån
585 952 48 20 från
650 952 213 26 odlingslånefonden
878 953 35 20 må

117 980 118 26 medgivas,
250 980 55 20 dock
318 981 49 19 med
381 981 121 20 bibehållen
516 981 124 26 skyldighet
653 982 34 20 för
699 982 167 20 intressenterna
880 984 34 18 att

117 1010 69 20 under
196 1010 172 26 uppskovstiden
380 1011 84 26 erlägga
476 1012 63 19 ränta
550 1011 55 20 efter
615 1011 35 21 3.6
661 1013 89 24 procent
760 1012 12 20 å
784 1012 25 19 de
821 1012 93 26 oguldna

117 1039 87 21 delarna
221 1046 28 13 av
266 1040 94 20 nämnda
379 1040 42 20 lån.

65 1102 23 17 18
104 1099 42 19 RD
161 1099 118 26 medgiver,
294 1101 34 18 att
343 1099 37 21 det
394 1100 88 26 jämlikt
496 1100 71 20 beslut
581 1107 28 13 av
627 1101 51 20 1930
692 1101 35 20 års
743 1101 40 20 RD
799 1101 70 20 såsom
884 1101 31 20 bi-

117 1129 53 26 drag
186 1129 32 20 till
235 1129 140 20 bestridande
391 1136 28 13 av
435 1130 146 20 kostnaderna
597 1130 34 20 för
647 1131 186 26 syneförrättning
848 1131 67 26 enligt

117 1159 140 26 vattenlagen
278 1159 33 20 för
331 1160 116 26 utredning
467 1161 41 18 rör.
529 1160 104 26 reglering
653 1166 28 14 av
701 1157 56 23 Övre
778 1160 110 21 Olandsån
909 1161 6 20 i

118 1188 137 20 Stockholms
268 1189 39 20 och
321 1189 96 26 Uppsala
429 1189 35 20 län
477 1191 57 18 samt
546 1190 71 20 Nedre
630 1190 109 20 Olandsån
752 1190 6 20 i
771 1190 96 26 Uppsala
879 1191 35 20 län

117 1218 104 20 anvisade
238 1219 98 26 anslaget
354 1219 34 20 må
407 1220 113 19 användas
537 1219 83 26 jämväl
637 1220 33 20 till
687 1220 106 26 gäldande
811 1226 28 14 av
856 1221 59 19 kost-

118 1248 67 20 nader
197 1248 34 20 för
246 1249 157 26 hantlangning
417 1249 39 20 och
471 1249 76 20 därvid
562 1249 125 27 erforderlig
700 1250 106 20 material.

65 1311 23 17 19
103 1307 42 20 RD
167 1308 117 26 medgiver,
306 1310 34 18 att
360 1309 92 19 änkefru
473 1309 50 20 Elsa
544 1309 148 27 Silfverstolpe
713 1310 35 19 må
768 1310 80 20 befrias
867 1310 48 20 från

116 1337 70 20 henne
200 1337 113 27 åliggande
327 1338 125 26 skyldighet
465 1340 35 18 att
513 1339 63 26 gälda
590 1339 202 26 kronoegendomen
808 1339 8 20 1
832 1340 83 20 mantal

116 1362 62 31 Åsby
190 1373 25 14 nr
229 1367 8 20 1
252 1367 6 20 i
272 1368 108 25 Rytterne
392 1368 78 20 socken
484 1374 28 14 av
524 1369 171 20 Västmanlands
707 1369 35 20 län
754 1369 38 20 vid
804 1369 112 21 avträdes-

116 1403 40 19 syn
171 1397 41 20 den
228 1397 25 20 13
266 1398 87 25 augusti
369 1398 50 20 1931
435 1399 95 25 påsynat
543 1399 175 26 husrötebelopp,
732 1399 41 20 870
786 1400 32 19 kr.
832 1399 27 20 42
872 1401 43 19 öre.

64 1459 24 18 20
103 1456 43 20 RD
167 1456 118 27 medgiver,
306 1458 35 19 att
361 1457 94 27 lindring
476 1458 5 19 i
503 1458 274 27 betalningsskyldigheten
797 1459 34 20 för
852 1455 63 24 Östra

117 1486 167 21 centralbanans
306 1487 240 27 järnvägsaktiebolags
569 1488 92 20 statslån
685 1489 35 19 må
744 1488 91 27 beviljas
859 1490 57 19 samt

117 1517 35 19 att
165 1516 96 20 nämnda
275 1517 63 26 bolag
351 1517 36 20 må
400 1517 34 20 för
446 1523 53 20 egen
513 1518 92 25 räkning
618 1518 68 20 under
699 1518 43 20 viss
755 1518 33 20 tid
802 1518 113 26 disponera

117 1545 39 20 två
176 1546 158 26 inteckningar,
354 1547 92 20 vardera
466 1547 12 20 å
499 1547 76 20 50000
594 1548 32 19 kr.
647 1548 49 20 med
717 1549 70 23 ränta,
808 1548 108 26 beviljade

117 1581 56 20 resp.
186 1575 50 20 dem
249 1575 12 21 7
274 1576 45 20 okt.
334 1576 59 24 1901,
407 1577 9 25 $
428 1576 47 24 390,
489 1577 6 19 i
507 1577 118 26 järnvägen
639 1577 122 27 Linköping
774 1571 142 37 —Vimmerby

119 1605 39 20 och
174 1605 40 20 den
230 1606 12 19 3
258 1606 45 19 dec.
321 1606 58 23 1906,
396 1606 9 25 $
420 1606 46 23 487,
484 1607 4 19 i
503 1607 119 26 järnvägen
638 1607 277 26 Vimmerby—Hultsfred.

80 1697 7 17 1
104 1694 42 20 RD
164 1694 85 20 bifaller
267 1701 60 20 prop.
345 1701 48 20 ang.
411 1696 149 26 avskrivning,
578 1696 6 20 i
601 1697 106 19 samband
724 1697 49 20 med
789 1697 128 27 försäljning

117 1730 29 14 av
157 1724 84 20 kronan
254 1725 108 26 tillhöriga
374 1725 36 27 1/,,
423 1726 83 20 mantal
518 1726 88 20 Vännäs
619 1732 24 14 nr
655 1727 26 19 22
694 1726 5 20 i
713 1723 117 24 Överkalix
838 1728 78 19 socken

118 1760 28 14 av
160 1754 146 21 Norrbottens
320 1755 42 23 län,
377 1761 29 14 av
420 1755 44 20 viss
478 1756 95 20 fordran.

79 1816 10 17 2
104 1813 43 20 RD
164 1814 117 26 medgiver,
299 1816 35 18 att
350 1815 56 20 förre
423 1815 207 21 lokomotivföraren
647 1816 37 20 vid
701 1817 83 19 statens
800 1816 118 27 järnvägar

119 1843 24 19 E.
157 1843 24 20 L.
195 1843 124 27 Lundqvist
332 1845 35 19 må
380 1844 80 21 befrias
472 1845 48 20 från
533 1846 41 19 den
587 1846 257 26 ersättningsskyldighet
856 1848 61 24 gent-

118 1874 59 19 emot
194 1874 95 20 nämnda
306 1874 124 26 järnvägar,
447 1881 47 14 som
511 1875 27 26 på
554 1876 70 25 grund
641 1882 29 13 av
686 1875 41 20 den
744 1876 6 19 i
767 1876 104 20 närheten
889 1883 27 13 av

118 1902 112 27 Länninge
247 1903 41 21 den
305 1904 27 20 22
344 1904 48 26 juni
407 1904 52 20 1928
472 1905 118 20 inträffade
603 1906 264 26 tågsammanstötningen
881 1906 35 20 må

118 1932 58 20 åvila
190 1932 88 25 honom,
292 1935 58 18 samt
363 1935 35 19 att
411 1936 84 18 statens
508 1934 128 27 järnvägars
649 1935 166 26 ifrågavarande
828 1936 88 20 fordran

119 1962 38 20 hos
169 1962 125 27 Lundqvist
305 1964 36 19 må
354 1970 26 13 ur
392 1964 94 20 nämnda
498 1964 128 27 järnvägars
638 1965 146 26 räkenskaper
796 1965 120 21 avskrivas.

78 2023 11 17 3
105 2021 42 20 RD
158 2022 118 26 medgiver,
287 2024 35 19 att
332 2023 206 21 stationsskrivaren
549 2024 37 20 vid
597 2026 83 18 statens
690 2024 117 27 järnvägar
818 2025 25 20 G.
853 2025 26 20 V.
890 2025 26 20 A.

118 2051 76 21 Jervik
209 2052 40 20 och
264 2052 207 21 lokomotivföraren
486 2053 37 20 vid
538 2059 83 15 samma
635 2054 118 26 järnvägar
767 2054 25 20 A.
808 2054 24 20 F.
847 2055 70 20 West-

59 2105 26 16 18,
100 2105 116 21 Sakregister.
234 2106 15 15 I.

1620 155 38 21 137

1206 232 96 17 Utskotts-

1196 258 117 31 utlåtanden,
1527 251 87 34 OTER

1178 292 96 17 memorial
1287 293 43 16 eller
1487 277 141 42 (OEUndNnEen

928 308 38 40 År
1189 322 132 17 betänkanden
1513 311 87 21 pro)

1170 370 16 12 é
1472 377 54 16 Första
1542 367 24 37 |
1574 378 43 16 And;

1170 383 16 43 3
1188 379 20 51 |
1212 383 16 43 5
1232 379 21 51 |
1252 389 90 16 Nummer
1471 381 70 37 krm
1551 377 14 52 |
1572 382 70 36 kg!

931 476 53 20 1932
1166 477 24 20 10
1191 473 22 34 |
1213 490 27 2 —]
1261 478 26 20 48
1475 479 32 20 29:
1519 480 24 18 76
1561 479 33 20 137:
1606 481 24 18 66

933 655 50 20 1932
1167 656 24 20 10
1194 652 18 34 |
1213 668 27 2 —]
1261 657 26 20 49
1475 657 33 21 29:
1520 659 24 17 76
1557 657 31 45 pe
1606 659 24 17 66

932 863 53 21 19321
1030 863 12 20 225
1142 876 2 2 —-
1167 864 24 20 110
1193 860 22 34 |
1213 876 27 2 —|
1262 865 26 20 50
1475 865 33 20 29:
1520 868 24 17 76
1562 865 33 21 |37:
1607 867 23 17 67
1642 865 13 20 d

933 1102 53 20 1932
1167 1103 25 20 10
1214 1115 20 2 |—]
1262 1103 24 20 51
1476 1104 33 20 29:
1521 1106 24 17 76
1563 1104 33 21 137:
1607 1106 24 18 67

935 1307 52 34 1932]
1169 1311 73 20 10|—])
1263 1312 26 20 58
1477 1312 33 21 29:
1521 1314 24 18 76
1563 1313 33 20 137:
1608 1314 24 18 89

934 1460 53 20 1932
1181 1461 12 20 8!
1215 1472 26 3 —]
1263 1461 27 20 49
1477 1461 34 20 35:
1522 1463 24 18 93
1564 1461 33 21 144:
1609 1463 24 18 98

935 1698 53 20 1933
1169 1698 75 20 101—]
1267 1699 24 20 16
1480 1699 32 20 14:
1523 1699 75 21 99-115:
1610 1701 24 18 99

935 1817 53 21 1933
1182 1818 12 20 6!
1225 1818 9 20 11
1265 1819 26 20 26
1305 1821 46 18 s.10
1480 1819 32 20 18:
1523 1821 25 18 39
1568 1819 30 20 |19:
1610 1820 25 18 40

935 2025 53 20 1933
1182 2026 12 20 6
1225 2026 9 20 kt
1265 2025 86 22 lv26-s.T0
1480 2027 32 20 18:
1523 2029 25 18 39
1567 2027 32 21 119:
1610 2029 25 18 40
