1807 2328
143 61 37 19 582
830 63 222 19 SAKREGISTER

158 249 119 21 Jordbruk

202 279 67 26 fråga
288 285 39 14 om
346 280 89 20 statens
454 279 230 25 jordbruksnämnds
703 278 186 25 clearingkassor
908 278 36 21 för
963 278 82 21 fettva-

205 315 38 14 ror
258 309 43 20 och
316 309 172 20 kolonialvaror
502 311 61 18 samt
576 309 136 25 godkänner
724 309 45 20 vad
783 315 28 14 av
824 308 113 21 utskottet
951 308 95 20 föresla-

205 339 45 25 gits
263 339 149 20 beträffande
426 339 143 25 regleringen
582 345 28 14 av
623 338 171 21 skördeskador
807 338 13 20 å
835 338 54 20 1957
903 338 37 20 års
953 338 78 20 skörd.

178 403 6 14 1
205 398 39 20 RD
261 397 77 21 avslår
354 398 51 20 med
421 398 66 20 bifall
503 398 34 20 till
554 398 26 19 K.
596 398 57 20 M:ts
669 397 86 25 förslag
771 397 37 20 det
824 397 6 20 i
846 396 114 20 motioner
975 396 71 19 fram-

205 428 85 20 ställda
302 428 122 25 yrkandet,
437 428 35 20 att
484 427 93 21 stödlån
590 428 52 19 med
655 427 45 20 anl.
714 433 27 14 av
756 427 54 20 1957
824 426 37 20 års
874 425 172 21 skördeskador

205 457 38 20 må
256 457 29 25 på
299 463 90 14 samma
402 457 84 20 villkor
499 463 50 14 som
563 457 35 20 för
611 457 155 25 jordbrukare
779 456 118 20 utlämnas
910 456 87 24 jämväl
1011 455 34 20 till

203 487 337 25 handelsträdgårdsmästare;
561 487 43 20 och
625 487 116 25 medgiver
762 486 46 24 RD,
828 487 34 19 att
882 485 91 20 stödlån
994 485 52 19 med

205 517 45 20 anl.
267 523 28 14 av
312 517 55 20 1957
384 517 38 20 års
438 517 171 20 skördeskador
625 517 38 19 må
679 517 117 19 utlämnas
812 516 7 20 i
834 515 101 26 enlighet
951 515 51 21 med
1018 515 27 20 de

203 547 103 25 grunder
322 547 6 20 i
345 547 82 25 övrigt,
444 553 50 14 som
511 547 117 20 förordats
644 547 7 19 i
667 546 186 25 propositionen;
870 545 43 21 och
929 545 117 25 medgiver

205 577 46 23 RD,
264 578 34 19 att
310 577 44 20 den
366 576 135 26 behållning
513 577 12 20 å
537 576 163 24 omförmälda,
712 576 97 25 tidigare
821 575 74 20 under
907 575 91 21 Statens
1010 576 36 19 ut-

204 606 177 26 låningsfonder
392 607 110 20 anvisade
512 606 236 25 investeringsanslag
758 605 34 21 till
803 605 95 20 Fonden
908 605 36 20 för
954 604 92 25 supple-

204 637 92 20 mentär
306 636 213 25 jordbrukskredit,
531 642 50 14 som
592 635 115 25 kvarstår,
718 635 71 21 sedan
800 636 28 19 de
839 634 158 25 ansökningar
1007 641 38 14 om

204 666 39 20 lån
258 672 27 14 ur
300 666 94 23 fonden,
409 672 50 14 som
473 666 125 20 inkommit
612 665 50 21 före
675 666 44 19 den
735 665 9 20 1
760 666 48 19 dec.
824 664 62 24 1957,
900 664 124 25 handlagts
1038 664 7 20 i

204 696 136 20 nuvarande
354 695 106 26 ordning,
474 696 38 19 må
525 696 119 20 överföras
657 696 35 19 till
706 695 95 20 Fonden
815 695 36 19 för
864 694 181 21 låneunderstöd

203 726 44 20 och
263 726 74 20 under
353 726 172 24 benämningen
542 725 95 20 Stödlån
653 725 34 20 till
703 724 156 26 jordbrukare
875 724 119 20 användas
1010 724 34 20 till

204 755 149 21 bestridande
367 762 28 14 av
408 755 157 21 kostnaderna
579 755 36 20 för
628 754 133 23 stödlånen;
775 754 43 20 och
832 754 90 20 lämnar
936 754 38 20 RD
988 754 56 20 utan

204 785 94 21 erinran
310 785 44 20 vad
368 785 90 20 anförts
470 784 149 21 beträffande
631 784 180 25 användningen
823 790 28 14 av
863 784 48 20 dels
924 784 27 20 de
963 783 82 23 medel,

204 821 50 14 som
268 815 74 20 under
356 814 177 26 regleringsåret
547 814 91 20 1957/58
651 814 96 25 inflyter
760 819 83 20 genom
856 813 148 25 upptagande
1018 819 27 14 av

203 844 198 26 införselavgifter
416 844 36 20 för
466 844 141 20 fodermedel
622 845 61 19 samt
697 843 98 25 avgifter
809 843 36 20 för
858 842 187 26 oljekraftfoder,

204 875 48 20 dels
270 875 28 19 de
316 874 81 24 medel,
415 880 51 14 som
483 874 74 20 under
574 873 178 25 regleringsåret
770 873 91 20 1957/58
878 873 96 25 inflyter
990 872 55 21 eller

203 904 166 20 dessförinnan
385 904 91 20 influtit
491 909 83 19 genom
590 904 148 24 upptagande
754 909 28 14 av
797 902 196 25 införselavgifter
1009 903 36 19 för

204 935 62 20 ärter
279 934 44 20 och
336 933 81 24 bönor,
430 934 99 25 tjänliga
543 933 34 20 till
592 932 188 24 människoföda,
794 934 60 19 samt
867 932 120 25 hampfrö;
1002 932 43 20 och

203 964 136 25 godkänner
355 963 39 21 RD
410 964 43 19 vad
469 970 28 14 av
512 963 114 20 utskottet
641 962 91 21 anförts
747 962 148 21 beträffande
910 963 135 25 slutuppgö-

204 994 75 20 relsen
295 1000 40 19 per
350 994 44 20 den
410 993 10 20 1
437 993 47 20 okt.
501 993 55 20 1957
572 993 85 20 mellan
673 993 90 19 kronan
778 992 43 20 och
836 992 103 21 Svenska
955 992 90 20 socker-

203 1024 91 19 fabriks
304 1023 47 20 akt.

175 1059 10 14 2
204 1053 39 20 RD
256 1053 123 25 medgiver,
391 1053 33 20 att
435 1052 82 25 bidrag
528 1051 34 21 till
573 1052 163 25 jordbrukare,
748 1051 62 21 vilka
821 1052 40 20 äro
872 1052 6 19 i
889 1051 74 21 behov
974 1052 71 20 därav

203 1082 30 26 på
246 1083 75 25 grund
335 1088 28 14 av
376 1082 55 20 1957
445 1082 38 20 års
496 1081 179 24 skördeskador,
688 1081 37 20 må
738 1081 118 20 utlämnas
869 1082 6 19 i
888 1081 157 25 huvudsaklig

203 1112 232 20 överensstämmelse
451 1112 52 20 med
519 1112 27 19 de
563 1111 124 24 riktlinjer,
704 1117 50 14 som
770 1111 99 25 angivits
885 1111 7 20 i
908 1111 137 25 propositio-

203 1148 53 17 nen,
268 1143 34 19 att
313 1143 32 19 ett
356 1141 83 25 belopp
450 1147 28 14 av
489 1141 27 20 40
525 1141 42 20 000
576 1141 42 20 000
629 1141 35 20 kr.
675 1140 37 20 må
723 1141 81 20 ställas
815 1141 34 20 till
861 1140 137 25 förfogande
1009 1141 36 19 för

203 1171 150 20 utbetalande
370 1177 27 14 av
414 1171 71 25 sagda
500 1171 89 25 bidrag,
605 1171 34 20 att
655 1170 158 21 kostnaderna
829 1170 37 20 för
881 1170 110 25 bidragen
1008 1170 37 20 må

203 1201 115 20 bestridas
335 1201 52 20 med
404 1201 27 20 25
441 1201 41 20 000
492 1200 42 21 000
551 1200 34 20 kr.
602 1206 27 14 av
645 1200 81 23 medel,
743 1200 62 20 vilka
820 1199 139 26 jordbruket
975 1200 70 24 enligt

204 1230 76 21 beslut
295 1236 28 14 av
338 1230 56 20 1956
408 1230 38 20 års
460 1230 39 20 RD
514 1230 59 20 skall
588 1230 88 20 erhålla
690 1235 49 15 som
753 1229 134 25 grundfond
901 1230 7 20 i
922 1230 32 20 ett
968 1230 78 24 plane-

205 1261 36 19 rat
254 1261 87 24 system
355 1260 36 19 för
404 1260 114 25 reglering
531 1266 27 13 av
571 1259 179 23 skördeskador,
762 1260 44 19 och
818 1260 6 19 i
837 1259 74 25 övrigt
924 1265 28 14 av
964 1259 81 23 medel,

205 1296 50 14 som
270 1290 7 20 i
292 1289 114 21 samband
421 1290 52 19 med
488 1289 273 25 jordbruksregleringen
776 1289 91 20 influtit
881 1289 55 20 eller
951 1288 95 26 inflyter

204 1325 83 19 genom
302 1319 150 25 upptagande
467 1325 28 14 av
509 1318 198 25 införselavgifter
722 1320 61 19 samt
797 1319 34 20 att
846 1318 36 20 för
897 1318 149 20 utbetalande

206 1355 28 14 av
247 1349 111 25 bidragen
373 1348 151 25 erforderliga
539 1348 73 20 medel
627 1348 37 20 må
678 1349 7 19 i
699 1348 54 20 mån
768 1354 28 14 av
808 1348 75 20 behov
897 1348 149 20 förskottsvis

206 1379 191 20 tillhandahållas
410 1384 28 14 ur
452 1379 37 19 det
503 1378 12 20 å
529 1378 127 20 riksstaten
669 1378 36 20 för
718 1378 136 24 budgetåret
868 1377 91 21 1957/58
973 1378 73 20 under

205 1409 38 20 9:e
259 1409 40 19 HT
315 1408 110 20 anvisade
441 1408 261 24 reservationsanslaget
718 1407 34 21 till
769 1408 187 25 Prisreglerande
972 1408 75 24 åtgär-

207 1439 40 19 der
260 1438 30 25 på
303 1438 150 25 jordbrukets
466 1437 106 23 område;
586 1438 43 19 och
643 1437 76 20 avslår
733 1437 39 20 RD
786 1438 114 20 motioner
913 1437 70 21 såvitt
996 1438 50 19 däri

205 1468 89 25 yrkats,
311 1469 34 19 att
361 1467 87 26 förslag
464 1467 58 20 skall
540 1467 141 25 framläggas
697 1466 37 21 för
750 1466 55 21 1959
822 1467 37 20 års
875 1467 39 20 RD
930 1473 38 14 om
984 1467 62 20 anvi-

207 1498 72 20 sande
293 1504 28 14 av
335 1497 115 21 särskilda
464 1497 80 25 anslag
558 1497 36 20 för
608 1497 169 24 återbetalning
790 1503 28 14 av
831 1497 27 20 de
872 1497 74 20 under
959 1497 23 24 3)
999 1503 47 14 om-

206 1527 117 20 förmälda
336 1527 123 25 beloppen;
475 1527 43 20 och
531 1526 152 25 bemyndigar
697 1527 39 19 RD
751 1527 25 19 K.
791 1527 44 20 M:t
849 1528 34 19 att
896 1527 80 24 medge
990 1533 57 19 upp-

206 1557 58 20 skov
280 1557 52 20 med
348 1557 138 25 erläggande
502 1563 28 13 av
546 1557 169 24 amorteringar
731 1556 36 20 för
783 1556 91 20 stödlån
890 1557 52 19 med
957 1557 46 20 anl.
1019 1562 28 15 av

207 1586 64 24 1950,
286 1586 63 24 1951,
364 1586 54 20 1952
432 1586 43 20 och
489 1586 57 20 1954
558 1586 38 20 års
609 1585 172 21 skördeskador
794 1586 6 20 i
814 1586 157 26 huvudsaklig
984 1587 62 19 över-

206 1617 177 20 ensstämmelse
393 1616 51 20 med
455 1616 27 20 de
492 1616 108 25 grunder,
611 1621 50 14 som
671 1615 117 20 förordats
798 1616 6 20 i
815 1621 64 19 prop.

179 1683 7 14 1
206 1677 39 20 RD
262 1677 93 20 anvisar
371 1677 34 20 till
421 1677 184 24 prisreglerande
620 1676 107 25 åtgärder
742 1676 30 25 på
786 1676 151 25 jordbrukets
952 1675 95 21 område

206 1707 14 20 å
229 1707 140 25 tilläggsstat
379 1706 19 20 II
410 1706 25 20 15
446 1706 41 20 000
497 1706 42 21 000
549 1706 34 20 kr.

178 1742 9 14 2
206 1736 40 20 RD
264 1736 93 20 anvisar
374 1736 34 20 till
425 1736 138 25 gottgörelse
580 1736 35 20 till
631 1736 139 24 jordbruket
787 1735 36 20 för
839 1742 28 13 av
883 1736 52 19 dess
952 1735 95 20 utövare

207 1766 78 25 erlagd
297 1765 142 25 energiskatt
450 1765 36 20 för
497 1765 202 24 motorbrännolja
711 1765 33 20 till
756 1765 116 20 traktorer
884 1765 12 20 å
907 1765 140 25 tilläggsstat

207 1795 20 20 II
241 1795 12 20 2
263 1795 42 20 000
315 1795 41 20 000
370 1795 34 20 kr.
417 1796 61 19 samt
491 1795 123 25 medgiver,
627 1796 34 19 att
673 1794 178 25 ifrågavarande
864 1794 83 25 belopp
960 1794 37 20 må
1010 1800 37 14 av-

208 1825 72 20 sättas
294 1825 36 20 för
342 1825 114 20 täckande
469 1831 27 14 av
509 1825 157 20 kostnaderna
678 1824 37 20 för
727 1824 151 20 individuella
889 1824 82 25 bidrag
982 1824 7 20 i
1001 1824 45 20 anl.

206 1861 28 14 av
244 1855 118 20 skadorna
372 1854 12 20 å
396 1854 53 21 1957
460 1854 37 20 års
508 1854 78 20 skörd.

178 1890 10 14 3
207 1884 39 20 RD
265 1884 136 25 godkänner
419 1884 87 25 förslag
524 1884 6 20 i
549 1884 45 20 anl.
614 1890 27 14 av
659 1884 44 20 vad
721 1884 7 20 i
746 1883 301 26 jordbruksanslagsutred-

206 1914 99 25 ningens
325 1914 147 20 betänkande
493 1913 91 21 anförts
605 1913 148 21 beträffande
774 1913 273 26 bidragsverksamheten

206 1944 53 20 med
278 1943 74 21 medel
371 1950 28 13 ur
417 1943 104 26 anslaget
539 1943 85 26 Bidrag
642 1943 35 20 till
696 1943 188 25 markkartering
901 1943 43 20 och
962 1943 85 25 grund-

206 1973 121 26 kalkning.

178 2009 10 14 4
206 2003 40 20 RD
265 2003 94 20 anvisar
377 2003 34 20 till
429 2003 81 24 bidrag
528 2003 34 20 till
580 2002 319 25 produktionsbefrämjande
917 2002 107 25 åtgärder
1041 2003 6 20 i

206 2033 116 20 Norrland
339 2038 29 14 m.
385 2038 30 15 m,
432 2032 62 20 1250
504 2032 42 20 000
562 2032 34 20 kr.
612 2032 44 20 och
671 2032 77 20 avslår
763 2032 115 20 motioner
893 2033 51 19 med
961 2032 87 25 förslag

207 2063 34 20 att
260 2062 82 25 bidrag
361 2061 72 21 måtte
453 2062 80 20 kunna
552 2061 56 25 utgå
627 2061 53 20 från
700 2061 104 25 anslaget
823 2062 57 20 även
899 2062 35 20 till
954 2062 51 20 stöd
1025 2061 23 20 åt

206 2091 391 27 grundkalkningsverksamheten,
620 2091 186 26 tjurhållningen
829 2093 60 19 samt
912 2091 67 25 svin-,
1003 2091 45 20 får-

1192 150 99 30 Motioner
1349 150 78 30 Utskott
1511 167 3 3 é
1593 154 90 17 Protokoll

1068 175 24 20 År
1088 171 20 32 |
1115 178 53 21 Prop.
1476 167 32 40 Pr
1695 190 41 3 i

1199 208 29 17 FK
1231 203 25 31 |
1263 209 32 16 AK
1317 207 86 18 |SmllAvd]
1427 209 26 16 Nr
1573 208 30 17 FK
1672 209 32 16 AK

1069 397 30 22 571
1120 399 42 20 184
1191 399 41 21 1561
1257 400 42 20 [707]
1327 400 27 20 10)
1377 411 25 3 —|
1432 400 144 20 391391129:
1592 400 141 20 66dl/29:148d

1069 428 23 22 H
1192 429 42 21 562
1232 425 22 34 |
1257 429 43 21 708

1257 460 43 20 710

1067 1052 31 22 571
1120 1055 42 20 194
1191 1055 42 20 1567
1241 1048 14 37 |
1257 1055 43 20 716]
1327 1055 26 21 10)
1376 1067 26 2 —|
1432 1055 28 21 40
1482 1055 94 20 1402130:
1592 1055 141 20 62d/30:122d

1069 1083 23 21 H

1070 1676 30 22 58)
1116 1679 35 19 2:7
1210 1690 27 3 —|
1276 1690 26 3 —1]
1327 1679 27 20 10]
1377 1690 26 3 —
1448 1678 78 20 21-541
1557 1679 20 20 5:
1593 1683 22 15 35
1624 1673 23 36 |
1657 1679 20 20 5:
1694 1683 20 15 71

1137 1712 10 16 3
1451 1713 10 15 3

1070 1735 30 22 581
1116 1738 35 20 2:7
1211 1749 26 3 —|
1277 1750 25 2 —1
1327 1738 27 20 101
1377 1750 25 2 —
1447 1738 13 19 "41
1498 1738 27 20 721
1557 1738 20 20 6:
1592 1742 21 16 31
1625 1734 22 34 |
1657 1738 20 20 '6:
1693 1742 22 16 59

1138 1772 9 15 5

1070 1884 30 22 58
1118 1886 48 20 1:11]
1211 1886 90 21 —12551
1328 1887 26 20 10)
1376 1898 26 3 —
1449 1886 9 20 11
1513 1886 64 21 "91:
1593 1891 21 15 73
1644 1886 71 21 H1:129

1132 1920 22 16 26
1439 1921 20 15 21

1071 2003 29 22 581
1117 2005 49 20 1:11
1192 2005 43 20 12651
1258 2005 43 20 3331
1328 2005 26 21 10)
1377 2017 25 3 —
1448 2006 10 19 1
1513 2005 64 21 9111:
1593 2005 141 21 73dl11:129d

1132 2039 22 16 27
1439 2040 23 15 22
