1855 2367
171 145 42 20 168
904 152 136 16 SAKREGISTER

1497 221 53 17 Riks-

1487 247 73 30 dagens
1617 251 118 17 Kamrarnas

1492 277 55 30 skri-
1601 281 147 22 förhandlingar

1494 311 62 17 velser

1333 239 91 17 Utskotts-

1160 265 107 31 Motioner
1318 269 113 17 utlåtanden

1294 299 47 17 eller
1354 299 98 17 memorial

1056 327 22 64 1883
1052 245 35 74 PpSAIA

1114 292 18 105 198[9ALYS
1114 232 18 48 199

1134 363 16 54 ”doad
1134 290 22 65 sy:fe
1134 215 21 70 13unY

1590 364 67 18 Första
1664 360 20 32 |
1691 364 66 18 Andra

1175 377 87 17 FREJA
1586 389 71 17 kamm.
1659 385 24 31 |
1688 389 70 17 kamm.

1287 359 18 57 "TWBg

1329 364 18 50 "Pay.

1384 372 13 31 Zz
1496 376 17 16 Zz

1383 395 11 8 4
1496 395 11 8 4

1443 367 17 44 BpIs

1544 367 17 44 vpIs

186 428 169 28 Avsöndringar
371 437 26 14 m.
414 437 27 14 m.

230 460 99 27 försäljas
346 460 50 20 med
410 460 106 21 förbehåll
527 467 34 14 om
573 463 43 19 rätt
626 461 33 20 för
670 461 106 21 Vetlanda
787 461 238 27 belysningskommitté
1040 462 56 20 |1925

231 490 40 20 och
287 490 107 21 Vetlanda
409 490 48 21 stad
473 493 31 18 att
517 491 55 20 hava
582 491 115 21 elektriska
708 491 111 26 ledningar
829 491 137 27 framdragna
976 494 50 18 över

230 520 127 26 lägenheten
380 520 88 27 jämlikt
490 521 139 21 resolutioner
648 521 41 20 den
706 521 27 21 18
749 522 43 20 okt.
812 521 54 21 1907
884 522 39 20 och
940 522 41 20 den
997 522 26 20 31

231 550 45 20 dec.
294 549 63 21 1920.

174 608 23 16 17
215 604 38 20 RD
276 604 116 26 medgiver,
416 606 32 19 att
466 605 65 20 sedan
547 605 199 26 kronoegendomen
762 603 27 29 !/,
806 605 82 21 mantal
904 606 51 20 Ulås
971 613 25 13 nr
1012 606 12 19 3
1027 599 10 38 |
1064 614 8 10 »
1112 605 42 20 1206
1280 605 25 20 10
1384 605 34 20 66)
1458 604 67 21 31259)
1551 610 9 15 21
1591 604 69 20 32:47
1665 600 15 39 |
1685 604 34 20 34:
1731 609 37 15 164

230 634 134 26 Norrgården
380 635 7 19 i
403 635 107 26 Voxtorps
526 635 77 20 socken
623 635 63 21 blivit
701 642 76 19 genom
793 636 154 26 ägostyckning
962 636 63 20 delad
1116 640 34 23 p.6

230 664 7 20 i
253 664 36 20 två
305 664 7 20 i
328 664 232 27 statsrådsprotokollet
576 665 91 26 angivna
678 665 69 26 lotter,
759 665 41 21 den
811 666 46 25 lott,
869 672 46 14 som
927 666 12 20 å
950 666 74 20 kartan

231 694 102 20 omfattar
349 694 144 27 ägofigurerna
509 702 25 13 nr
551 695 68 20 1—61
639 702 35 14 om
691 696 78 20 24.270
787 696 81 24 hektar,
880 697 36 19 må
926 696 99 26 försäljas

231 724 50 20 med
297 724 149 21 hembudsrätt
461 725 33 20 för
509 725 21 20 P.
548 725 28 20 H.
593 725 125 21 Pettersson.

201 779 63 20 Inom
281 778 96 21 Kalmar
392 779 45 20 län:
1314 796 2 2 I

175 813 24 15 18
216 809 39 20 RD
270 808 115 27 medgiver,
402 811 31 18 att
448 809 175 26 torplägenheten
639 810 121 26 Gränsborg
776 810 36 20 må
827 810 50 20 med
892 810 8 20 i
916 810 108 20 statsråds-
1028 804 14 36 |
1063 819 8 10 »
1082 804 28 36 |
1120 810 26 20 57
1279 809 24 20 10
1314 807 2 8 |
1384 809 25 20 31|
1458 808 102 21 4ljll3lis]
1591 808 68 19 22:17
1663 804 14 36 |
1692 808 70 20 25:50

232 839 128 26 protokollet
379 839 85 26 angivet
479 839 86 20 område
581 846 35 14 om
634 839 63 21 1.520
714 840 76 20 hektar
806 840 47 20 från
869 840 155 26 kronoegendo-
1116 844 34 23 p.4

232 875 49 14 men
299 869 10 20 1
327 869 81 20 mantal
424 869 128 20 Kronobäck
568 876 26 13 nr
611 869 10 20 1
639 869 50 20 med
708 869 8 20 1
735 870 82 20 mantal
833 870 121 26 Kvarntorp
971 877 25 13 nr
1013 869 10 20 1

231 899 8 19 i
255 899 117 20 Mönsterås
388 899 77 20 socken
481 899 123 27 frånskiljas
620 900 40 20 och
676 900 98 26 försäljas
790 900 50 20 med
856 900 123 26 skyldighet
992 900 33 20 för

231 929 79 26 köpare
323 931 37 22 att,
377 935 35 14 om
429 929 157 20 vederbörande
601 930 129 25 jägmästare
742 930 23 20 så
776 929 116 26 påfordrar,
906 930 26 26 på
945 936 26 14 av
982 930 42 26 jäg-

231 960 107 19 mästaren
354 959 94 26 godkänt
463 960 42 19 sätt
520 960 92 26 uppföra
627 959 85 26 hägnad
722 960 8 19 i
741 961 80 25 torpets
836 961 63 24 gräns
909 962 46 18 mot
966 966 59 19 egen-

232 988 78 21 domen
326 989 6 20 i
349 989 73 26 övrigt.

174 1047 24 16 19
217 1043 37 20 RD
271 1043 114 26 medgiver,
401 1045 31 18 att
448 1043 41 20 den
506 1043 34 20 del
556 1050 26 13 av
598 1043 125 20 hemmanet
739 1042 27 28 !/,
781 1043 81 20 mantal
879 1039 111 24 Österhult
1000 1050 25 13 nr
1028 1035 10 39 |
1064 1051 8 11 »
1081 1035 30 39 |
1120 1043 26 20 57
1280 1042 26 20 10
1384 1042 27 20 31!
1459 1041 103 21 4l1l13l18]
1593 1040 68 21 22:17]
1694 1041 69 20 25:50

233 1072 9 20 1
261 1073 8 19 i
284 1072 128 20 Rumskulla
435 1073 84 23 socken,
543 1079 46 14 som
606 1073 12 19 å
633 1073 42 20 den
691 1073 7 19 i
714 1072 88 21 ärendet
824 1072 110 21 företedda
950 1073 74 20 kartan
1117 1077 33 22 p.5

232 1102 124 20 betecknats
379 1102 50 21 med
447 1102 137 20 rödstreckad
600 1102 104 26 kantfärg,
721 1102 50 20 med
787 1102 51 20 därå
854 1103 110 25 befintliga
979 1103 44 19 kro-

232 1139 42 13 nan
290 1132 109 26 tillhöriga
414 1132 122 27 byggnader
551 1133 36 19 må
602 1132 125 27 frånskiljas
738 1133 181 20 stamhemmanet
929 1133 40 20 och
980 1134 45 18 mot
1530 1138 2 6 I

231 1169 27 13 en
274 1162 143 26 köpeskilling
433 1169 25 14 av
475 1162 27 20 13
512 1162 42 20 840
570 1162 31 20 kr.
617 1162 100 27 försäljas
732 1162 34 21 till
782 1163 25 19 A.
824 1162 19 21 J.
860 1162 92 21 Nilsson.

173 1226 26 16 20
216 1221 38 20 RD
269 1221 115 27 medgiver,
408 1224 31 18 att
462 1222 89 20 Kalmar
573 1224 131 23 regementes
727 1222 151 20 förutvarande
900 1222 125 26 mötesplats
1028 1217 14 36 |
1064 1230 8 10 >
1113 1222 41 20 |146
1280 1221 25 20 10
1383 1221 29 20 48
1484 1220 40 20 241
1592 1219 69 21 27:35
1664 1215 19 36 |
1694 1215 33 36 30:
1739 1225 22 15 91

231 1251 113 21 Hultsfred
360 1252 68 26 jämte
439 1252 51 20 därå
500 1252 113 26 uppförda,
624 1252 82 20 kronan
718 1252 107 26 tillhöriga
837 1252 127 26 byggnader,
976 1252 49 20 med

231 1281 111 26 undantag
357 1288 25 14 av
399 1282 12 20 å
426 1281 97 21 området
539 1282 96 25 befintlig
649 1281 313 28 landstormsförrådsbyggnad
976 1281 49 21 med

231 1311 129 21 tillhörande
379 1314 61 22 tomt,
457 1312 36 20 må
508 1312 100 26 försäljas
624 1312 33 20 till
673 1312 89 19 Kalmar
777 1312 47 19 läns
840 1318 62 14 norra
917 1311 109 26 landsting

231 1341 33 20 för
280 1348 25 13 en
321 1341 144 27 köpeskilling
480 1348 27 14 av
524 1342 42 19 144
575 1341 42 21 856
634 1341 30 20 kr.

1673 1363 2 29 |

174 1400 24 16 21
216 1395 38 20 RD
270 1395 114 26 medgiver,
408 1397 32 18 att
463 1402 26 14 av
512 1395 199 26 kronoegendomen
731 1393 64 29 51$/,;
812 1395 82 20 mantal
910 1395 115 26 Borgholm]
1064 1403 8 11 >
1113 1395 41 20 1206
1280 1394 26 20 10
1384 1394 27 20 66
1413 1388 19 36 |
1459 1393 67 21 31259]
1551 1399 9 15 3]
1592 1392 69 21 32:47
1665 1388 15 36 |
1685 1392 34 20 34:
1731 1397 38 16 164

231 1431 26 14 nr
272 1425 20 24 8,
308 1425 67 26 jämte
398 1425 127 26 lägenheten
547 1425 114 26 Borgholm
686 1432 25 13 nr
727 1425 19 24 7,
770 1432 25 13 en
812 1425 106 26 trädgård,
935 1425 7 20 i
958 1425 67 26 Repp-
1117 1430 33 22 p.7

231 1454 56 27 linge
303 1455 77 20 socken
396 1456 36 19 må
448 1455 45 20 dels
509 1455 98 26 försäljas
623 1455 7 20 i
642 1454 231 27 statsrådsprotokollet
883 1455 143 20 omförmälda

231 1484 150 26 lägenheterna
403 1485 120 26 Nybygget,
546 1485 167 25 Johannesberg,
738 1485 105 20 Dammen
866 1485 39 20 och
923 1484 103 21 Hemmet
1274 1508 1 4 |
1673 1488 1 25 |

231 1516 57 19 samt
298 1514 150 26 lägenheterna
456 1515 40 20 litt.
510 1515 67 19 A—D
588 1514 126 27 (Nybygget,
725 1514 107 21 Dammen
843 1516 56 18 samt
909 1514 40 21 litt.
959 1515 15 20 C
985 1515 39 20 och
1357 1512 1 16 |

231 1544 19 20 D
266 1544 50 20 med
331 1544 101 20 områden
444 1545 7 19 i
462 1544 95 26 enlighet
573 1544 49 20 med
638 1544 41 20 vad
695 1551 26 13 av
737 1544 234 26 departementschefen
985 1545 39 19 för-
1356 1541 2 22 |

231 1574 71 20 ordats
324 1576 56 19 samt
402 1574 166 26 Johannesberg,
591 1574 103 21 Hemmet
716 1576 55 18 samt
794 1574 40 20 litt.
852 1575 19 19 A
887 1574 39 20 och
944 1574 15 20 B
976 1574 48 20 med
1356 1571 2 31 I

231 1604 102 20 områden
344 1604 7 20 i
362 1604 94 26 enlighet
471 1604 50 20 med
537 1604 271 26 uppskattningsmännens
819 1604 93 26 förslag),
924 1606 100 18 ävensom
1356 1606 2 39 |

231 1636 31 18 ett
277 1634 8 20 i
301 1641 83 13 samma
400 1634 106 26 protokoll
522 1634 124 20 omförmält
662 1634 86 20 område
762 1641 34 13 om
810 1633 63 21 6.666
886 1634 82 25 hektar,
980 1634 44 20 sist-
1273 1640 1 17 I

231 1663 95 21 nämnda
341 1664 99 25 lägenhet
456 1664 49 20 med
520 1664 151 20 hembudsrätt
686 1664 32 20 för
734 1664 27 20 H.
778 1664 93 24 Nilsson,
885 1664 45 20 dels
941 1664 39 20 ock
991 1664 33 20 till
1273 1664 1 26 |

231 1694 27 20 H.
276 1694 39 20 M:t
331 1694 141 26 Drottningen
488 1694 49 20 med
553 1694 156 26 nyttjanderätt
725 1694 104 20 överlåtas
847 1696 52 18 utan
917 1694 67 26 avgift
995 1696 30 18 ett
1272 1702 2 17 I

230 1724 8 20 i
254 1724 232 26 statsrådsprotokollet
503 1724 125 20 omförmält
646 1724 87 20 område
748 1730 36 14 om
801 1724 48 21 5.97
867 1724 76 20 hektar
958 1724 67 26 jämte
1272 1722 2 24 |

231 1753 41 21 den
289 1760 16 14 s.
319 1754 20 20 k.
356 1754 202 26 Näktergalsstigen,
574 1754 23 20 så
613 1754 61 26 länge
690 1753 96 21 området
801 1753 108 21 användes
925 1754 33 20 för
973 1755 31 19 ett
1018 1754 6 19 i
1272 1752 2 28 |

231 1783 232 27 statsrådsprotokollet
478 1783 123 21 omförmält
617 1784 101 20 vilohem.

201 1843 63 20 Inom
283 1842 107 21 Gotlands
405 1843 45 20 län:

173 1878 25 15 22
215 1873 38 20 RD
276 1873 129 26 godkänner,
421 1873 7 20 i
444 1873 42 20 vad
509 1879 60 14 avser
584 1872 127 27 försäljning
726 1879 26 14 av
768 1874 68 19 staten
853 1872 95 26 tillhörig
964 1873 60 20 mark
1026 1868 10 35 |
1063 1880 8 10 >»
1079 1868 31 35 |
1118 1872 28 20 46
1279 1871 25 20 10

230 1902 49 21 med
296 1902 51 21 därå
363 1902 109 26 befintliga
488 1902 158 26 anläggningar,
666 1904 31 18 ett
711 1903 8 19 i
733 1902 233 26 statsrådsprotokollet
981 1909 43 14 om-

230 1932 88 20 förmält
336 1932 80 20 mellan
435 1934 81 19 statens
532 1932 105 26 lagerhus-
653 1932 40 20 och
708 1932 177 27 fryshusstyrelse
904 1934 56 18 samt
976 1932 48 20 Got-

230 1962 92 20 ländska
345 1962 151 20 lantmännens
519 1962 179 26 centralförening
716 1969 28 13 m.
762 1962 20 20 b.
805 1969 20 19 p.
846 1969 17 13 a.
881 1962 41 20 den
939 1962 12 20 9
970 1964 53 25 sept.

232 1991 57 21 1924
301 1993 110 25 upprättat
422 1992 112 25 köpeavtal
545 1992 50 20 med
606 1992 7 20 i
624 1999 84 13 samma
718 1992 106 26 protokoll
836 1992 94 20 förordat
940 1992 83 26 tillägg;

231 2022 39 20 och
286 2022 94 20 besluter
395 2022 44 25 RD,
457 2024 31 18 att
502 2021 119 27 inflytande
636 2021 234 27 köpeskillingsbelopp
881 2021 55 21 skall
947 2021 77 21 inleve-

230 2058 56 14 reras
301 2052 35 20 till
351 2051 210 26 riksgäldskontoret.

1384 1870 26 20 16
1499 1870 26 20 75
1584 1870 32 20 18:
1629 1870 40 20 19d|
1692 1865 34 34 20:
1730 1865 30 34 21
