1863 2362
183 157 42 20 310
915 164 135 15 SAKREGISTER

1344 252 70 17 Tent
1510 234 53 18 jr

1229 281 4 4 ;
1287 267 1 6 I
1394 253 43 16 öMte:
1487 258 85 33 dagens
1630 264 117 17 Kamrarnas

1187 277 94 29 Motioner
1332 277 111 29 utlåtanden
1531 300 5 2 SS
1625 296 7 3 -
1707 294 3 3 ä

1287 308 1 12 |
1443 312 3 3 Å
1514 290 47 30 skri-
1615 294 145 22 förhandlingar

1309 311 47 18 eller
1368 312 99 17 memorial

1287 335 1 6 i
1506 324 63 18 velser

1369 366 2 18 I

1396 389 17 18 A

1396 408 12 9 =

1455 380 17 19 21
1529 390 1 14 |
1557 380 17 18 2)
1603 378 67 18 Första
1686 394 1 3 |
1705 362 64 34 Ändra

1518 400 8 7 ÅA

1455 400 18 25 &
1474 396 22 34 |
1509 408 11 9 >
1531 396 22 34 |
1557 401 17 25 &]
1600 403 71 17 kamm.
1686 401 1 8 |
1702 403 70 17 kamm.

1071 256 23 146 188S3LpsNIA

1129 304 17 105 198[9ALLYS
1129 244 17 48 199

1148 375 17 54 "doxd
1143 305 32 72 sy:len
1148 246 22 45 Bun

1298 361 20 22 ?

1190 390 26 17 FK
1233 389 1 12 |
1233 361 45 58 Jag
1280 361 34 69 ]E

1324 379 51 54 CpaAv

200 438 341 29 Bostadskreditföreningar;
557 448 21 14 se
595 440 253 26 Bostadskreditkassan,
866 441 101 21 Svenska.
1233 432 1 34 |

181 515 1 3 |
200 493 297 27 Bostadskreditskassan,
513 494 115 22 Svenska.

230 526 38 20 RD
292 528 86 24 antager
400 526 33 20 för
456 526 33 20 sin
511 526 35 20 del
561 526 79 26 förslag
655 525 33 21 till
704 525 123 27 förordning
843 532 34 14 om
895 526 95 20 Svenska
1006 526 33 20 bo-
1055 527 56 23 1929]
1127 528 42 21 214
1185 529 41 21 [286
1233 530 46 30 437
1306 529 12 21 8

245 556 208 21 stadskreditkassan
461 556 40 20 och
509 562 34 14 om
554 555 286 27 bostadskreditföreningar;
849 556 39 20 och
896 556 93 20 besluter
995 556 44 25 RD,
1185 559 40 21 289
1233 562 1 22 |
1233 545 47 36 449

245 588 32 19 att
291 586 48 20 från
355 586 204 26 riksgäldskontoret
574 586 60 21 skola
649 586 33 20 till
699 586 95 21 Svenska
805 586 235 21 bostadskreditkassan
1185 590 49 24 291
1224 583 6 35 /

245 617 71 20 såsom
337 616 48 21 dess
403 616 123 26 grundfond
542 616 134 20 överlämnas
692 616 91 20 svenska
799 617 80 19 statens
895 616 47 27 fyra
958 616 39 21 och
1014 623 26 13 en
1490 620 1 12 |

246 646 51 21 halv
313 648 88 24 procent
409 646 145 26 obligationer,
563 646 148 27 ouppsägbara
721 646 48 20 från
780 646 156 21 innehavarens
945 646 52 25 sida,
1007 646 33 21 till

245 678 31 19 ett
292 676 114 21 nominellt
424 676 78 27 belopp
518 683 26 13 av
561 676 27 20 30
597 676 43 20 000
650 675 42 21 000
709 676 30 20 kr.
757 675 50 21 med
822 677 42 19 rätt
875 676 32 20 för
916 676 77 20 kassan
1009 677 32 19 att

245 706 67 26 enligt
323 706 190 21 bestämmelserna
527 706 7 20 i
545 706 151 25 förordningen
708 706 82 26 förfoga
805 707 49 19 över
865 706 173 26 obligationerna.
1233 716 2 2 I
1328 713 1 4 I
1486 705 6 24 I
1685 716 2 13 I

258 741 23 17 Se
294 741 35 17 ock
343 740 147 20 Ekonomiska
503 741 132 22 föreningar
648 740 68 23 (1929),
730 741 192 18 Kommunalskatt
935 740 68 24 (1929).

201 786 260 27 Bostadslånefonden;
478 796 22 14 se
515 788 226 29 Bostadsproduktion
755 789 72 26 (1922:
839 794 17 19 2;
872 789 90 25 1923:1;
976 790 63 24 1924;

232 820 63 20 1925:
308 820 24 26 2).
1436 816 1 16 |

201 866 247 27 Bostadslägenheter
477 868 20 20 åt
525 867 111 27 lapparna;
667 873 22 14 se
717 865 120 29 Lappland
866 866 37 22 och
931 866 109 29 lapparna
1329 858 33 43 ES
1436 868 52 25 EA
1686 880 1 10 |

245 898 114 26 (2908:1);
1329 920 1 4 jo
1487 900 1 4 far
1686 896 1 12 |

1348 530 75 20 11-08

1328 366 1 35 |

1328 403 1 10 I

1328 415 18 21 pe
1686 423 1 12 |

1328 444 1 41 |
1686 444 2 45 |

1328 481 159 43 KR
1686 496 2 45 |

1328 525 1 60 |
1496 530 41 20 308
1597 526 33 34 37:
1642 530 46 58 SN
1698 530 84 20 43:128d

1328 581 1 36 |
1686 589 1 36 |

1686 629 1 17 I

1686 653 1 11 I

201 950 249 27 Bostadslägenheter
465 952 22 20 åt
503 951 176 21 underofficerare
696 951 36 21 vid
744 951 160 21 Västerbottens
913 954 126 23 regemente;
1234 937 1 3 |
1287 948 43 24 SN:
1370 936 1 5 |
1487 957 6 7 II

247 989 21 14 se
285 981 82 22 Armén
382 981 72 27 (1921:
466 982 40 25 24).
1234 987 1 4 |

201 1033 201 24 Bostadsnämnd,
419 1037 88 22 statens;
518 1042 21 14 se
550 1034 166 21 Lönenämnder
727 1034 37 21 och
776 1034 172 27 bostadsnämnd,
960 1037 80 19 statens
1180 1016 2 45 |
1329 1027 1 13 |
1437 1038 52 26 RR
1543 1017 2 46 |
1687 1035 1 6 |

245 1065 75 26 (1923;
340 1065 92 24 1924:1;
451 1065 93 23 1925:-2;
563 1064 93 24 1926:2;
674 1064 62 21 1927:
748 1070 18 18 2;
780 1064 65 24 1928;
859 1064 66 25 1929;
939 1064 99 26 1980:.2).
1234 1075 1 21 |
1329 1076 1 7 I
1488 1078 1 38 |
1543 1065 2 30 |
1687 1043 1 53 |

201 1117 110 22 Bostads-
323 1117 46 21 och
377 1116 192 27 trafikproblem,
579 1118 147 24 städernas;se
735 1117 189 27 Interpellationer
932 1118 72 26 (1930:
1016 1118 23 27 7).
1049 1134 1 16 |
1270 1119 10 7 NS
1370 1116 2 5 |
1437 1117 1 11 FS
1687 1098 1 60 |

201 1171 193 27 Bostadsohyra;
410 1179 22 13 se
448 1171 218 27 Hälsovådsstadgan
681 1171 81 26 (1930).
1687 1166 1 50 |

1488 1144 2 12 I

1233 1184 98 49 a
1436 1198 2 14 |

201 1220 260 35 Bostadsproduktion.
1233 1224 2 23 I
1329 1241 2 3 I

204 1262 7 15 1
231 1257 36 20 RD
291 1255 141 27 bemyndigar
454 1255 61 21 KM:t
539 1256 31 19 att
589 1254 131 21 beträffande
739 1256 58 19 ännu
813 1255 153 26 odisponerade
983 1255 58 21 delar
1055 1256 55 23 1921]
1135 1258 26 21 53
1234 1248 1 73 |
1308 1246 23 34 6|
1385 1258 40 20 TOG
1500 1257 41 21 194
1598 1258 33 20 32:
1642 1253 51 36 53d|
1700 1257 32 21 39:
1744 1257 40 21 56d

1234 1281 97 57 Fn

1234 1342 1 37 |
1329 1360 2 59 |
1488 1376 1 23 |

1329 1420 1 6 |
1487 1414 2 16 I

1329 1428 2 25 |
1487 1439 2 9 I

1487 1467 2 12 I

245 1293 26 14 av
287 1286 26 21 de
330 1287 51 19 utav
398 1285 56 21 1920
471 1286 33 19 års
520 1285 85 25 riksdag
621 1285 33 20 till
672 1284 134 27 uppförande
822 1291 26 14 av
865 1285 127 20 bostadshus
1008 1286 33 19 för

181 1315 2 26 |
245 1317 132 26 tjänstemän
393 1315 36 21 vid
446 1315 128 27 postverket,
592 1314 167 27 telegrafverket,
777 1316 80 19 statens
872 1315 113 26 järnvägar
1000 1315 40 20 och

182 1360 1 15 |
245 1348 80 19 statens
342 1345 175 21 vattenfallsverk
533 1346 13 19 å
554 1345 114 20 riksstaten
677 1345 33 20 för
717 1345 24 20 år
751 1344 54 20 1921
816 1345 39 20 och
867 1345 9 19 å
875 1345 165 26 tilläggsstaten

182 1376 1 3 |
245 1377 33 19 för
293 1377 23 19 år
333 1375 56 21 1920
406 1375 101 21 anvisade
522 1374 216 26 reservationsanslag
754 1381 35 14 om
805 1374 92 27 tillhopa
909 1374 26 21 17
945 1374 43 21 500
998 1375 41 20 000

1787 1313 2 24 I

1787 1343 2 14 |

1787 1358 2 27 I

247 1406 29 20 kr.
294 1406 84 21 besluta
393 1412 36 14 om
445 1405 62 20 dessa
522 1405 81 20 medels
619 1404 121 27 fördelning
755 1404 80 21 mellan
851 1404 78 21 verken
945 1405 40 20 och
996 1407 45 18 när-
1787 1388 1 46 |

246 1443 58 14 mare
334 1435 138 26 användning
494 1435 7 20 i
520 1435 95 26 enlighet
638 1434 49 21 med
707 1435 7 19 i
737 1434 231 26 statsrådsprotokollet
992 1436 49 19 över
1436 1455 1 4 I

246 1465 293 22 kommunikationsärenden
559 1465 41 20 den
617 1464 27 21 28
660 1465 84 26 januari
762 1464 55 21 1921
835 1465 92 25 angivna
942 1465 97 26 grunder.
1234 1466 2 26 I
1329 1459 1 52 |
1436 1462 1 23 |

1241 1524 48 20 1521
1308 1527 11 19 61
1350 1525 75 24 11200
1498 1526 47 26 330)
1605 1527 34 20 46:
1651 1532 24 15 80
1679 1521 15 37 |
1700 1525 32 21 58:
1745 1525 40 21 44d

247 1556 131 26 tionsanslag
394 1556 12 19 å
422 1556 13 19 4
445 1555 42 21 000
497 1555 42 20 000
556 1555 30 20 kr.
612 1554 32 21 till
667 1554 116 21 understöd
807 1555 22 19 åt
848 1554 128 21 kommuner
992 1555 49 20 med
1240 1555 3 4 i
1544 1553 1 3 |

246 1586 51 20 flera
315 1586 33 20 för
366 1585 135 27 uppförande
521 1592 25 13 av
562 1585 56 20 vissa
637 1584 210 27 bostadsbyggnader
863 1585 84 19 anvisas
963 1585 12 20 å
990 1585 50 20 riks-

246 1618 69 18 staten
334 1616 33 20 för
383 1616 23 20 år
426 1615 56 20 1922
498 1615 66 20 bland
577 1615 88 25 utgifter
675 1615 33 20 för
719 1614 162 26 kapitalökning
889 1614 68 21 under
968 1615 72 20 rubrik

182 1409 1 17 I

182 1443 1 77 |

182 1521 1 55 |
204 1532 9 15 2
232 1526 41 21 Till
290 1526 156 25 återbetalning
461 1532 26 14 av
503 1525 36 20 det
554 1525 13 20 å
584 1524 56 21 1920
654 1525 33 20 års
702 1524 127 27 tilläggsstat
840 1524 100 21 anvisade
951 1531 89 14 reserva-|
1080 1534 7 10 »
1128 1516 54 31 |357|

1234 1561 2 35 |

182 1577 1 80 |
1234 1611 2 13 |

249 1645 168 26 »återbetalning
436 1652 27 13 av
479 1645 108 26 tillfälliga
602 1644 131 21 lånemedel»
752 1646 30 19 ett
793 1644 169 26 förslagsanslag,
972 1644 68 26 högst,
1234 1632 2 25 |

182 1663 1 25 |
247 1676 13 19 4
270 1675 42 21 000
322 1675 42 21 000
381 1675 31 20 kr.
429 1676 32 19 att
476 1674 70 21 direkt
561 1675 51 25 utgå
628 1681 26 14 av
671 1670 256 42 byggnadsskattemedel;
939 1674 34 20 till
981 1676 59 19 stats-
1234 1678 2 35 |

182 1705 1 18 I
247 1705 75 26 bidrag
337 1706 22 19 åt
375 1705 128 20 kommuner
519 1704 49 21 med
584 1704 51 20 flera
650 1704 33 20 för
698 1704 134 27 uppförande
843 1711 26 13 av
880 1705 56 20 vissa
948 1694 91 46 bostads-
1050 1698 2 38 |

247 1735 122 27 byggnader
385 1735 84 20 anvisas
485 1735 12 20 å
510 1736 60 18 extra
578 1736 42 18 stat
627 1736 30 18 ett
665 1734 214 25 reservationsanslag
887 1741 25 13 av
922 1733 11 21 1
946 1734 42 20 500
999 1724 39 40 000
1050 1728 2 22 |
1234 1728 2 19 |

246 1765 31 20 kr.
295 1767 31 18 att
342 1765 70 20 direkt
427 1765 51 25 utgå
494 1771 26 13 av
537 1764 259 27 byggnadsskattemedel;
807 1764 33 20 till
848 1763 103 27 åtgärder,
961 1760 91 30 ägnade
1036 1756 16 39 |
1235 1749 1 32 |

247 1797 31 19 att
301 1795 79 27 främja
402 1782 181 43 standardisering
606 1801 26 13 av
655 1794 103 26 hustyper
781 1794 39 20 och
840 1793 202 28 byggnadsdetaljer
1181 1805 1 4 I
1234 1782 2 64 |

1235 1986 1 11 I

1235 2075 1 13 I

247 1832 28 13 m.
292 1832 37 17 m.,
349 1825 84 20 anvisas
449 1825 12 19 å
477 1824 128 26 tilläggsstat
620 1824 33 20 för
668 1824 23 20 år
708 1824 57 20 1921
783 1825 30 19 ett
828 1824 214 26 reservationsanslag

183 1840 1 49 |
245 1862 26 14 av
295 1854 79 21 25000
400 1855 30 24 kr;
455 1854 39 21 och
518 1854 108 26 medgiver
644 1854 38 20 RD
702 1854 62 20 KM:t
778 1855 42 19 rätt
836 1856 31 18 att
883 1854 7 20 i
905 1854 90 26 lämplig
1011 1856 30 18 ut-

183 1899 1 25 |
247 1885 123 26 sträckning
386 1884 113 27 disponera
515 1884 70 21 medel
601 1891 26 13 ur
642 1885 31 19 ett
687 1891 26 13 av
725 1884 112 26 riksdagen
848 1884 13 20 å
872 1883 127 27 tilläggsstat
1009 1884 33 20 för

183 1925 1 34 |
248 1916 23 19 år
288 1915 56 20 1920
360 1915 84 20 anvisat
455 1914 215 26 reservationsanslag
681 1914 12 20 å
705 1914 26 20 75
742 1913 41 21 000
792 1914 32 20 kr.
836 1914 33 20 till
880 1914 162 26 resestipendier

183 1979 2 29 |

183 2013 2 14 |

248 1946 22 19 åt
291 1945 116 20 arkitekter
426 1944 50 21 med
492 1944 50 20 flera
558 1944 33 21 för
606 1944 81 20 studier
703 1944 6 20 i
725 1944 99 20 utlandet
839 1950 26 14 av
881 1944 161 26 bostadsfrågan

248 1975 81 27 jämväl
345 1975 33 20 för
392 1974 80 21 sådana
480 1974 107 23 ändamål,
596 1980 46 14 som
655 1974 6 20 i
671 1974 126 26 föregående
804 1974 69 26 punkt
882 1980 68 17 avses;
961 1974 39 20 och
1009 1980 34 14 an-

247 2005 56 20 visas
320 2005 33 20 till
370 2004 112 21 utförande
498 2011 76 20 genom
585 2003 365 28 ingenjörsvetenskapsakademien
962 2010 25 14 av
998 2004 44 20 tek-

248 2035 59 20 niskt
322 2034 162 27 vetenskapliga
499 2034 184 26 undersökningar
698 2034 28 26 på
742 2033 206 27 byggnadsområdet
960 2034 12 20 å
983 2035 59 19 extra

248 2066 43 19 stat
306 2066 30 19 ett
352 2064 170 26 förslagsanslag,
539 2065 68 25 högst,
624 2064 27 20 85
662 2064 41 21 000
720 2064 30 20 kr.
