1809 2349
161 69 42 21 540

179 248 226 26 Isbrytarverksamhet,
423 248 88 21 Statens.

208 284 41 20 RD
265 284 118 26 medgiver,
400 285 35 19 att
450 290 29 14 av
495 284 38 20 det
549 284 33 20 för
598 284 130 26 budgetåret
746 284 89 26 1946/47
852 284 104 20 anvisade
972 284 100 27 förslags-

178 314 99 26 anslaget
293 314 33 20 till
344 315 83 19 statens
445 313 243 27 isbrytarverksamhet:
707 314 172 20 driftkostnader
896 320 28 14 m.
934 320 29 14 m.
981 314 35 20 må
1034 321 38 13 an-

178 344 84 20 vändas
275 344 44 20 dels
332 345 33 18 ett
377 344 79 26 belopp
468 350 28 14 av
511 344 24 20 15
544 344 41 20 000
597 344 32 20 kr.
642 344 33 20 för
688 344 139 20 bestridande
839 350 28 14 av
879 344 147 20 kostnaderna
1039 344 33 20 för

178 373 133 27 förbättring
319 380 28 13 av
356 373 158 20 ventilationen
524 374 39 20 och
573 373 189 27 uppvärmningen
771 380 28 14 av
808 373 180 27 statsisbrytaren
997 374 73 23 Ymer,

179 404 44 20 dels
235 404 40 19 ock
287 405 33 18 ett
332 403 79 27 belopp
423 409 28 14 av
462 403 27 20 42
498 403 41 21 000
550 404 32 19 kr.
595 403 33 21 för
640 403 139 21 bestridande
791 410 28 14 av
831 404 147 20 kostnaderna
990 404 33 20 för
1034 410 37 14 an-

178 433 111 27 skaffning
300 434 40 19 och
352 433 135 20 installation
498 439 29 14 av
538 433 103 20 ekoradio
652 434 12 19 å
676 434 103 26 fartyget.

208 476 17 19 1.
243 475 42 20 RD
297 475 88 20 anvisar
396 475 32 20 till
440 475 173 20 driftkostnader
624 481 28 14 m.
663 481 28 14 m.
704 475 40 20 370
753 475 41 20 000
806 475 31 20 kr.
850 475 33 26 (f).

206 535 19 20 2.
243 535 42 20 RD
297 534 88 21 anvisar
396 534 33 21 till
441 534 127 27 förhyrning
580 541 28 14 av
620 534 169 27 isbrytarfartyg
803 535 39 20 100
850 535 41 20 000
903 535 31 20 kr.
948 535 32 25 (f).

206 595 19 19 3.
243 594 42 20 RD
304 594 127 26 godkänner
448 594 108 26 riktlinjer
574 595 33 19 för
626 594 174 26 organisationen
819 600 28 14 av
865 596 84 18 statens
968 594 104 27 isbrytar-

178 624 146 20 verksamhet.

206 654 19 20 4.
243 654 41 20 RD
300 654 88 20 anvisar
408 654 32 20 till
459 654 119 20 kostnader
597 654 33 20 för
650 653 105 27 ritningar
770 660 28 14 m.
809 660 28 14 m.
854 654 32 20 till
902 660 25 14 en
944 660 28 20 ny
988 654 84 20 statsis-

178 684 89 26 brytare
280 684 27 20 50
307 679 47 35 000
370 684 32 20 kr.
416 683 35 26 (r).

209 726 17 20 1.
243 726 42 19 RD
298 725 88 20 anvisar
398 725 32 20 till
442 725 167 20 verksamheten
621 725 41 20 800
671 725 41 20 000
723 725 32 20 kr.
769 725 32 26 (f).

206 785 19 20 2.
243 785 42 20 RD
298 784 116 27 medgiver,
428 786 34 19 att
474 791 28 13 av
515 785 37 19 det
565 785 32 20 för
610 785 131 26 budgetåret
754 784 90 26 1948/49
856 784 103 21 anvisade
973 785 99 26 förslags-

178 815 100 26 anslaget
296 814 33 20 till
348 816 84 19 statens
452 814 236 26 isbrytarverksamhet
707 815 35 20 må
761 815 114 20 användas
894 816 33 18 ett
946 814 78 27 belopp
1043 821 28 14 av

179 844 63 27 högst
259 845 39 19 190
299 840 49 35 000
361 844 32 20 kr.
409 844 34 20 för
456 844 140 26 anskaffning
611 845 39 19 och
666 844 134 20 installation
815 850 29 14 av
858 844 126 26 ytterligare
999 844 73 20 radar-

179 874 126 26 utrustning
317 874 34 20 för
363 875 84 19 statens
460 874 175 26 isbrytarfartyg.

207 916 42 20 RD
267 916 144 26 bemyndigar
428 916 64 20 KM:t
508 917 35 19 att
560 916 112 26 uppdraga
690 916 24 20 åt
731 915 233 27 marinförvaltningen
981 917 35 19 att
1034 916 37 21 hos

179 946 227 20 marinverkstäderna
419 946 6 20 i
439 946 133 20 Karlskrona
585 945 90 21 beställa
683 947 33 18 ett
727 947 83 19 statens
822 945 169 27 isbrytarfartyg
1001 946 34 20 för
1045 952 26 14 en

179 976 111 20 beräknad
302 976 94 20 kostnad
408 982 29 13 av
448 976 65 26 högst
526 976 25 20 10
559 976 41 20 068
609 976 41 20 000
662 976 31 19 kr.

208 1018 41 20 RD
263 1017 88 21 anvisar
363 1017 32 20 till
408 1017 167 21 verksamheten
588 1017 41 20 900
638 1017 41 20 000
692 1017 31 20 kr.
738 1017 33 26 (f).

210 1089 16 19 1.
244 1088 41 20 RD
298 1088 88 20 anvisar
399 1088 31 20 till
443 1089 84 19 statens
539 1088 237 26 isbrytarverksamhet
788 1084 39 34 900
830 1084 46 34 000
891 1088 31 19 kr.
936 1088 32 25 (f).

207 1148 19 19 2.
244 1147 42 20 RD
296 1147 88 20 anvisar
394 1147 32 20 till
437 1147 144 20 anskaffande
592 1153 28 14 av
630 1147 126 26 ytterligare
766 1148 34 19 ett
809 1148 84 19 statens
903 1147 169 26 isbrytarfartyg

182 1177 60 20 1500
250 1177 41 20 000
304 1177 32 20 kr.
350 1177 34 25 (r).

194 1207 40 19 "Se
248 1206 40 20 ock
304 1206 180 27 Interpellationer
497 1206 70 26 (1947:
580 1206 40 26 21).

180 1243 70 29 ISÉN,
264 1248 21 20 C.
300 1248 26 20 A.
340 1248 47 24 Th.,
402 1248 230 20 förrådsunderofficer
645 1247 37 21 vid
698 1248 154 20 Strömsholms
866 1247 101 24 ridskola;
983 1253 21 14 se
1019 1247 54 20 Pen-

207 1277 70 20 sioner
290 1277 79 26 (1947).

181 1319 112 24 ISLAND;
306 1325 22 14 se
345 1319 107 20 Traktater
465 1319 70 26 (1945:
548 1321 16 21 2,
581 1319 52 20 1945
644 1319 27 22 H,
688 1319 58 20 1946:
759 1321 16 21 5,
792 1319 59 20 1948:
865 1321 15 20 1,
897 1318 52 21 1948
960 1318 27 21 H:
1001 1318 24 26 1).

180 1361 189 24 ISLANDSSILL;
384 1367 22 13 se
423 1360 180 27 Interpellationer
617 1360 70 27 (1949:
702 1360 52 26 119).

180 1403 113 24 ISRAEL;
305 1409 21 13 se
342 1402 179 27 Interpellationer
533 1402 70 26 (1949:
616 1402 40 26 44).

181 1444 123 25 ITALIEN;
315 1450 21 14 se
351 1444 108 20 Traktater
469 1444 70 26 (1947:
551 1446 17 21 3,
582 1444 59 20 1948:
654 1446 17 21 8,
685 1444 59 20 1950:
756 1444 26 26 3).

181 1486 56 24 IT0;
250 1492 22 14 se
285 1486 186 26 Havanastadgan,
489 1486 108 20 Traktater
609 1485 70 26 (1950:
692 1486 26 25 6).

613 1608 26 26 J.

182 1676 147 24 JACOBSON,
341 1677 24 19 0.
378 1677 33 19 W.
424 1676 30 24 L.,
467 1676 13 20 f.
491 1676 20 20 d.
526 1676 142 26 postbiträde;
681 1682 21 14 se
712 1676 116 20 Pensioner
839 1676 79 25 (1941).

183 1718 146 24 JACOBSON,
355 1718 28 24 S.,
408 1717 167 20 övermaskinist
599 1718 12 19 å
636 1717 283 26 kustbevakningsångaren
943 1717 83 23 Triton;
1051 1723 22 14 se

208 1747 116 21 Pensioner
335 1747 79 26 (1946).

183 1789 162 24 JACOBSSON,
356 1789 29 24 J.,
396 1788 261 27 värmeledningsskötare
668 1789 36 20 vid
716 1790 83 19 statens
809 1788 147 27 etnografiska
967 1794 106 17 museum;

210 1825 21 13 se
244 1818 116 21 Pensioner
371 1818 80 27 (1949).

183 1860 162 24 JACOBSSON,
358 1861 20 19 I.
391 1861 35 23 E.;
438 1866 22 14 se
471 1860 78 20 Lärare
561 1860 79 26 (1941).

183 1902 121 24 JAGARE;
318 1908 21 13 se
354 1901 220 27 Hårsfjärdsolyckan,
589 1901 101 21 Marinen
705 1901 60 26 (1941
779 1902 26 19 H:
821 1901 37 26 13).

183 1944 153 24 JAKOBSON,
349 1943 47 26 Hj.;
409 1950 21 13 se
444 1943 244 26 Olycksfallsförsäkring
700 1943 69 26 (1948:
783 1943 25 26 6).

184 1985 152 24 JAKOBSON,
348 1986 19 19 S.
378 1985 26 20 A.
415 1985 33 24 A.,
459 1985 85 20 biträde
554 1985 12 20 å
577 1985 251 23 häradsskrivarkontor;
839 1991 21 13 se
871 1984 114 20 Pensioner
995 1984 78 26 (1949).

184 2027 168 25 JAKOBSSON,
364 2027 24 20 B.
402 2027 35 24 G.;
450 2033 22 14 se
485 2026 243 27 Olycksfallsförsäkring
740 2027 70 25 (1950:
823 2026 26 26 2).

184 2069 168 24 JAKOBSSON,
365 2069 50 20 Elsa
428 2069 105 26 Augusta,
547 2069 14 19 f.
572 2069 20 20 d.
606 2068 114 21 städerska
733 2068 38 20 vid
784 2068 64 26 högre
861 2068 59 20 allm.
934 2068 122 20 läroverket
1069 2067 6 21 i

211 2098 98 27 Lidingö;
322 2105 22 13 se
354 2098 116 21 Pensioner
481 2098 80 27 (1950).

1227 160 90 16 Motioner
1365 156 89 29 Utskott
1499 172 51 16 Skriv.
1617 160 94 16 Protokoll

1093 180 25 20 År
1115 175 18 35 |
1140 184 54 20 Prop.
1304 195 28 3 =
1340 196 91 2 NERV
1517 177 39 35 2
1562 173 49 35 METER
1684 196 72 2 JE

1221 214 32 16 FK
1260 210 19 29 |
1283 214 36 16 AK
1341 214 37 16 ISml
1378 196 53 53 Avd]
1449 214 27 16 Nr
1595 214 33 16 FK
1693 214 35 16 AK

1092 285 27 19 461
1146 285 36 19 3111
1232 297 27 2 —|
1296 297 28 2 —I
1359 285 61 20 61—1
1444 285 41 20 2751
1509 285 40 20 5241
1574 285 33 20 39:
1619 287 24 18 28
1649 281 22 34 |
1675 285 67 21 39:41

1095 315 20 19 H
1138 322 14 11 Is.
1164 316 37 18 135
1473 317 10 17 8

1092 475 27 21 47)
1143 475 52 20 1:12]
1233 488 27 1 —I
1297 488 27 1 —]
1360 476 56 20 61—]
1461 476 24 19 10]
1526 476 103 20 10122:2
1675 476 69 20 122:18

1140 509 21 19 pt
1171 507 25 17 65
1440 508 112 17 s.291s.12

1102 542 8 12 »
1143 535 52 20 [1:12]
1232 547 27 2 —I
1298 547 27 2 —I
1360 536 60 19 61—]
1461 536 25 19 10]
1525 535 104 20 10122:2
1675 536 69 20 22:18

1140 568 22 20 pt
1171 567 24 17 66
1440 567 112 17 s.291s.12

1102 601 9 12 »
1128 590 14 35 1
1149 594 38 20 1731
1232 595 92 20 —1362]
1360 595 61 19 61—1
1459 595 171 20 921209122:4
1675 595 69 20 122:19

1102 661 9 13 »
1125 650 18 34 |
1147 654 41 20 216]
1232 666 28 2 —|I
1297 666 28 2 —I
1360 655 60 19 61—]|
1447 654 38 21 134]
1510 654 40 20 2961
1575 654 33 20 24:
1619 656 24 17 87
1648 650 22 34 |
1675 654 33 20 24:
1720 657 23 17 97

1092 726 27 20 481
1143 726 53 19 1:12]
1232 738 27 2 —I
1298 738 27 2 —I
1360 726 61 19 61—]1
1461 726 24 20 101
1526 726 117 20 10111:18
1649 722 22 34 |
1677 726 31 20 11:
1719 728 25 17 62

1140 759 21 19 pt
1172 758 22 16 61
1441 763 14 11 s.
1461 754 26 30 29

1102 792 9 12 »
1121 781 22 34 |
1150 785 38 20 113]
1232 797 28 3 —|
1298 797 27 2 —1
1360 785 61 20 61—]
1448 785 102 20 12212531
1575 785 32 20 22:
1619 787 24 18 83
1650 781 18 34 |
1675 785 33 20 22:
1722 787 37 18 106

1431 873 2 10 I

1092 916 27 20 48]
1147 916 42 20 303
1195 903 25 49 |
1233 928 92 2 —|..—]
1360 907 61 41 6|—
1418 903 20 49 |
1445 916 41 20 236
1510 916 40 20 465
1553 903 19 49 1
1575 916 55 20 37::8
1639 903 28 49 1|
1675 916 70 20 37:19

1096 946 62 20 Hl|s.
1171 948 24 17 28
1383 950 2 2 I
1447 953 15 12 $$

1092 1018 28 20 491
1144 1017 52 20 1:12]
1233 1030 27 2 —|
1298 1029 27 2 —I
1361 1018 72 19 61—]
1462 1017 24 20 10]
1526 1017 117 20 10111:18
1653 1013 18 34 |
1678 1018 30 19 11:
1720 1019 24 18 52

1141 1051 21 19 pt
1172 1049 25 17 64
1441 1054 15 11 s.
1463 1050 24 16 26

1092 1088 27 20 50)
1144 1088 52 20 1:12]
1233 1100 27 2 —I
1298 1100 27 2 —I
1361 1089 60 19 61—]
1461 1088 25 20 10]
1526 1088 118 20 10113:99
1646 1084 23 34 |
1678 1088 31 20 13:
1723 1090 38 18 124

1140 1122 22 20 pt
1172 1120 24 17 65
1441 1125 15 11 s.
1463 1120 25 17 28

1103 1154 8 13 »
1143 1148 53 19 [1:12]
1232 1159 27 2 —I|
1298 1159 26 2 —]I
1360 1148 61 19 61—]1
1461 1148 25 19 101
1527 1147 117 20 10113:.99
1649 1143 22 34 |
1678 1148 31 19 13:
1724 1150 37 17 124

1141 1181 21 19 pt
1172 1179 24 17 66
1440 1179 48 17 5.29
