1851 2361
186 157 42 20 388

204 440 177 29 Dyrtidstillägg.

191 687 24 15 12
233 682 37 20 RD
293 682 124 26 godkänner
435 682 26 20 de
477 683 7 20 i
500 682 231 28 statsrådsprotokollet
750 684 49 19 över
815 682 227 21 ecklesiastikärenden

191 1135 23 16 13
232 1131 38 20 RD
286 1131 94 21 besluter
396 1132 132 20 beträffande
544 1132 208 26 befattningshavare
768 1132 94 21 hörande
873 1131 68 21 under
952 1131 32 21 9:e
995 1131 46 24 HT,

192 1531 22 15 14
232 1526 37 20 RD
294 1526 114 27 medgiver,
433 1528 31 19 att
480 1527 68 21 under
572 1527 58 21 tiden
649 1527 10 20 1
676 1527 42 27 juli
738 1526 115 21 1927—30
869 1526 49 26 juni
935 1525 56 21 1928
1007 1526 36 20 må

920 162 136 16 SAKREGISTER

1073 256 22 145 IBS3EPpsAIY

1131 345 18 63 J98[9A
1131 303 17 40 LYS
1131 243 17 48 Ia

1150 374 17 54 "doad
1151 301 22 66 s):le
1150 227 22 64 [3anH

1189 279 95 18 Motioner

1346 249 94 19 Utskotts-

1334 279 112 18 utlåtanden

1311 309 46 19 eller
1369 309 99 19 memorial

1514 230 52 18 Riks-

1503 261 73 22 dagens

1517 291 47 18 skri-

1509 321 64 18 velser

1633 261 118 18 Kamrarnas

1618 291 145 23 förhandlingar

1304 370 17 58 "Tvaeg

1345 375 71 30 Ela

1345 406 65 12 AS

1458 377 18 46 BpIs

1512 386 17 28 IN

1559 377 18 45 BpIs

1606 375 68 18 Första

1603 399 71 18 kamm.

1708 375 65 17 Andra

1704 399 71 18 kamm.

248 478 35 14 om
307 471 158 27 dyrtidstillägg
487 472 23 20 åt
525 472 56 20 vissa
596 471 118 22 lärarinnor
730 472 36 21 vid
782 472 125 20 fackskolan
922 472 34 20 för
971 471 72 27 huslig

248 502 100 20 ekonomi
363 502 7 20 i
386 502 96 27 Uppsala
497 504 57 18 samt
569 501 36 21 vid
616 502 26 20 de
656 502 7 20 i
674 501 232 28 statsrådsprotokollet
916 503 50 20 över
976 502 65 21 eckle-

248 532 168 21 siastikärenden
432 532 41 20 den
491 532 11 20 7
519 532 43 26 jan.
581 531 56 21 1926
654 532 92 27 angivna
761 532 147 20 läroanstalter
931 532 33 20 för
979 532 62 20 utbil-

248 561 70 21 dande
334 568 26 14 av
376 562 117 20 lärarinnor
508 562 7 20 i
526 562 140 24 handarbete;
678 562 39 21 och
730 562 84 21 anvisas
824 562 34 20 till
870 562 135 21 bestridande
1016 568 26 15 av

247 592 144 20 kostnaderna
408 592 33 21 för
460 592 157 27 dyrtidstillägg
633 593 22 20 åt
670 592 95 21 nämnda
780 592 147 27 lärargrupper
943 592 33 21 för
991 592 50 21 bud-

247 623 81 25 getåret
345 620 125 30 1927/1928
487 624 30 19 ett
533 625 60 18 extra
608 622 164 27 förslagsanslag
787 629 26 14 av
830 622 78 20 21400
921 622 41 21 000
979 622 30 20 kr.

248 712 41 20 den
307 712 25 20 11
349 712 53 21 febr.
421 712 56 20 1927
494 712 111 21 förordade
621 712 110 21 allmänna
746 712 120 27 grunderna
876 712 34 21 för
920 712 122 27 beviljande

247 749 26 13 av
290 742 158 27 dyrtidstillägg
463 742 68 21 under
546 743 181 20 ecklesiastikåret
743 741 126 29 1927/1928
886 742 34 21 till
935 742 26 21 de
977 744 65 25 präst-

247 774 57 23 män,
322 779 46 14 som
384 772 70 21 finnas
470 772 143 21 omförmälda
628 773 7 20 i
651 773 61 26 lagen
729 772 40 21 den
782 772 26 21 30
820 779 47 20 aug.
881 772 56 21 1918
948 772 33 27 (nr
993 771 49 29 724)

248 809 46 20 ang.
306 802 218 26 krigstidsunderstöd
540 803 22 20 åt
577 804 82 25 präster
674 803 7 20 i
697 802 137 28 nyreglerade
849 804 95 26 pastorat
954 804 57 19 samt
1021 803 22 20 åt

248 833 57 20 vissa
320 839 17 14 e.
355 839 18 14 o.
390 834 82 25 präster
487 833 40 20 och
542 833 129 21 innehavare
687 840 26 14 av
729 833 124 27 prästerliga
869 832 149 25 emeritilöner,
1035 833 7 20 i

247 862 62 26 lagen
324 862 42 21 den
384 863 25 20 19
426 869 48 14 nov.
487 863 61 20 1910
560 862 32 29 (nr
603 863 51 26 844)
664 869 46 20 ang.
723 863 157 27 dyrtidstillägg
891 863 22 20 åt
923 862 118 21 kontrakts-

247 895 83 24 prostar
346 895 56 18 samt
417 893 7 20 i
441 893 61 26 lagen
518 893 41 21 den
576 893 26 20 21
620 898 48 16 nov.
687 893 56 21 1925
759 893 33 26 (nr
808 893 51 26 455)
874 899 47 20 ang.
938 892 105 21 särskilda

247 922 124 27 lönetillägg
393 923 198 26 (ödebygdstillägg)
615 923 36 20 vid
675 923 56 21 vissa
754 923 124 26 prästerliga
899 923 144 26 befattningar

247 953 59 20 inom
330 953 140 21 Härnösands
494 953 40 21 och
557 953 67 20 Luleå
643 953 56 24 stift;
716 953 39 21 och
773 953 139 27 bemyndigas
927 953 61 20 KM:t
1004 954 37 23 att,

248 982 70 21 därest
334 982 36 21 det
385 983 30 20 tal
432 983 32 20 för
480 983 307 26 levnadskostnadsökningen,
803 984 8 19 i
826 982 134 21 förhållande
971 982 71 22 vartill

248 1013 239 26 statstjänstemännens
511 1013 158 27 dyrtidstillägg
692 1014 67 25 utgår,
780 1013 41 20 blir
839 1013 90 20 föremål
944 1013 33 20 för
992 1012 49 21 änd-

247 1042 53 26 ring,
317 1042 106 24 förordna,
440 1045 32 18 att
487 1043 36 20 det
538 1043 34 20 till
588 1042 26 21 de
629 1043 8 19 i
653 1043 67 26 tjänst
735 1043 93 20 varande
843 1044 152 25 prästmännen
1011 1044 31 19 ut-

247 1072 81 25 gående
344 1072 180 27 dyrtidstillägget
539 1072 55 21 skall
610 1072 94 27 undergå
719 1072 68 27 skälig
802 1073 119 26 jämkning.

248 1163 31 18 att
302 1161 26 21 de
351 1162 33 20 för
400 1162 125 26 budgetåret
542 1160 125 29 1927/1928
683 1162 99 26 gällande
797 1162 111 20 allmänna
923 1161 120 27 grunderna

247 1191 33 20 för
296 1191 158 27 dyrtidstillägg
469 1193 22 19 åt
506 1192 210 26 befattningshavare
727 1193 7 19 i
745 1194 80 19 statens
836 1193 68 26 tjänst
914 1191 61 21 skola
987 1191 55 26 gälla

247 1221 82 27 jämväl
340 1222 33 20 för
383 1222 125 26 budgetåret
520 1222 134 27 1927/1928;
667 1222 40 20 och
718 1222 93 21 besluter
821 1222 44 25 RD,
877 1223 31 19 att
919 1221 123 27 dyrtidstill-

248 1251 47 26 lägg
318 1252 22 19 åt
361 1252 210 26 befattningshavare
586 1252 40 20 och
642 1252 136 26 pensionärer
793 1252 36 21 vid
845 1253 80 19 statens
941 1251 102 21 domäner

248 1281 40 21 och
304 1283 80 19 statens
400 1282 244 26 reproduktionsanstalt
659 1282 52 20 eller
725 1282 37 20 vid
778 1289 26 14 av
820 1281 94 21 nämnda
925 1281 51 21 verk
987 1283 55 19 över-

247 1313 64 24 tagna
327 1312 81 26 företag
424 1312 51 20 eller
490 1312 142 26 inrättningar
648 1312 61 20 skola
723 1312 51 26 utgå
785 1318 26 14 av
822 1311 26 21 de
858 1311 77 25 medel,
947 1318 26 14 av
984 1311 59 21 vilka

248 1341 83 21 verkets
350 1341 51 21 eller
419 1342 161 20 institutionens
599 1341 152 21 omkostnader
766 1342 7 20 i
789 1342 69 25 övrigt
873 1341 113 24 bestridas;
1003 1341 39 20 och

248 1371 84 21 anvisas
351 1371 34 21 till
402 1371 135 21 bestridande
554 1378 26 14 av
595 1371 144 21 kostnaderna
754 1372 33 20 för
802 1371 158 27 dyrtidstillägg
975 1371 22 20 åt
1009 1371 33 20 be-

248 1401 182 26 fattningshavare
446 1401 35 21 vid
498 1401 26 21 de
540 1401 34 21 till
589 1401 286 27 jordbruksdepartementet
890 1401 94 21 hörande
1000 1402 42 19 äm-

248 1431 97 20 betsverk
361 1432 39 20 och
417 1431 61 21 kårer
493 1432 33 20 för
542 1431 125 27 budgetåret
684 1430 127 29 1927/1928
827 1433 31 19 ett
873 1434 60 18 extra
946 1430 96 26 förslags-

247 1461 74 26 anslag
337 1468 26 14 av
380 1461 64 20 1150
454 1461 43 20 000
514 1461 30 20 kr.

247 1556 34 20 till
297 1556 226 21 distriktslantmätare
539 1557 39 20 och
595 1559 59 18 extra
670 1557 127 21 lantmätare
813 1556 50 21 med
874 1556 83 25 arvode,
969 1557 74 19 utöver

247 1586 159 27 dyrtidstillägg
421 1587 27 26 på
464 1587 69 26 grund
549 1593 27 14 av
591 1587 36 20 lön
643 1587 51 20 eller
710 1587 84 23 arvode,
810 1593 26 14 av
852 1586 124 21 statsmedel
992 1586 51 25 utgå

248 1616 92 21 tillskott
356 1616 72 21 därtill
444 1617 28 26 på
487 1616 69 27 grund
572 1623 26 14 av
613 1617 119 20 inkomster
742 1617 33 20 för
785 1617 72 20 arbete
868 1616 66 26 enligt
945 1615 98 27 gällande

247 1646 180 25 lantmäteritaxa,
447 1646 121 21 beräknade
583 1647 33 20 för
631 1646 225 22 distriktslantmätare
872 1646 34 21 till
922 1646 14 20 4
945 1645 42 21 000
1003 1645 39 25 kr.,

247 1676 33 20 för
303 1678 61 18 extra
388 1677 127 20 lantmätare
539 1676 50 21 med
605 1676 77 21 arvode
698 1683 35 14 om
750 1677 13 19 2
762 1676 52 21 000
832 1676 30 20 kr.
879 1675 34 21 till
930 1675 12 21 3
952 1675 42 21 200
1011 1675 31 20 kr.

248 1706 39 20 och
307 1706 32 21 för
358 1708 60 19 extra
434 1706 127 21 lantmätare
577 1706 50 21 med
643 1707 77 20 arvode
736 1713 35 14 om
789 1706 64 21 1500
870 1705 52 21 eller
938 1705 56 21 1000
1011 1705 30 20 kr.

247 1736 34 20 till
297 1736 65 20 2400
379 1736 38 26 kr.,
434 1737 39 20 allt
488 1737 33 20 för
536 1738 24 19 år
575 1737 85 24 räknat;
677 1737 40 20 och
733 1736 115 27 medgives,
866 1738 31 18 att
912 1736 33 20 för
960 1741 83 15 samma

247 1766 32 20 tid
302 1767 36 19 må
361 1766 34 21 till
418 1769 60 18 extra
500 1767 128 20 lantmätare
646 1769 53 18 utan
718 1766 77 21 arvode
811 1773 27 14 av
853 1765 124 21 statsmedel
993 1765 51 26 utgå

246 1796 94 20 tillskott
361 1796 34 21 till
414 1796 118 21 inkomster
548 1796 33 21 för
596 1796 72 21 arbete
684 1797 66 26 enligt
766 1796 189 21 lantmäteritaxan
971 1795 71 20 beräk-

248 1825 54 21 nade
318 1826 33 20 till
368 1826 13 20 2
390 1826 43 21 400
450 1826 30 21 kr.
497 1827 34 20 för
547 1827 31 24 år;
596 1827 38 20 och
646 1827 105 20 förklarar
761 1826 44 24 RD,
817 1827 32 19 att
860 1825 132 21 beträffande
1002 1825 41 20 till-

247 1856 63 24 skott,
327 1862 46 14 som
390 1863 30 14 nu
436 1858 78 23 nämts,
526 1856 26 21 de
564 1856 108 26 angående
683 1856 158 27 dyrtidstillägg
851 1856 32 20 för
894 1854 149 22 motsvarande

246 1885 32 20 tid
301 1885 99 26 gällande
424 1886 162 21 bestämmelser
609 1886 60 20 skola
685 1887 7 19 i
707 1886 130 26 tillämpliga
855 1885 59 20 delar
930 1884 64 21 lända
1009 1884 34 21 till

247 1915 145 25 efterrättelse,
416 1916 50 20 med
489 1918 42 18 rätt
550 1916 33 20 för
599 1916 60 20 KM:t
675 1918 31 18 att
722 1916 99 20 meddela
837 1915 26 21 de
878 1917 98 18 närmare
991 1915 52 20 före-

247 1945 91 25 skrifter,
363 1952 46 14 som
429 1946 74 20 kunna
519 1952 51 14 vara
585 1945 137 27 erforderliga
738 1946 33 20 för
786 1945 139 27 tillämpning
940 1951 27 14 av
982 1945 62 20 dessa

247 1975 170 25 bestämmelser;
434 1976 41 20 och
491 1976 114 26 medgives,
623 1977 31 19 att
670 1976 62 20 KM:t
745 1976 36 19 må
791 1977 39 24 äga
841 1977 37 23 att,
890 1974 50 21 med
950 1974 93 27 tillämp-

247 2005 51 26 ning
313 2005 7 20 i
336 2005 42 20 den
402 2006 51 20 mån
472 2006 23 20 så
510 2006 43 20 kan
570 2005 37 21 ske
624 2012 26 14 av
666 2005 26 21 de
708 2012 46 20 ang.
772 2004 157 28 dyrtidstillägg
945 2004 99 26 gällande

246 2035 99 26 grunder,
361 2035 33 20 för
410 2042 84 14 samma
509 2035 32 21 tid
557 2035 99 26 medgiva
672 2035 92 21 tillskott
780 2042 26 14 av
822 2034 124 21 statsmedel
961 2033 82 28 jämväl

246 2065 22 20 åt
283 2065 282 21 kommissionslantmätare
580 2065 40 21 och
636 2065 46 21 vice
698 2064 287 25 kommissionslantmätare,
997 2070 46 14 som

1057 472 54 22 1927

1130 682 40 21 142

1122 1560 57 23 p.133

1202 1130 26 21 17

1188 1160 41 21 126

1188 1190 40 21 127

1255 1130 27 21 26

1242 1161 40 20 152

1240 1191 42 20 218

1385 682 41 20 123

1295 1130 26 21 10

1295 1524 26 21 10
1399 1523 27 21 82

1499 681 42 21 244

1499 1129 42 20 319

1499 1523 41 21 323

1708 1128 33 21 39:
1745 1124 10 35 1

1605 1523 34 20 41:
1650 1528 25 16 53
1677 1518 23 35 |
1707 1522 33 21 39:
1751 1527 25 16 56
