1848 2365
169 130 42 34 216
902 141 136 16 SAKREGISTER

184 418 167 28 Avsöndringar
366 426 26 14 m.
409 426 27 14 m.

172 454 24 16 59
213 450 38 20 RD
275 449 108 27 medgiver
398 449 127 27 försäljning
541 456 26 14 av
583 450 198 26 kronoegendomen
798 448 28 30 1/,
843 450 81 21 mantal
940 450 82 28 Hallby

229 487 25 13 nr
269 480 14 19 4
299 479 139 27 Storegården
453 480 7 20 i
476 480 121 20 Vänersnäs
613 480 84 20 socken.

171 544 25 16 60
213 540 38 20 RD
267 539 115 26 medgiver,
399 541 31 19 att
445 539 66 21 sedan
526 540 48 20 från
590 538 28 29 !/s
635 540 82 20 mantal
733 540 169 21 Kvinnebacken
921 548 25 13 nr
958 540 10 21 1
982 541 40 20 och

229 569 37 27 1/.,
290 569 82 21 mantal
396 569 194 27 Allmännegården
606 570 8 20 i
629 570 110 20 Trökörna
754 570 78 21 socken
848 571 121 26 avstyckats
986 572 36 19 två

228 600 7 20 i
259 600 232 26 statsrådsprotokollet
513 600 95 20 nämnda
631 600 108 25 områden,
758 600 152 21 innehållande
926 608 25 13 en
968 607 53 14 sam-

234 630 102 26 manlagd
352 630 56 20 areal
424 637 26 13 av
466 629 63 22 8.086
547 630 82 25 hektar,
646 630 116 21 områdena
775 632 36 19 må
825 631 53 20 efter
889 631 68 20 skedd
968 637 53 14 sam-

227 660 153 26 manläggning
402 660 33 20 till
458 666 27 14 en
508 660 101 26 fastighet
631 660 99 27 försäljas
751 660 50 21 med
817 660 147 27 tillträdesdag
979 661 41 20 den

230 689 27 20 14
273 696 57 14 mars
347 689 57 21 1930
421 690 39 20 och
476 690 49 20 med
541 690 150 20 hembudsrätt
706 691 33 20 för
749 691 123 20 nuvarande
884 691 137 20 arrendatorn

228 727 26 13 av
270 720 122 24 områdena,
409 720 24 20 O.
450 720 58 20 Hall.

170 784 24 16 61
212 780 38 20 RD
274 779 115 26 medgiver,
414 782 31 18 att
468 780 125 26 lägenheten
613 780 135 21 Askeslätten
767 780 28 20 11!
814 780 50 21 med
880 787 26 14 en
922 780 57 21 areal
995 787 26 14 av

229 809 78 22 11.728
332 810 76 20 hektar
430 810 8 20 i
456 809 60 21 Råda
534 810 77 20 socken
630 811 36 20 må
682 810 49 20 med
747 810 51 21 därå
814 810 110 26 befintliga
939 811 82 20 kronan

227 840 109 26 tillhöriga
353 840 120 26 byggnader
488 840 105 26 försäljas.

170 905 24 15 62
212 900 38 20 RD
274 899 113 26 medgiver,
410 901 32 19 att
465 899 64 21 sedan
553 900 199 26 kronoegendomen
776 899 28 28 2/,
821 900 81 21 mantal
918 900 104 21 Mebacka

227 936 26 14 nr
270 930 10 20 1
297 930 8 20 i
320 930 119 26 Ransbergs
455 930 77 20 socken
548 930 63 20 blivit
626 930 97 21 fördelad
738 930 7 20 i
761 931 36 19 två
808 930 70 26 lotter,
889 930 41 20 den
942 931 7 19 i
960 932 61 19 stats-

226 960 180 25 rådsprotokollet
428 960 50 20 med
501 960 41 20 litt.
566 961 27 25 A,
616 961 40 19 och
678 961 28 26 Az,
726 960 130 21 betecknade
875 960 73 25 lotten,
964 960 56 21 inne-

227 989 101 21 hållande
345 996 26 14 en
387 990 56 20 areal
459 996 26 14 av
500 990 79 21 44.277
598 990 82 25 hektar,
697 991 36 19 må
747 990 106 27 försäljas.

170 1060 24 15 63
212 1056 38 19 RD
274 1056 108 25 medgiver
404 1056 128 26 försäljning
550 1062 27 14 av
592 1056 200 26 kronoegendomen
808 1055 27 27 ?/,
852 1056 81 20 mantal
950 1051 71 25 Åsaka

228 1092 25 13 nr
270 1085 11 20 7
299 1085 172 26 Stenhusgården
487 1086 7 19 i
511 1081 178 25 Vartofta-Åsaka
704 1086 84 20 socken.

170 1150 25 15 64
212 1145 38 20 RD
274 1145 115 26 medgiver,
413 1147 32 18 att
468 1157 28 2 —
515 1145 66 20 sedan
597 1145 137 20 arrendatorn
750 1152 26 14 av
792 1145 199 26 kronoegendomen
1009 1145 11 20 1

227 1175 82 20 mantal
324 1175 111 26 Källstorp
450 1182 26 13 nr
493 1175 11 20 1
520 1176 8 19 i
539 1175 70 26 Broby
620 1175 77 20 socken
708 1175 19 20 J.
740 1175 99 26 Hagman
850 1175 91 20 medelst
951 1175 70 20 skrift-

227 1205 29 26 lig
272 1204 104 27 handling
391 1205 112 20 förbundit
518 1205 32 26 sig
565 1207 38 23 att,
615 1205 70 20 därest
695 1205 128 26 försäljning
833 1211 26 14 av
870 1205 36 20 det
916 1205 34 20 till
962 1211 59 20 egen-

227 1234 78 21 domen
329 1235 94 20 hörande
446 1236 70 25 torpet
535 1234 85 21 Mossen
638 1235 98 20 kommer
755 1235 33 20 till
805 1234 68 25 stånd,
891 1234 33 21 till
939 1235 82 20 kronan

227 1264 124 21 överlämna
374 1265 7 19 i
405 1264 233 27 statsrådsprotokollet
656 1264 89 21 berörda
761 1265 80 20 honom
857 1264 108 26 tillhöriga
980 1264 41 20 hus

227 1294 36 21 vid
287 1296 69 25 torpet
379 1294 33 20 för
435 1301 27 14 en
485 1294 144 26 köpeskilling
648 1301 26 14 av
691 1294 42 20 500
749 1294 31 20 kr.
798 1306 29 2 —
842 1294 66 26 sagda
922 1296 48 25 torp
986 1295 36 19 må

227 1324 50 20 med
300 1325 7 19 i
330 1324 233 26 statsrådsprotokollet
587 1325 85 25 angivet
690 1324 87 20 område
793 1324 39 20 och
849 1324 50 20 därå
915 1324 107 27 uppförda

228 1354 122 27 byggnader
365 1354 106 26 försäljas.

170 1419 25 15 65
212 1414 38 20 RD
274 1414 108 26 medgiver
404 1414 127 26 försäljning
555 1421 26 13 av
604 1414 199 26 kronoegendomen
821 1414 11 20 1
850 1413 82 21 mantal
948 1414 74 20 Ekebo

227 1444 52 20 Lars
294 1444 126 26 Nilsgården
436 1451 25 13 nr
478 1444 12 20 2
506 1444 8 20 i
531 1444 117 20 Kållandsö
663 1444 52 20 eller
730 1444 119 20 Otterstads
865 1444 83 20 socken.

170 1508 25 16 66
212 1504 38 20 RD
272 1504 115 26 medgiver,
411 1505 32 19 att
458 1511 26 14 av
500 1504 199 26 kronoegendomen
717 1503 11 20 1
745 1503 82 21 mantal
843 1504 108 26 Rangtorp
968 1510 25 13 nr
1010 1503 10 20 1

228 1534 7 19 i
251 1533 81 27 Mellby
348 1534 77 20 socken
441 1535 36 19 må
493 1534 54 20 efter
562 1534 141 26 avstyckning
718 1533 99 27 försäljas
833 1533 46 21 dels
895 1535 30 19 ett
940 1534 8 19 i
962 1535 58 19 stats-

228 1563 179 27 rådsprotokollet
430 1563 50 21 med
503 1564 41 20 litt.
560 1563 19 21 A
596 1564 113 20 betecknat
725 1563 86 21 område
827 1570 35 14 om
880 1563 47 21 0.74
947 1563 76 21 hektar

228 1593 33 21 till
278 1594 25 20 G.
321 1594 105 20 Svensson
442 1594 34 20 för
491 1595 32 19 att
538 1594 171 26 sammanläggas
725 1593 50 21 med
791 1593 80 21 dennes
881 1593 102 26 fastighet
994 1592 27 28 2/,

228 1623 82 21 mantal
326 1624 81 26 Mellby
423 1624 91 20 Tomten
530 1623 38 25 4'!,
585 1623 45 21 dels
646 1623 39 21 ock
701 1623 36 21 det
750 1623 50 20 med
811 1623 40 21 litt.
864 1624 17 19 B
892 1623 130 20 betecknade

228 1653 96 21 området
342 1660 35 13 om
394 1654 64 20 0.708
476 1654 76 20 hektar
567 1653 34 20 till
616 1654 26 20 A.
658 1653 145 21 Hasselström
819 1653 34 20 för
868 1653 154 26 sammanlägg-

228 1683 52 26 ning
303 1683 49 20 med
376 1683 79 21 dennes
479 1684 102 26 fastighet
605 1682 27 28 !/,
652 1683 82 20 mantal
750 1683 80 27 Bjärby
846 1683 80 20 Kullen
943 1681 31 21 2?
989 1683 33 20 för

228 1713 166 26 köpeskillingar
410 1720 26 14 av
451 1713 120 27 respektive
589 1713 40 20 775
647 1713 30 20 kr.
694 1713 40 20 och
751 1712 42 21 740
809 1713 32 20 kr.

170 1777 25 15 67
212 1773 38 19 RD
274 1773 114 26 medgiver,
412 1774 31 19 att
461 1773 48 20 från
532 1772 200 26 kronoegendomen
754 1771 28 29 !/;
802 1772 82 20 mantal
900 1772 123 26 Sunnegata

227 1809 26 14 nr
269 1803 13 19 4
299 1802 154 27 Smedsgården
469 1803 7 20 i
493 1802 119 21 Otterstads
628 1803 77 20 socken
721 1803 37 19 må
774 1802 67 26 enligt
851 1801 98 27 gällande
961 1808 61 20 grun-

228 1832 37 21 der
280 1833 34 20 för
329 1833 131 26 upplåtande
476 1840 27 13 av
519 1832 239 27 egnahemslägenheter
768 1832 47 20 från
826 1831 197 26 kronoegendomar

228 1869 37 13 var
288 1863 33 20 för
344 1863 32 26 sig
398 1863 99 26 försäljas
520 1863 8 19 i
551 1862 233 26 statsrådsprotokollet
806 1862 90 20 berörda
915 1861 49 21 med
980 1861 41 21 litt.

228 1893 25 24 A,
271 1892 24 26 B,
312 1892 16 20 C
344 1893 40 20 och
400 1893 18 19 D
435 1892 131 21 betecknade
581 1892 70 21 lotter.

197 1952 63 20 Inom
282 1951 131 22 Värmlands
428 1952 45 20 län:

170 1986 24 16 68
212 1982 38 20 RD
266 1982 115 26 medgiver,
397 1984 32 19 att
444 1982 126 26 lägenheten
587 1981 137 27 Skogsdalen,
741 1981 134 21 omfattande
891 1981 67 26 enligt
973 1988 27 13 en
1016 1981 7 20 i

228 2012 233 27 statsrådsprotokollet
491 2011 107 27 åberopad
620 2018 27 14 av
670 2014 14 18 t.
701 2012 15 20 f.
739 2011 240 21 distriktslantmätaren
999 2011 23 20 T.

227 2037 71 30 Åberg
316 2043 23 19 år
356 2042 56 20 1928
428 2042 116 27 upprättad
560 2042 61 20 karta
634 2042 50 20 med
700 2041 129 21 tillhörande
845 2041 138 26 beskrivning
997 2047 26 14 en

1112 204 41 35 SA
1494 210 53 18 Riks-

1059 233 17 27 3
1112 237 36 26 SR
1214 258 3 3 S
1315 224 107 41 Utskotts-
1485 236 72 30 dagens
1614 237 118 28 Kamrarnas

1059 265 16 11 >
1112 260 41 15 |”
1170 258 97 17 Motioner]
1288 254 17 33 —
1315 258 112 17 utlåtanden
1499 271 22 16 al
1600 270 145 22 förhandlingar

1058 281 17 41 2
1112 280 41 45 BE
1292 288 46 17 eller
1351 288 99 17 memorial
1491 300 52 18 välde

1053 326 17 25 <
1112 323 39 41 25
1282 334 18 29 an
1311 342 2 14 |

1136 402 3 3 S
1285 399 45 13 215

1311 421 2 13 I
1419 421 1 8 t
1526 420 2 11 1

1037 451 56 21 1929]
1109 451 42 20 225
1216 420 46 51 ago
1275 450 26 21 10
1380 451 28 20 64
1406 429 21 54 |
1440 433 88 39 18l283]
1544 429 35 54 |
1588 451 55 21 29:5
1683 451 81 21 |36:121

1107 486 45 22 p-24
1215 465 2 63 |

1060 549 8 10 >
1109 541 42 20 |225
1215 529 2 50 |
1275 540 26 21 10
1380 541 28 20 64
1408 526 13 47 |
1440 541 82 21 23)283)
1546 526 36 47 |
1588 541 55 20 29:5
1683 541 82 21 |36:111

1107 576 45 22 p.25
1215 580 2 7 I

1215 600 2 39 |

1215 664 2 11 I

1215 694 1 16 I

1060 788 8 11 >»
1108 781 55 32 225)
1215 767 1 14 |
1275 780 26 21 10]
1331 762 35 55 |
1380 781 28 20 64)
1439 781 83 20 28)283)
1587 780 54 21 |29:5
1669 766 40 34 |36:
1728 785 37 15 102

1120 815 43 25 .26
1151 805 15 40 |

1526 852 2 28 |
1669 865 2 23 |

1059 908 9 11 >
1108 901 55 20 1225]
1275 900 26 20 10
1380 901 28 20 641
1440 901 88 27 24283)
1549 892 32 42 |
1588 900 54 20 29:5
1670 896 94 33 |36:111

1106 935 44 23 p.27
1150 919 12 48 |
1670 933 1 12 I

1216 1000 1 52 |
1527 992 145 65 2

1060 1064 8 10 >
1108 1057 42 19 1225
1216 1054 85 22 läro
1381 1056 28 20 64
1411 1051 20 39 |
1441 1056 82 21 241283
1589 1055 54 20 29:5
1671 1055 46 29 136:
1723 1050 43 39 111

1106 1091 46 22 p.28
1671 1086 1 32 |

1060 1153 8 10 >
1108 1145 42 20 [225
1276 1145 26 20 10
1381 1145 28 21 64
1407 1132 24 45 |
1440 1136 89 29 25l283)
1548 1132 35 45 |
1589 1145 54 20 29:5
1671 1138 95 34 |36:111

1106 1179 46 23 p-29
1216 1182 1 24 I

1671 1315 2 24 |

1060 1421 8 10 >
1109 1413 42 20 1225
1276 1413 26 20 10
1381 1413 28 20 64
1407 1401 23 44 |
1440 1409 89 27 25j283)
1544 1401 40 44 |
1589 1412 54 20 29:5
1670 1411 96 30 |36:111

1108 1448 45 22 p.30
1475 1445 2 2 |
1670 1456 2 24 I

1060 1511 8 10 >
1109 1491 55 40 |225]
1276 1502 26 21 10]
1333 1487 31 49 |
1381 1503 28 20 641
1440 1503 83 20 26283)
1547 1487 32 49 |
1589 1502 54 20 29:5
1671 1483 95 53 [86111

1107 1538 42 22 p.31
1162 1534 2 34 |
1419 1561 2 8 |
1672 1556 1 9 |

1672 1590 1 10 I

1162 1621 2 34 |
1672 1621 1 30 |

1162 1656 2 29 |
1672 1655 1 14 I

1672 1706 2 29 |

1061 1779 8 11 >
1109 1771 42 20 [2251]
1216 1774 2 32 |
1276 1771 27 20 10
1382 1771 28 20 64
1408 1757 24 45 |
1443 1771 82 21 271283)
1546 1757 41 45 |
1591 1770 54 21 29:5
1672 1761 95 36 |36:111

1107 1805 57 44 peM
1482 1801 7 31 Sd
1673 1799 1 33 |

1163 1854 1 18 |
1673 1841 1 3 |

1163 1896 2 16 I

1163 1918 2 56 |

1062 1989 8 10 »
1110 1976 55 38 [225]
1278 1980 26 20 10
1383 1980 28 20 64
1411 1968 22 43 |
1443 1980 88 21 27)283|
1548 1968 38 43 |
1591 1979 54 21 29:5
1673 1979 95 27 |36:111

1108 2015 44 23 p-33
1164 2016 1 16 |
1674 2025 1 15 |

1674 2042 1 25 |
