1815 2349
161 62 30 21 90

178 241 167 27 Avskrivningar
358 242 36 20 och
410 241 116 27 eftergifter.

205 278 20 20 5.
242 277 41 20 RD
299 275 117 29 medgiver,
432 279 35 18 att
481 277 164 27 sysslomannen
662 278 36 20 vid
714 278 91 26 Sundby
820 278 92 26 sjukhus
927 278 25 20 A.
969 279 101 20 Nordfelt

178 308 35 19 må
228 307 78 20 befrias
320 308 48 20 från
383 307 79 20 honom
477 307 67 26 enligt
559 307 73 20 KM:ts
647 308 71 26 utslag
733 308 41 20 den
788 308 27 20 29
829 314 57 14 mars
903 308 51 21 1945
969 309 100 20 åvilande

177 337 270 26 skadeståndsskyldighet
461 337 32 20 till
508 337 90 20 kronan.

206 373 18 19 6.
242 373 42 20 RD
296 373 117 26 medgiver,
426 374 35 19 att
472 373 219 20 förrådsförvaltaren
706 374 15 19 I.
733 374 26 19 A.
772 373 99 21 Billstein
884 374 78 20 befrias
974 374 48 20 från
1035 375 35 19 be-

178 402 221 27 talningsskyldighet
409 403 33 20 för
453 404 72 18 staten
537 402 167 21 tillkommande
715 403 63 20 andel
790 409 28 14 av
829 404 42 19 den
883 403 129 26 nöjesskatt,
1024 410 46 14 som

178 432 42 20 han
234 433 27 25 på
274 433 70 25 grund
356 438 29 14 av
397 432 193 26 regeringsrättens
604 433 71 26 utslag
687 434 24 19 är
723 433 86 26 skyldig
821 434 35 19 att
868 433 85 26 erlägga
966 435 58 18 samt
1036 435 35 19 att

177 462 32 20 till
221 462 115 20 Skellefteå
348 462 98 20 Barnens
459 462 59 26 Dags
529 462 98 27 förening
638 463 35 19 må
685 462 126 21 restitueras
822 469 28 14 av
861 463 125 26 föreningen
998 463 72 26 erlagd

177 492 123 26 nöjesskatt
310 492 33 20 till
354 493 73 19 staten
438 492 49 20 med
499 492 91 26 tillhopa
601 492 13 20 8
623 492 41 20 959
675 492 31 20 kr.
719 492 12 20 7
742 494 43 19 öre.

205 528 19 20 7.
242 528 41 20 RD
298 528 142 26 bemyndigar
453 528 63 20 KM:t
529 529 35 19 att
576 528 69 20 under
658 528 131 26 budgetåret
803 528 90 26 1947/48
906 530 80 25 avgöra
1000 529 72 26 frågor

177 564 35 13 om
224 558 120 19 avstående
355 564 28 14 av
395 557 154 27 fordringsrätt
560 564 29 13 m.
599 564 28 13 m.
640 557 6 20 i
658 558 41 20 den
712 558 151 27 utsträckning
874 564 46 14 som
932 565 28 13 av
972 559 100 26 departe-

177 588 148 19 mentschefen
340 587 6 20 i
360 587 242 27 statsrådsprotokollet
616 589 52 19 över
681 588 191 20 försvarsärenden
887 588 33 20 för
934 588 41 20 den
990 588 12 20 7
1017 588 53 21 febr.

179 617 52 20 1947
244 617 101 26 angivits.

205 647 19 20 8.
241 647 43 20 RD
304 647 117 26 medgiver,
441 648 35 19 att
494 647 95 20 kronans
609 647 6 20 i
635 647 241 26 statsrådsprotokollet
896 649 52 19 över
966 648 105 20 försvars-

177 677 94 20 ärenden
287 677 33 20 för
335 677 41 19 den
392 676 11 20 7
419 677 53 19 febr.
490 676 52 20 1947
557 677 95 26 angivna
668 677 88 20 fordran
772 677 27 26 på
814 677 126 27 ingenjören
955 677 28 20 K.
1000 677 25 20 A.
1041 678 28 20 H.

177 706 133 21 Wetterviks
325 706 83 20 dödsbo
421 707 36 19 må
471 706 158 21 efterskänkas.

205 737 19 19 9.
241 736 42 20 RD
294 736 117 26 medgiver,
422 737 35 19 att
467 736 183 20 konteramiralen
661 736 22 21 C.
695 737 25 20 G.
731 737 133 20 Wahlström
874 736 7 21 i
891 737 123 20 hänseende
1024 743 46 14 som

177 766 6 20 i
194 766 242 26 statsrådsprotokollet
446 768 52 18 över
509 766 190 20 försvarsärenden
711 766 33 20 för
755 766 41 20 den
807 766 27 21 28
845 767 53 20 febr.
912 767 52 20 1947
975 767 95 26 angivits

177 796 79 20 befrias
270 796 47 20 från
331 796 259 26 ersättningsskyldighet
603 796 32 20 till
649 796 91 20 kronan.

207 826 31 20 10.
257 826 8 20 I
278 826 42 20 anl.
333 832 29 14 av
375 826 61 20 RD:s
448 826 115 20 revisorers
575 832 58 14 anm.
646 831 49 21 ang.
708 826 142 27 avskrivning
861 832 28 14 av
902 826 54 20 brist
968 826 6 20 i
986 828 84 19 statens

177 856 73 20 förråd
260 862 28 14 av
298 855 103 27 proviant
411 856 39 20 och
460 855 127 20 fodervaror
596 856 97 19 anhåller
703 856 49 23 RD,
762 857 36 19 att
807 856 64 20 KM:t
880 856 50 20 ville
939 856 130 20 föranstalta

178 892 35 13 om
225 885 117 27 utredning
354 887 40 18 rör.
408 885 26 20 de
446 892 28 13 av
486 885 133 20 revisorerna
632 885 138 21 avhandlade
782 885 140 27 spörsmålen.

207 933 18 20 1.
242 933 42 20 RD
301 933 117 26 medgiver,
435 934 35 19 att
487 933 186 26 domänstyrelsen
690 933 36 20 må
742 933 143 27 bemyndigas
901 933 101 27 medgiva
1019 934 51 20 ned-

177 963 99 26 sättning
296 963 7 20 i
323 963 214 26 arrendeavgifterna
558 963 34 20 för
611 963 230 26 kronoegendomarna
862 963 137 27 Knopängen
1020 963 50 21 eller

178 993 124 26 Bränninge
316 992 19 20 1!
348 992 6 20 i
367 989 166 29 Östergötlands
546 992 35 21 län
594 994 58 19 samt
665 993 100 20 Smedsta
780 993 19 20 1!
811 993 7 20 i
831 993 183 21 Södermanlands
1026 993 43 20 län.

205 1023 20 19 2.
242 1023 42 19 RD
298 1022 117 26 medgiver,
429 1024 35 18 att
476 1022 72 26 Agnes
562 1023 73 25 Spång
647 1023 35 19 må
696 1022 79 21 befrias
789 1022 48 21 från
850 1022 75 21 vidare
938 1022 133 27 betalnings-

177 1052 126 26 skyldighet
313 1052 27 26 på
352 1052 70 25 grund
433 1057 29 14 av
472 1051 66 24 Aska,
552 1051 53 20 Dals
616 1052 40 19 och
667 1052 96 26 Bobergs
775 1052 136 20 häradsrätts
923 1052 71 26 utslag
1005 1052 41 20 den
1058 1052 12 20 9

178 1087 50 14 nov.
245 1081 60 20 1920.

205 1111 20 20 3.
242 1111 42 20 RD
297 1110 118 26 medgiver,
428 1112 35 19 att
476 1111 20 19 S.
510 1106 26 24 Å.
550 1110 99 21 Carlsson
663 1110 78 21 befrias
754 1111 48 20 från
816 1111 80 20 honom
909 1111 114 27 åliggande
1035 1111 36 20 be-

177 1140 222 26 talningsskyldighet
412 1140 33 20 till
459 1140 91 23 kronan,
565 1141 121 25 utgörande
700 1140 67 26 enligt
780 1140 188 27 Västerbergslags
982 1141 89 20 härads-

178 1171 55 19 rätts
246 1170 72 26 utslag
331 1170 41 20 den
385 1170 24 20 21
423 1170 55 26 april
493 1170 52 20 1947
557 1170 41 20 966
610 1170 32 19 kr.
656 1170 26 20 55
695 1172 36 18 öre
742 1170 70 26 jämte
824 1170 43 20 fem
880 1172 91 25 procent
982 1172 64 19 ränta
1059 1170 11 20 å

179 1200 39 20 135
228 1200 33 20 kr.
273 1200 48 19 från
332 1200 42 19 den
387 1199 24 20 15
422 1201 55 25 sept.
491 1200 52 20 1944
554 1201 58 18 samt
623 1200 11 20 å
645 1200 39 20 831
697 1200 31 19 kr.
740 1200 27 20 55
778 1201 36 19 öre
824 1200 48 20 från
884 1200 41 20 den
936 1200 13 20 4
958 1200 48 26 juni
1019 1200 52 20 1945

178 1230 40 19 och
227 1229 148 20 kostnaderna
385 1229 33 20 för
427 1229 125 26 delgivning
561 1229 6 20 i
577 1229 67 20 målet
653 1230 26 19 23
688 1229 32 20 kr.
733 1229 24 20 10
767 1231 42 22 öre,
820 1231 104 19 ävensom
933 1230 139 20 exekutions-

178 1259 119 20 kostnader
307 1259 49 20 med
370 1259 24 20 17
405 1259 32 20 kr.
449 1259 27 20 20
487 1260 42 19 öre.

206 1289 20 20 4,
243 1289 42 20 RD
298 1288 117 27 medgiver,
428 1290 35 18 att
475 1289 64 19 KM:t
550 1289 35 19 må
598 1290 40 25 äga
652 1289 84 20 besluta
749 1295 35 13 om
797 1289 142 26 avskrivning
950 1295 28 14 av
991 1290 33 19 ett
1036 1289 36 20 be-

178 1318 52 27 lopp
244 1324 28 14 av
287 1318 26 20 25
323 1318 40 20 246
377 1318 32 20 kr.
425 1318 26 20 76
465 1320 36 18 öre
515 1318 69 26 jämte
598 1319 71 23 ränta,
685 1318 121 30 utgörande
819 1318 95 21 kronans
928 1319 97 26 fordring
1039 1319 33 19 för

178 1348 136 27 anläggande
326 1354 28 14 av
367 1348 80 20 allmän
460 1348 223 26 flottläggningsplats
696 1348 6 19 i
715 1347 113 21 Öreälven.

207 1378 19 20 5.
243 1378 42 20 RD
298 1377 117 26 medgiver,
428 1379 35 18 att
474 1384 28 14 av
515 1378 41 19 den
568 1378 55 20 brist
634 1378 13 20 å
661 1378 7 19 1
680 1378 41 20 884
733 1378 31 19 kr.
777 1378 27 20 66
816 1379 42 22 öre,
871 1384 46 14 som
931 1378 40 20 den
984 1378 27 20 30
1022 1383 49 21 aug.

181 1407 52 21 1946
241 1407 186 26 uppkommit
378 1403 18 35 i
397 1403 34 35 en
435 1413 28 14 av
477 1407 147 26 postbiträdet
640 1407 71 26 Ingrid
725 1408 68 20 Maria
806 1407 124 21 Johansson
944 1407 129 21 omhänder-

179 1437 59 20 havd
252 1437 64 20 kassa
329 1437 38 20 vid
382 1437 203 26 postexpeditionen
600 1437 126 20 Stockholm
742 1437 45 24 100,
795 1438 34 19 ett
842 1437 79 26 belopp
935 1437 45 20 av
963 1433 18 34 1
992 1437 41 21 400
1039 1437 32 20 kr.

179 1467 35 20 må
229 1467 152 20 efterskänkas
394 1467 40 19 och
449 1473 25 13 ur
487 1467 137 26 postverkets
638 1467 147 26 räkenskaper
797 1467 120 20 avskrivas.

207 1497 20 20 6.
244 1496 42 21 RD
303 1496 143 26 bemyndigar
462 1496 64 20 KM:t
541 1497 35 19 att
592 1496 68 20 under
676 1496 131 27 budgetåret
824 1496 90 26 1948/49
930 1498 81 25 avgöra
1028 1496 44 21 dels

179 1526 73 26 frågor
262 1532 35 14 om
308 1526 97 20 befrielse
416 1526 48 20 från
474 1526 6 20 i
490 1525 96 27 judiciell
597 1526 91 26 ordning
698 1526 64 26 ålagd
772 1526 258 26 ersättningsskyldighet
1040 1526 32 21 till

180 1556 83 20 kronan
277 1556 28 26 på
317 1556 71 26 grund
401 1562 28 13 av
442 1556 78 20 förlust
533 1561 28 14 av
574 1555 51 20 eller
637 1556 68 20 skada
718 1556 13 20 å
744 1556 105 26 egendom
862 1556 131 20 tillhörande
1006 1555 67 27 krigs-

179 1585 98 23 makten,
291 1585 45 20 dels
349 1585 40 20 ock
402 1585 73 26 frågor
487 1591 34 14 om
536 1585 183 21 efterskänkande
732 1591 28 14 av
768 1585 88 21 fordran
865 1591 46 14 som
924 1585 97 27 grundar
1041 1585 32 27 sig

180 1615 28 26 på
217 1615 95 20 kronans
322 1616 128 25 regressrätt
459 1616 47 19 mot
515 1615 70 20 förare
595 1621 28 14 av
632 1615 95 20 kronans
737 1615 157 23 motorfordon,
905 1615 117 26 luftfartyg
1031 1616 41 19 etc.

180 1645 68 26 enligt
256 1644 27 20 de
292 1644 6 20 i
308 1646 75 18 ämnet
391 1644 100 27 gällande
500 1645 194 26 ansvarsreglerna,
705 1644 39 20 allt
753 1645 6 20 i
769 1645 41 19 den
820 1645 51 20 mån
880 1645 95 20 kronans
985 1645 87 20 fordran

180 1674 7 20 i
199 1674 38 20 det
247 1674 105 20 särskilda
365 1674 60 20 fallet
437 1674 47 20 icke
495 1674 119 26 överstiger
625 1674 12 21 5
646 1674 42 21 000
698 1675 32 19 kr.

209 1704 18 20 7.
245 1704 42 20 RD
308 1704 111 26 medgiver
439 1704 6 20 i
466 1704 241 26 statsrådsprotokollet
728 1704 41 20 den
790 1704 26 20 23
836 1704 45 26 jan.
905 1704 52 20 1948
978 1704 94 26 angivna

181 1740 101 20 personer
291 1734 40 19 och
341 1734 83 20 dödsbo
434 1733 104 24 befrielse,
549 1734 6 20 i
564 1734 57 20 vissa
631 1734 37 20 fall
678 1734 45 20 helt
732 1734 40 20 och
782 1734 6 20 i
797 1734 74 26 övriga
881 1734 75 23 delvis,
967 1734 47 20 från
1024 1734 49 20 dem

181 1763 113 27 åliggande
311 1763 264 27 ersättningsskyldighet.

209 1794 19 19 8.
245 1793 42 20 RD
302 1793 117 26 medgiver,
434 1794 35 19 att
482 1793 210 26 överstelöjtnanten
707 1793 37 20 vid
759 1793 139 27 Kronobergs
912 1795 123 25 regemente
1048 1793 24 20 T.

182 1823 28 20 H.
224 1823 23 20 F.
261 1823 128 26 Holmqvist
401 1823 79 20 befrias
493 1823 48 20 från
554 1823 80 20 honom
646 1823 89 26 jämlikt
747 1823 118 20 försvarets
878 1822 195 27 civilförvaltnings

182 1852 117 21 resolution
314 1852 41 20 den
369 1852 27 21 30
410 1852 55 27 april
481 1852 52 20 1947
547 1852 102 20 åvilande
663 1852 258 27 ersättningsskyldighet
934 1853 33 19 till
981 1853 91 20 kronan.

209 1882 20 20 9.
246 1879 41 23 RD
296 1882 117 26 medgiver,
423 1883 35 19 att
465 1882 71 20 såsom
545 1882 39 20 full
593 1882 111 27 betalning
712 1882 34 21 för
754 1882 41 20 den
804 1882 112 21 arvsskatt
924 1882 33 20 för
965 1882 108 26 Fliseryds

182 1912 159 23 fideikommiss,
346 1912 67 26 jämte
420 1908 71 34 ränta,
496 1918 44 14 som
549 1912 98 20 återstod
655 1912 92 26 ogulden
755 1912 37 20 vid
799 1912 133 23 laboratorn,
938 1912 39 26 leg.
986 1912 86 20 läkaren

182 1941 22 21 C.
217 1942 23 19 F.
253 1941 96 21 Richard
360 1942 170 20 Nordenankars
542 1942 50 23 död,
604 1942 36 20 må
650 1942 106 26 godtagas
767 1943 33 19 ett
811 1941 81 21 ackord
904 1948 34 13 om
948 1942 26 20 27
984 1943 89 25 procent

182 1977 28 14 av
224 1971 38 20 det
271 1971 37 20 vid
321 1971 53 20 1947
385 1971 34 20 års
430 1971 83 26 utgång
524 1971 124 21 beräknade
659 1971 168 27 skuldbeloppet
837 1971 12 21 å
860 1971 26 20 43
896 1971 40 21 539
947 1972 32 19 kr.
989 1972 26 20 58
1030 1973 42 18 öre.

212 2001 31 20 10.
260 2001 42 20 RD
315 2001 117 26 medgiver,
445 2002 35 19 att
492 2001 22 20 C.
527 2001 25 20 G.
566 2001 102 26 Högberg
680 2001 78 20 befrias
771 2001 47 20 från
831 2001 28 20 all
872 2001 79 20 honom
964 2002 27 25 på
1004 2001 69 26 grund

182 2036 28 14 av
223 2030 7 21 i
243 2030 241 27 statsrådsprotokollet
496 2032 52 19 över
561 2031 190 20 försvarsärenden
764 2031 34 20 för
811 2031 41 20 den
865 2031 13 20 5
891 2037 57 14 mars
963 2031 53 20 1948
1029 2036 45 15 om-

182 2060 93 20 förmäld
292 2060 178 26 olyckshändelse
485 2060 68 26 enligt
569 2060 105 20 domstols
690 2060 71 26 utslag
777 2060 101 20 åvilande
894 2060 180 26 återbetalnings-

182 2090 125 26 skyldighet
319 2090 33 20 till
364 2090 91 20 kronan.

1225 155 90 16 Motioner
1373 155 78 17 Utskott
1497 167 37 17 Skri
1616 156 93 16 Protokoll

1090 175 25 20 År
1112 171 18 33 |
1138 179 53 20 Prop.
1390 191 25 2 RS
1515 172 39 35 FA

1219 209 32 16 FK
1254 205 23 29 |
1282 209 34 16 AK
1338 209 85 16 |SmllAvd!
1447 209 27 16 Nr
1593 210 33 15 FK
1693 209 34 16 AK

1089 279 29 20 47|
1159 280 26 20 871
1230 292 27 2 —I|
1295 292 26 2 —]I
1357 280 60 20 61—]
1455 280 92 20 441106
1546 275 19 35 1
1574 280 67 20 14:13
1645 275 22 35 |
1675 280 65 20 14:31

1100 381 9 13 »
1122 370 18 35 |
1147 374 39 21 118]
1231 387 26 2 —|
1295 387 28 2 —I
1358 375 60 20 71—]|
1456 376 26 19 241
1520 376 120 20 88114:17
1645 370 22 35 |
1675 376 67 20 14:38

1101 535 9 13 »
1118 525 28 35 |
1161 529 26 21 561
1231 542 28 2 —|
1296 542 27 2 —]I
1358 530 59 20 61—]
1456 530 91 20 461119]
1575 531 66 19 16:12
1646 525 22 35 |
1675 531 31 19 16:
1718 533 24 17 20

1146 563 21 19 pt
1179 562 6 17 1
1444 567 14 11 s.
1470 562 11 17 3

1101 654 8 13 »
1118 644 23 35 I
1160 648 26 20 56
1231 660 26 3 —I
1296 661 26 1 —I
1357 649 60 19 6/)—]1
1456 649 26 20 461
1509 649 38 20 1191
1574 649 66 20 16:12
1652 644 14 35 |
1674 649 31 20 16:
1717 651 25 17 20

1145 682 21 19 pt
1176 680 10 17 2
1443 686 15 11 s.
1471 681 9 16 4

1101 743 8 13 »
1148 738 38 19 [110]
1230 750 27 2 —I
1295 750 27 2 —I
1357 738 60 19 61—]1
1455 738 92 20 9011931
1571 738 69 20 21:13
1647 734 22 34 |
1672 738 69 20 21:35

1100 833 9 13 »
1159 839 27 2 —I
1230 839 27 2 —I
1295 839 28 2 —I
1357 827 61 20 61—]1
1443 827 38 20 1281
1506 827 40 20 3291
1571 828 26 19 23:
1616 830 24 17 32
1645 823 23 34 |
1672 828 33 19 23:
1717 829 25 18 50

1437 859 80 17 s.231s.
1521 854 28 32 24

1090 934 27 20 481
1160 934 26 20 271
1231 946 27 2 —I
1296 935 122 19 —]10|—
1469 935 13 19 31
1521 935 26 19 58]
1585 935 20 20 8:
1619 937 37 17 125)
1687 935 55 19 9:74

1101 1029 9 13 »
1160 1023 26 20 281
1230 1035 28 2 —I
1296 1024 122 20 —]101]—
1470 1024 11 19 41
1521 1024 26 20 591
1586 1024 19 20 8:
1620 1026 36 17 125]
1687 1024 56 20 9:74

1437 1060 15 12 s.
1461 1055 21 17 11

1101 1117 9 13 »
1160 1111 26 20 281
1231 1124 27 2 —|
1296 1112 122 19 —]10]—
1470 1112 11 19 41
1521 1112 77 20 5918:
1619 1114 37 17 125]
1687 1112 12 20 9:
1718 1114 24 17 74

1438 1144 46 17 s.12

1102 1295 8 13 »
1119 1285 23 35 I
1161 1289 26 20 291
1232 1301 27 3 —I
1296 1289 123 20 —lI101—]
1471 1289 12 20 51
1522 1289 27 20 601
1587 1290 19 20 8:
1621 1292 36 17 125|
1688 1290 55 19 9:74

1103 1384 8 13 »
1123 1374 18 35 I
1161 1378 26 20 391
1232 1390 27 2 —I
1297 1390 26 2 —I
1359 1379 60 19 61—]1
1458 1378 26 20 291
1523 1378 26 20 691
1588 1379 54 20 9:32
1652 1374 23 35 |
1689 1378 55 20 9:86

1103 1503 9 12 »
1162 1496 26 20 461
1232 1509 28 2 —|
1297 1508 27 3 —I
1359 1497 61 19 61—]
1458 1497 26 20 33]
1523 1497 120 20 79110:19
1650 1492 18 35 |
1677 1497 30 20 10:
1719 1499 24 17 26

1147 1529 21 20 pt
1179 1529 8 17 1

1104 1710 8 13 »
1162 1703 25 21 46
1240 1716 20 2 —|
1298 1716 27 2 —I
1360 1704 61 20 61-—1]
1458 1704 26 20 331
1524 1704 120 20 79110:19
1648 1700 22 34 |
1678 1704 31 19 10:
1721 1706 23 17 26

1148 1737 21 20 pt
1179 1736 10 17 2

1142 1766 53 17 —11

1104 1799 8 13 »
1121 1789 22 34 I
1162 1793 26 20 471
1233 1806 27 2 —I
1298 1805 27 2 —I
1360 1793 61 20 61—]1
1458 1793 27 20 321
1524 1793 120 20 78110:19
1648 1789 22 34 |
1678 1793 31 20 10:
1721 1795 24 17 26

1103 1888 9 13 »
1151 1882 38 20 [120]
1232 1894 28 3 —I
1297 1894 28 2 —]I
1359 1882 61 20 61)—]1
1459 1882 26 20 601
1512 1882 131 20 137115:17
1649 1878 22 34 |
1677 1882 31 20 15:
1720 1884 24 17 87

1104 2007 8 12 »
1118 1997 22 33 I
1151 2001 37 20 139
1243 2013 17 2 —|
1298 2013 27 2 —I
1360 2001 62 19 61—1
1459 2001 27 20 801
1512 2001 39 20 1701
1577 2001 30 19 16:
1619 2003 24 17 47
1649 1997 22 33 |
1677 2001 32 19 16:
1721 2003 24 17 83
