1847 2358
165 153 11 20 1

168 681 24 15 31
210 675 38 21 RD
264 675 115 26 medgiver,
396 676 31 19 att
443 675 65 21 sedan
524 674 199 27 kronoegendomen
741 675 9 20 1
767 675 81 20 mantal
865 675 115 26 Svenstorp
996 682 25 13 nr

168 1285 24 15 33
210 1280 38 20 RD
264 1279 109 26 medgiver
391 1279 127 27 försäljning
536 1286 26 13 av
578 1286 27 13 en
620 1279 7 20 i
643 1279 233 26 statsrådsprotokollet
891 1279 129 20 omförmäld

168 1434 24 15 34
211 1429 37 20 RD
264 1428 114 27 medgiver,
402 1430 31 19 att
457 1428 47 20 elva
519 1429 7 19 i
542 1428 232 26 statsrådsprotokollet
792 1428 143 20 omförmälda
951 1428 69 26 lägen-

168 1673 25 16 35
210 1668 38 20 RD
264 1668 104 20 förklarar
383 1668 32 26 sig
430 1668 47 20 icke
493 1668 55 20 hava
559 1668 64 26 något
634 1669 32 18 att
676 1667 69 20 erinra
755 1669 46 18 mot
812 1667 45 21 dels
868 1669 32 19 att
910 1679 29 3 —
950 1667 71 21 därest

184 158 5 15 (

195 153 12 20 0

181 434 167 27 Avsöndringar
363 441 26 14 m.
407 441 26 14 m.

196 975 63 20 Inom
276 974 124 22 Malmöhus
415 975 45 20 län:

168 1010 25 16 32
210 1005 39 20 RD
265 1005 114 26 medgiver,
396 1007 32 18 att
443 1005 36 20 två
494 1005 8 19 i
518 1004 232 27 statsrådsprotokollet
765 1004 143 20 omförmälda
919 1004 101 20 områden

898 156 136 15 SAKREGISTER

225 465 87 21 område
329 472 35 13 om
381 464 91 27 tillhopa
489 464 90 21 15.3572
597 464 75 20 hektar
685 471 26 14 av
726 464 188 21 klockarbostället
926 464 27 28 !/,
962 472 58 13 man-

225 495 31 21 tal
274 496 67 19 krono
365 495 59 26 Osby
439 501 25 14 nr
480 495 12 20 2
509 495 7 20 i
532 495 59 26 Osby
612 495 78 20 socken
708 495 67 26 jämte
792 494 41 21 den
849 495 59 20 inom
924 495 97 20 området

225 525 117 26 befintliga,
361 525 46 20 icke
427 524 114 21 värderade
556 525 140 25 gatumarken
712 527 57 18 samt
785 524 25 21 de
827 524 101 21 områden
944 532 26 13 av
987 525 33 20 bo-

226 556 82 20 ställets
324 555 92 25 utmark,
436 562 46 13 som
501 556 36 19 äro
553 555 92 20 avsedda
661 557 31 18 att
708 555 36 20 vid
760 562 29 13 nu
805 555 133 20 förestående
955 555 65 20 stads-

225 585 156 27 planeändring
394 585 110 21 införlivas
518 585 49 20 med
578 585 59 26 Osby
648 585 229 26 municipalsamhälle,
887 586 35 19 må
934 585 32 20 till
976 592 44 13 mu-

225 615 196 27 nicipalsamhället
436 615 50 21 med
502 615 125 26 äganderätt
642 615 110 20 överlåtas.

226 705 13 21 3
256 706 7 19 i
279 706 77 20 Västra
372 705 127 21 Sönnarlövs
515 705 78 20 socken
609 705 95 26 styckats
720 705 7 20 i
743 706 36 19 två
795 705 65 24 delar,
877 705 41 20 den
934 712 40 13 ena
990 707 30 18 ut-

226 735 92 27 görande
335 736 7 19 i
356 735 231 26 statsrådsprotokollet
598 736 92 25 angivna
702 735 139 26 skogsskiftet
851 735 39 20 och
902 735 41 20 den
955 735 66 20 andra

226 765 132 27 egendomen
373 766 8 19 i
396 766 74 25 övrigt,
494 765 161 26 ifrågavarande
679 765 55 20 båda
757 765 63 20 lotter
838 765 36 20 må
889 772 37 13 var
941 766 33 19 för
990 765 31 26 sig

226 795 99 27 försäljas
347 795 49 20 med
419 795 148 21 tillträdesrätt
582 795 33 20 för
629 795 79 25 köpare
724 795 41 20 den
783 795 27 20 14
826 801 57 14 mars
900 795 63 23 1926,
980 795 41 20 den

226 825 139 26 skogsskiftet
379 825 133 20 omfattande
528 825 67 20 lotten
611 825 12 19 å
634 825 97 25 offentlig
747 825 88 20 auktion
851 825 34 20 till
899 824 41 21 den
952 825 68 26 högst-

226 855 117 27 bjudande,
367 857 56 18 samt
445 856 59 25 övrig
526 855 34 20 del
580 862 26 13 av
625 854 132 26 egendomen
772 855 33 20 till
822 854 199 26 andelsföreningen

226 885 54 26 Eget
303 885 49 20 hem
370 885 59 20 inom
445 884 155 21 Kristianstads
616 884 37 20 län
669 891 20 14 u.
706 891 20 20 p.
744 891 17 14 a.
779 887 46 18 mot
840 891 26 14 en
877 884 145 27 köpeskilling

226 922 26 14 av
269 915 27 20 79
306 915 42 21 848
364 915 31 20 kr.

226 1042 35 13 om
278 1042 53 19 resp.
349 1035 42 20 332
407 1035 40 20 och
463 1034 43 21 478
523 1034 159 21 kvadratmeter
697 1035 36 19 må
749 1041 37 13 var
801 1035 33 19 för
845 1035 32 25 sig
886 1035 47 19 från
946 1034 75 20 krono-

226 1064 131 27 egendomen
381 1062 27 30 1/;
425 1064 82 21 mantal
530 1064 137 20 Remmarlöv
687 1071 24 13 nr
727 1064 12 20 9
756 1064 7 20 i
779 1064 148 20 Remmarlövs
943 1064 77 20 socken

224 1095 106 27 försäljas,
354 1094 55 21 dock
432 1094 69 21 under
523 1094 106 20 förbehåll
653 1093 131 21 beträffande
807 1093 97 21 området
922 1100 35 14 om
977 1093 43 20 478

225 1124 165 25 kvadratmeter,
407 1126 31 19 att
454 1124 79 20 Hanna
549 1124 122 20 Andersson
687 1124 54 20 skall
758 1126 38 24 äga
811 1125 43 19 rätt
867 1125 31 19 att
909 1123 68 21 under
988 1124 32 20 sin

225 1155 73 20 livstid
314 1154 80 21 kvarbo
409 1155 8 19 i
433 1154 39 21 och
491 1154 108 20 bibehålla
614 1154 70 20 henne
700 1154 105 26 tillhörigt
820 1154 131 25 boningshus
962 1154 7 20 i
980 1153 41 21 den

225 1185 51 20 mån
293 1184 120 21 detsamma
429 1184 65 26 ligger
509 1185 13 19 å
538 1184 134 20 sistnämnda
687 1184 93 24 område,
798 1186 45 18 mot
854 1190 26 13 en
891 1184 53 25 årlig
954 1184 67 26 avgift

226 1221 26 14 av
270 1214 10 20 1
298 1214 31 21 kr.

225 1309 99 26 lägenhet
339 1316 36 13 om
392 1309 63 20 0.169
473 1309 76 20 hektar
564 1309 47 20 från
627 1308 200 26 kronoegendomen
843 1308 61 21 Stora
920 1309 60 26 Råby
996 1315 25 13 nr

227 1340 19 24 1,
263 1340 12 19 2
292 1339 40 20 och
349 1339 34 25 26,
403 1346 35 13 om
458 1338 47 28 !!/,,
522 1339 89 25 mantal,
627 1340 57 19 samt
699 1345 25 13 nr
740 1339 34 24 25,
791 1340 30 19 ett
837 1339 83 25 gathus,
937 1339 7 19 i
960 1339 61 20 Stora

226 1369 61 26 Råby
303 1369 83 20 socken.

226 1459 59 20 heter
301 1459 41 24 må,
360 1465 36 14 var
412 1459 39 20 och
467 1465 27 14 en
510 1458 49 20 med
576 1465 26 13 av
618 1458 178 26 myndigheterna
811 1458 105 26 tillstyrkt
926 1458 93 24 område,

225 1489 48 20 från
296 1488 199 26 kronoegendomen
520 1487 27 28 ?/;
571 1488 82 20 mantal
676 1483 60 31 Årup
760 1495 24 13 nr
802 1488 10 20 1
837 1488 39 20 och
894 1487 27 28 1/,
938 1488 82 20 mantal

225 1519 120 25 Billeberga
355 1526 24 13 nr
392 1519 9 19 1
415 1518 49 21 med
481 1518 107 20 därunder
603 1518 93 26 lydande
707 1518 125 26 lägenheten
845 1518 111 20 Röamölla
967 1525 25 13 nr
1001 1518 18 24 1,

225 1550 31 19 ett
271 1549 116 26 kvarntorp
403 1548 50 21 med
468 1548 74 24 kvarn,
559 1548 39 20 allt
608 1548 7 20 i
626 1548 119 26 Billeberga
761 1548 84 24 socken,
861 1548 99 26 försäljas
971 1548 49 20 med

225 1578 150 21 hembudsrätt
397 1578 34 21 för
453 1578 110 20 arbetaren
582 1578 19 20 J.
622 1578 49 20 Fält
686 1578 33 20 till
735 1578 126 25 lägenheten
877 1578 40 20 litt.
935 1578 13 20 b
965 1580 56 19 samt

226 1608 69 21 under
311 1609 56 20 vissa
382 1609 92 26 angivna
489 1608 84 20 villkor.

225 1698 59 25 visst,
301 1705 27 14 av
343 1697 230 21 folkskoleseminariet
588 1697 8 20 i
612 1697 64 20 Lund
691 1697 58 20 förut
765 1696 141 28 disponerade
921 1699 99 18 tomtom-

225 1728 50 20 råde
290 1728 100 26 upplåtes
406 1727 33 21 till
455 1727 73 21 Lunds
544 1727 48 20 stad
607 1727 33 20 för
656 1728 31 19 att
702 1727 109 21 användas
827 1727 33 20 till
876 1728 56 19 tomt
946 1727 33 20 för
990 1729 30 18 ett

225 1759 49 25 nytt
297 1757 187 27 epidemisjukhus
504 1768 27 3 —
547 1757 99 25 samtliga
662 1757 12 20 å
689 1756 97 21 området
802 1757 116 26 befintliga,
935 1756 33 21 till
984 1756 37 21 det

224 1787 71 27 gamla
311 1788 123 19 seminariet
449 1787 95 20 hörande
560 1786 122 27 byggnader
697 1789 100 18 ävensom
815 1786 25 21 de
855 1788 12 19 å
877 1786 97 21 området
989 1788 30 18 ut-

225 1817 61 21 förda
301 1817 145 27 planteringar
461 1817 40 20 och
517 1817 72 25 övriga
605 1816 143 27 anordningar
763 1817 33 19 för
811 1816 42 21 den
869 1816 151 21 förutvarande

225 1847 241 25 seminarieträdgården
484 1846 104 21 överlåtas
607 1846 34 20 till
657 1846 75 21 staden
747 1846 34 21 för
796 1848 30 18 ett
842 1847 49 26 pris,
909 1847 19 26 ej
945 1846 74 21 under-

225 1877 96 26 stigande
345 1876 80 21 20000
441 1877 39 24 kr.,
504 1876 69 20 under
596 1876 77 20 villkor
696 1876 55 21 dock
770 1878 36 22 att,
822 1876 71 20 därest
909 1877 69 25 någon
994 1883 26 13 av

225 1907 61 20 dessa
309 1906 122 27 byggnader
453 1906 51 21 eller
520 1906 104 26 väsentlig
639 1906 35 20 del
690 1906 65 20 därav
771 1906 114 20 framdeles
901 1906 70 20 skulle
987 1906 33 20 be-

224 1937 70 20 finnas
310 1936 124 21 användbar
449 1937 33 20 för
497 1936 125 27 sjukhusets
633 1936 76 24 behov,
721 1936 74 20 staden
807 1936 55 20 skall
873 1943 50 13 vara
936 1936 85 26 skyldig

224 1967 74 26 utgiva
312 1966 122 27 ytterligare
450 1966 117 26 ersättning
583 1966 72 20 härför
670 1966 66 26 enligt
751 1966 113 26 värdering
879 1973 26 13 av
916 1968 31 18 tre
962 1972 57 20 opar-

225 1997 56 20 tiska
297 2003 106 20 personer,
420 2003 26 14 av
462 1996 58 20 vilka
536 1996 214 26 byggnadsstyrelsen
766 1996 68 26 väljer
849 2003 27 13 en
891 1996 40 20 och
947 1996 73 20 Lunds

226 2027 47 20 stad
289 2033 27 14 en
332 2029 56 18 samt
404 2026 26 20 de
446 2026 91 21 sålunda
553 2026 62 20 valda
630 2028 47 18 utse
693 2026 41 20 den
749 2026 76 26 tredje;
846 2026 46 20 dels
903 2026 39 20 ock
953 2028 31 18 att
994 2032 26 14 av

226 2056 26 21 de
267 2057 34 20 för
317 2056 95 21 nämnda
427 2056 124 21 överlåtelse
567 2056 118 26 inflytande
699 2056 85 20 medlen
796 2056 117 24 ersättning
924 2056 35 20 må
970 2056 51 25 utgå

1053 249 22 144 I8S3LPSAIY

1130 218 22 64 1300

1111 296 17 104 J98[9ALLYS
1110 236 18 47 IOT9

1130 366 17 53 "dosd
1130 293 22 65 84:e

1169 272 94 17 Motioner

1172 380 14 17 =

1189 381 16 16 A

1328 242 93 17 Utskotts-

1315 271 111 17 utlåtanden

1268 299 1 24 |
1290 301 47 18 eller
1350 301 98 17 memorial

1268 360 2 17 I

1224 380 46 17 AK
1258 376 9 31 |

1284 362 17 50 [Wueg

1310 356 1 20 I

1310 380 2 15 I

1310 397 2 12 I

1386 374 6 28 Az

1380 397 11 9 4

1326 367 17 48 "PAVy

1439 369 17 44 eps

1613 253 118 16 Kamrarnas

1598 282 146 21 förhandlingar

1575 362 79 31 Första
1669 355 2 29 |
1689 365 65 18 Andra

1584 390 71 17 kamm.
1669 392 2 18 |
1687 390 69 17 kamm.

1037 464 54 21 1925

1108 674 41 21 206

1112 709 33 23 p.9

1116 1004 25 20 11

1112 1039 34 22 p.4

1120 1423 8 35 ET

1112 1463 34 22 p.6

1108 1667 41 20 102

1276 1004 36 26 10]

1275 1278 26 21 10

1275 1428 25 20 10

1379 674 26 20 66
1409 670 22 34 |
1454 680 10 15 6

1395 1278 12 19 Do

1444 1289 28 6 vw

1394 1428 12 19 Do

1444 1437 28 6 vw

1481 672 41 21 259

1495 1004 28 21 58

1495 1279 27 20 58

1481 1666 40 21 143

1548 678 9 15 -

1582 672 33 21 32:
1626 672 84 21 47d/34:
1720 672 48 21 146d

1590 1001 132 22 033050

1589 1277 52 20 10:25]:
1690 1275 53 21 11:9

1588 1426 32 20 10:
1631 1426 27 20 2d
1658 1421 18 34 |
1690 1425 53 20 11:9

1588 1666 33 20 25:
1629 1660 9 36 7
1675 1664 33 21 128:
1720 1669 23 15 85
