1799 2335
136 69 41 21 116
821 67 222 20 SAKREGISTER

152 254 226 25 Bankinrättningar

170 290 6 13 1
197 284 39 20 RD
252 285 96 24 antager
364 285 37 24 lag
416 290 38 14 om
470 284 96 21 fortsatt
580 284 105 25 giltighet
701 290 28 14 av
744 284 66 25 lagen
826 284 44 20 den
885 284 13 20 3
912 284 53 25 juni
982 283 55 21 1949

200 314 39 23 (nr
250 314 53 23 314)
318 319 51 20 ang.
380 315 47 19 rätt
437 314 36 20 för
483 314 130 25 Konungen
623 315 33 19 att
666 314 7 20 i
683 314 62 20 vissa
755 314 40 20 fall
806 314 106 20 meddela
921 313 116 21 särskilda

195 343 176 21 bestämmelser
388 350 39 14 om
444 343 208 26 bankaktiebolags
670 344 149 20 kassareserv
836 345 60 19 sämt
914 343 122 25 medgiver,

197 374 34 19 att
245 373 124 25 riksdagen
383 373 38 20 må
434 373 36 20 för
483 374 64 19 tiden
561 373 28 20 fr.
602 379 20 14 o.
636 379 29 14 m.
679 374 44 19 den
737 374 10 19 1
761 373 44 25 juli
820 371 55 23 1953
888 374 15 19 t.
916 379 20 14 o.
950 379 29 15 m.
993 373 43 20 den

196 403 27 20 30
239 403 52 25 juni
307 403 57 20 1954
378 409 55 14 vara
448 403 101 25 fritagen
563 403 53 20 från
632 403 161 25 skyldigheten
809 404 33 19 att
856 403 37 20 vid
909 403 128 20 anfordran

196 433 75 20 inlösa
281 439 29 14 av
318 433 93 20 banken
421 433 96 25 utgivna
526 432 76 21 sedlar
612 433 52 20 med
673 433 55 25 guld
738 432 58 21 efter
806 433 66 20 derås
883 433 92 24 lydelse,
985 433 51 20 med

197 463 46 20 rätt
258 463 59 20 dock
332 462 36 20 för
383 463 143 20 riksbanken
541 462 40 24 att,
595 469 38 13 om
648 463 178 20 förhållandena
840 460 78 23 därtill
933 462 51 25 giva
998 468 39 14 an-

197 492 101 25 ledning,
309 492 49 20 före
368 492 117 25 utgången
496 499 28 13 av
533 492 103 20 nämnda
646 493 33 19 tid
689 492 153 25 återupptaga
852 492 147 25 inlösningen
1010 498 27 13 av

196 522 106 20 bankens
312 522 83 20 sedlar.

168 557 9 14 2
196 552 39 20 RD
246 552 95 25 antager
351 552 37 25 lag
398 552 51 20 med
459 552 116 20 särskilda
584 552 175 20 bestämmelser
769 557 51 19 ang.
829 551 208 25 bankaktiebolags

196 581 113 26 inlåning.

170 634 7 15 1
197 629 39 20 RD
247 630 95 24 antager
352 629 37 25 lag
398 635 38 14 om
446 629 89 20 ändrad
545 629 86 25 lydelse
641 635 28 14 av
678 629 42 20 239
732 629 9 23 8
752 629 67 25 lagen
829 629 43 20 den
882 629 27 20 22
918 628 53 26 juni
982 628 53 21 1911

200 659 39 23 (nr
250 659 37 23 74)
301 665 39 14 om
349 659 158 20 bankrörelse.

169 694 10 14 2
198 688 39 21 RD
251 689 96 25 antager
360 689 37 25 lag
409 694 38 14 om
461 688 88 21 ändrad
563 689 86 25 lydelse
662 695 28 13 av
704 689 10 20 1
730 689 9 23 $
754 689 66 24 lagen
833 689 44 19 den
890 688 13 20 3
915 688 52 25 juni
982 688 55 20 1949

201 718 39 23 (nr
250 718 53 24 314)
317 723 52 20 ang.
380 719 46 20 rätt
436 718 36 20 för
483 718 129 25 Konungen
623 719 33 20 att
666 719 6 19 i
682 719 62 19 vissa
755 718 40 20 fall
806 718 106 20 meddela
922 718 115 20 särskilda

197 748 175 20 bestämmelser
386 754 39 14 om
439 748 208 25 bankaktiebolags
662 748 155 23 kassareserv,
832 747 25 21 så
871 748 44 20 ock
929 754 38 14 om
981 747 56 20 fort-

197 778 46 20 satt
258 778 105 25 giltighet
378 784 28 14 av
421 777 66 26 lagen
502 777 44 21 den
561 778 12 20 5
588 778 52 24 juni
656 777 55 21 1953
730 778 39 22 (nr
783 777 53 24 308)
855 778 52 20 med
922 777 116 21 särskilda

197 807 175 21 bestämmelser
386 812 51 21 ang.
451 807 208 25 bankaktiebolags
673 807 105 25 inlåning
792 808 61 20 samt
866 807 37 25 lag
916 812 51 20 ang.
981 807 56 20 fort-

197 838 46 19 satt
253 837 106 25 giltighet
369 843 28 14 av
408 837 66 25 lagen
484 837 45 20 den
540 837 11 20 7
562 838 48 19 dec.
622 837 53 20 1951
691 837 40 24 (nr
741 837 52 24 767)
808 843 38 14 om
856 837 181 25 räntereglering

198 873 29 14 m.
241 873 41 17 m.;
295 867 44 20 och
351 867 63 25 giver
427 867 39 20 RD
479 867 7 20 i
499 867 111 20 skrivelse
623 867 34 20 till
670 867 27 20 K.
709 867 45 20 M:t
766 867 116 20 tillkänna
894 867 44 20 vad
950 866 87 21 banko-

196 897 115 20 utskottet
322 897 79 20 anfört
411 897 7 20 i
430 897 66 25 fråga
506 903 38 13 om
555 896 150 25 riktlinjerna
716 896 36 20 för
763 897 44 19 den
818 896 152 21 ekonomiska
981 896 56 25 poli-

196 927 72 20 tiken.

171 980 6 13 1
197 974 39 20 RD
250 975 95 24 antager
358 974 36 25 lag
406 980 38 14 om
456 974 157 23 bankrörelse,
626 974 36 25 lag
675 979 51 20 ang.
738 973 124 21 införande
873 980 29 13 av
913 979 45 19 nya
971 973 65 25 lagen

196 1010 38 13 om
247 1003 158 24 bankrörelse,
419 1004 36 25 lag
468 1009 52 19 ang.
533 1004 89 19 ändrad
636 1004 86 24 lydelse
735 1009 28 14 av
775 1003 27 21 28
812 1009 13 14 a
840 1003 9 23 $
864 1003 172 25 konkurslagen

197 1034 61 19 samt
271 1033 36 25 lag
320 1038 51 20 ang.
384 1033 89 19 ändrad
486 1033 86 25 lydelse
584 1038 28 14 av
624 1033 27 20 36
665 1033 9 22 $
688 1033 67 24 lagen
767 1033 43 20 den
824 1033 26 19 18
862 1033 52 24 juni
927 1033 55 19 1937
998 1032 39 23 (nr

196 1062 53 24 521)
262 1068 38 14 om
310 1062 143 25 aktiebolags
463 1062 120 25 pensions-
592 1062 43 20 och
645 1062 73 20 andra
728 1062 118 20 stiftelser.

168 1097 9 14 2
196 1091 39 21 RD
252 1092 96 25 antager
364 1092 37 24 lag
416 1097 38 14 om
470 1091 94 21 fortsatt
580 1091 106 25 giltighet
701 1097 27 14 av
744 1092 66 24 lagen
826 1091 44 21 den
885 1091 13 20 3
913 1091 52 25 juni
982 1091 55 20 1949

200 1121 39 23 (nr
249 1121 53 23 314)
317 1126 51 20 ang.
379 1122 46 19 rätt
436 1120 36 21 för
482 1121 130 24 Konungen
622 1121 50 20 att
655 1116 22 34 i
683 1121 61 20 vissa
755 1121 40 20 fall
806 1121 105 20 meddela
921 1120 116 21 särskilda

195 1150 176 21 bestämmelser
387 1156 38 14 om
441 1150 208 25 bankaktiebolags
665 1150 156 24 kassareserv,
837 1151 36 24 lag
888 1156 39 14 om
943 1150 94 20 fortsatt

196 1180 106 25 giltighet
317 1186 28 14 av
361 1180 66 25 lagen
444 1180 44 20 den
504 1180 12 20 5
531 1180 53 24 juni
601 1180 55 20 1953
675 1180 39 22 (nr
730 1179 52 25 308)
802 1180 52 20 med
870 1180 116 20 särskilda
1000 1179 37 21 be-

196 1210 147 20 stämmelser
355 1215 52 19 ang.
419 1209 208 25 bankaktiebolags
639 1209 106 25 inlåning
757 1210 61 19 samt
830 1209 37 25 lag
879 1214 51 20 ang.
943 1209 94 20 fortsatt

195 1239 106 25 giltighet
318 1245 28 14 av
361 1239 67 25 lagen
445 1239 43 20 den
506 1239 11 20 7
534 1239 48 20 dec.
600 1239 53 20 1951
674 1239 39 23 (nr
730 1239 52 24 767)
802 1244 38 14 om
856 1238 181 25 räntereglering

196 1275 70 14 m.m.

170 1325 7 13 1
197 1319 39 20 RD
249 1320 96 24 antager
356 1319 37 25 lag
405 1324 51 20 ang.
468 1319 89 20 ändrad
569 1319 86 25 lydelse
667 1325 28 13 av
706 1319 26 20 57
744 1319 43 20 och
799 1319 27 20 60
839 1319 24 22 $$
876 1319 66 24 lagen
954 1319 44 20 den
1010 1319 24 20 31

197 1355 62 14 mars
272 1349 55 20 1955
342 1348 40 24 (nr
393 1348 53 24 183)
460 1355 38 13 om
508 1348 151 20 bankrörelse
670 1349 60 19 samt
741 1348 37 25 lag
788 1353 51 20 ang.
851 1348 89 20 ändrad
951 1348 86 25 lydelse

197 1384 28 14 av
237 1378 28 20 29
280 1378 9 23 8
304 1379 67 24 lagen
384 1379 44 19 den
441 1378 13 20 3
466 1378 52 25 juni
533 1378 55 20 1955
605 1378 39 23 (nr
656 1378 53 23 416)
725 1384 38 13 om
776 1378 151 25 sparbanker.

169 1413 9 14 2
197 1408 39 20 RD
250 1409 96 24 antager
360 1408 36 25 lag
409 1413 38 14 om
460 1408 89 20 ändrad
563 1408 86 24 lydelse
662 1413 28 14 av
704 1408 9 19 1
729 1408 10 22 8
754 1407 66 25 lagen
833 1408 44 19 den
890 1408 12 19 3
915 1407 52 25 juni
981 1407 55 20 1949

200 1438 39 22 (nr
249 1437 53 24 314)
317 1442 52 20 ang.
380 1438 46 19 rätt
436 1437 36 20 för
483 1437 129 25 Konungen
623 1438 33 19 att
665 1437 7 20 i
682 1437 62 20 vissa
754 1437 41 20 fall
806 1437 105 20 meddela
921 1437 116 20 särskilda

195 1467 177 20 bestämmelser
386 1473 38 13 om
439 1466 207 25 bankaktiebolags
661 1466 156 24 kassareserv,
832 1466 24 20 så
871 1467 43 19 ock
928 1472 38 14 om
981 1467 56 20 fort-

196 1497 46 19 satt
258 1496 106 25 giltighet
380 1502 28 14 av
424 1502 90 14 samma
530 1496 36 25 lag
582 1497 61 19 samt
659 1496 36 25 lag
710 1501 52 19 ang.
778 1496 95 20 fortsatt
888 1496 106 25 giltighet
1010 1502 27 14 av

196 1526 67 25 lagen
272 1526 45 20 den
327 1526 12 20 7
349 1526 48 20 dec.
408 1526 54 20 1951
477 1526 39 23 (nr
526 1526 52 23 767)
592 1532 37 13 om
640 1525 181 25 räntereglering
830 1531 30 14 m.
870 1531 30 14 m.

196 1573 39 20 RD
252 1574 96 23 antager
364 1573 37 24 lag
415 1578 38 14 om
469 1572 95 20 fortsatt
579 1572 106 25 giltighet
700 1578 28 14 av
743 1573 66 24 lagen
825 1572 44 20 den
885 1572 12 20 3
912 1572 52 25 juni
982 1572 54 20 1949

200 1602 39 23 (nr
249 1602 53 24 314)
317 1607 51 20 ang.
379 1603 47 19 rätt
436 1602 36 20 för
482 1602 130 25 Konungen
622 1603 34 19 att
665 1602 7 20 i
682 1602 62 20 vissa
754 1602 41 20 fall
806 1602 105 20 meddela
921 1601 115 21 särskilda

195 1632 177 20 bestämmelser
383 1637 37 14 om
431 1631 207 25 bankaktiebolags
650 1632 155 23 kassareserv,
816 1631 43 20 och
870 1631 37 25 lag
918 1636 51 20 ang.
981 1631 56 20 fort-

196 1662 47 19 satt
253 1661 106 25 giltighet
369 1667 28 14 av
407 1661 67 25 lagen
484 1661 44 20 den
539 1661 11 20 7
562 1661 47 20 dec.
621 1661 53 20 1951
690 1661 39 24 (nr
740 1661 53 24 767)
806 1667 39 14 om
855 1661 182 24 räntereglering

196 1697 70 14 m.m.

195 1741 39 20 RD
251 1742 96 24 antager
363 1741 37 25 lag
415 1747 38 14 om
469 1741 94 20 fortsatt
579 1741 106 25 giltighet
699 1747 28 14 av
743 1741 66 25 lagen
824 1741 44 20 den
884 1741 12 20 3
911 1741 53 25 juni
981 1740 55 21 1949

199 1771 39 23 (nr
248 1771 53 23 314)
316 1776 52 20 ang.
379 1771 46 20 rätt
435 1770 37 20 för
481 1771 130 24 Konungen
621 1772 34 19 att
664 1771 7 19 i
681 1771 62 20 vissa
753 1770 41 20 fall
805 1770 105 21 meddela
920 1770 116 21 särskilda

194 1800 176 20 bestämmelser
390 1806 38 14 om
449 1800 208 25 bankaktiebolags
678 1800 148 20 kassareserv
847 1801 60 19 samt
928 1800 37 25 lag
984 1804 51 20 ang.

196 1830 95 21 fortsatt
303 1830 105 25 giltighet
420 1836 28 14 av
460 1830 66 25 lagen
538 1830 44 19 den
595 1830 11 19 7
619 1830 48 19 dec.
680 1829 54 20 1951
751 1830 39 22 (nr
802 1829 53 24 767)
870 1835 38 14 om
920 1830 116 25 räntereg-

195 1860 74 25 lering
278 1866 30 14 m.
318 1865 30 15 m.

168 1920 7 14 1
195 1914 39 20 RD
245 1915 96 24 antager
351 1914 37 25 lag
397 1920 38 14 om
446 1914 89 20 ändrad
545 1914 86 25 lydelse
642 1920 27 14 av
679 1913 28 21 54
718 1914 9 23 8
739 1914 66 24 lagen
815 1914 44 20 den
869 1914 25 20 31
906 1919 63 15 mars
980 1913 55 21 1955

198 1944 39 22 (nr
252 1944 52 23 183)
322 1950 38 13 om
373 1943 158 24 bankrörelse,
545 1944 36 24 lag
595 1948 51 20 ang.
660 1943 88 20 ändrad
762 1943 86 25 lydelse
862 1949 28 14 av
903 1943 26 20 32
945 1943 9 23 $
969 1943 66 25 lagen

195 1973 44 20 den
251 1973 12 20 3
275 1973 52 25 juni
340 1973 56 20 1955
411 1973 39 23 (nr
462 1973 52 23 416)
529 1979 39 14 om
579 1973 144 24 sparbanker
734 1974 61 19 samt
806 1973 37 24 lag
853 1979 38 13 om
903 1973 89 20 ändrad
1003 1973 32 25 ly-

195 2003 62 20 delse
267 2009 28 13 av
305 2002 27 20 40
344 2002 10 23 $
366 2003 67 24 lagen
443 2002 44 20 den
497 2002 27 20 25
535 2002 47 25 maj
596 2002 55 20 1956
665 2003 39 22 (nr
714 2002 53 23 216)
780 2008 39 14 om
828 2002 207 25 jordbrukskasse-

193 2032 103 20 rörelsen
309 2032 170 25 (ändringarna
488 2032 112 20 innebära
610 2032 34 20 att
653 2031 203 24 affärsbankerna,
865 2032 63 20 vilka
938 2031 37 21 för
984 2032 52 20 när-

194 2062 102 20 varande
309 2062 42 24 äga
364 2061 108 20 förvärva
484 2061 143 20 bostadsrätt
639 2061 34 20 till
687 2061 107 25 lägenhet
805 2061 83 20 endast
900 2061 37 20 för
949 2061 86 25 inrym-

194 2091 85 20 mande
292 2097 28 14 av
332 2091 192 23 banklokalerna,
537 2090 24 20 få
573 2090 139 25 befogenhet
725 2091 34 20 att
772 2090 108 20 förvärva
892 2090 143 21 bostadsrätt

1059 180 25 20 Jlr
1190 159 89 16 Motioner
1338 155 81 29 Utskott
1467 155 34 60 Skr
1499 171 8 40 i
1508 175 15 13 g.
1567 155 104 29 Protokoll

1190 213 30 16 FK
1222 203 23 36 |
1255 213 32 16 AK
1307 212 87 17 |SmllAvd]
1418 213 26 17 Nr
1564 213 30 16 KF
1663 213 32 16 AK

1061 283 30 22 53)
1128 286 28 20 481
1202 298 26 2 —I
1267 298 26 2 —]
1333 285 12 20 8
1368 298 26 2 —]
1424 285 144 21 221310122:
1585 286 83 20 10-122:
1685 290 21 15 75

1061 551 30 22 53)
1114 554 40 20 141
1161 547 28 37 |
1202 566 25 2 —|
1267 565 26 3 —I
1332 553 13 20 8
1368 565 26 3 —|
1424 553 144 21 231318122:
1585 558 33 16 138
1633 554 36 20 123:
1685 558 22 16 82

1061 629 31 22 54]
1143 632 13 19 6)
1202 643 91 2 —I-—]
1333 631 12 20 8
1368 625 43 36 —I
1439 625 37 36 31
1489 631 117 20 471.5:12
1615 625 23 36 |
1648 631 21 20 5:
1685 635 22 16 22

1061 689 30 21 541
1114 691 42 20 164
1184 691 42 20 [115
1250 691 42 19 1146]
1333 691 12 19 8
1368 703 26 2 —I
1424 690 93 21 271360
1533 690 194 21 123:113d(23:183d]

1061 719 30 21 54
1183 721 44 20 516
1226 715 19 36 |
1249 721 43 20 652

1061 748 28 22 54
1183 751 42 20 517
1228 745 19 36 |
1249 751 43 20 653

1061 778 31 22 54
1183 781 109 20 5181654

1061 975 30 22 55l
1143 978 13 20 31
1202 989 26 3 —I|
1267 989 26 2 —I
1333 977 12 20 8
1368 989 26 2 —]
1439 976 79 21 511461
1548 977 20 20 9:
1584 977 41 20 sed!
1648 976 78 21 9:120d

1061 1093 30 22 55]
1128 1096 28 20 64
1169 1089 14 36 |
1183 1095 109 21 406509]
1333 1095 13 20 8
1368 1107 26 2 —]
1424 1095 93 20 291355
1532 1094 194 21 122:134d/22:158d

1061 1319 30 21 56]
1128 1322 28 20 69
1166 1315 23 35 I
1202 1333 26 2 —1I
1267 1333 26 2 —TI
1333 1321 12 19 8)
1368 1332 26 3 —I
1425 1320 143 20 11:1171118:
1583 1325 22 15 57
1634 1320 35 20 118:
1685 1325 33 15 117

1061 1408 30 22 56|
1128 1411 27 20 73
1183 1410 43 20 1496
1248 1410 44 20 1654]
1333 1410 12 19 8
1368 1422 26 2 —|
1425 1410 92 20 131178
1534 1409 33 21 114:
1583 1409 85 20 32dl114:
1684 1409 41 20 sod

1061 1438 30 21 56
1183 1440 42 20 497
1228 1434 19 36 |
1249 1440 42 20 655

1061 1464 35 34 56]
1183 1470 43 20 498
1227 1465 18 34 |
1248 1469 44 21 656

1062 1574 29 22 571
1114 1576 40 20 107
1166 1570 23 36 |
1202 1588 26 2 —I
1267 1588 26 2 —I
1332 1576 13 20 8
1368 1587 26 3 —
1423 1576 144 20 201341119:
1583 1575 85 21 55dl20:
1684 1575 42 20 29d

1061 1741 29 21 58]
1127 1743 28 19 64
1183 1743 108 20 13361432]
1332 1743 13 19 8
1368 1754 25 2 —|
1424 1742 143 20 121186113:
1582 1742 85 21 35d113:
1683 1742 42 20 45d

1061 1913 30 22 59|
1127 1915 28 21 331
1201 1927 26 3 —I
1266 1927 27 3 —I
1332 1915 13 20 8
1367 1927 26 2 —
1438 1915 77 20 411171
1546 1915 21 20 8:
1583 1919 21 15 14
1612 1909 24 36 |
1647 1915 20 20 8:
1683 1919 22 15 99
