1823 2355
156 150 41 20 218
852 150 223 16 SAKREGISTER

176 442 165 26 Beskickningar
356 442 35 20 och
407 442 102 20 konsulat.

216 474 45 18 stat
273 472 33 20 för
319 472 167 26 beskickningar
499 472 39 19 och
552 472 108 19 konsulat:
675 472 98 26 personal
786 472 13 19 å
813 472 45 19 ord.
872 472 39 19 och
925 472 12 20 å
951 474 61 18 extra

216 504 45 18 stat
272 508 28 14 m.
310 508 36 18 m.;
359 502 40 20 och
411 502 87 20 anvisar
510 502 42 19 RD
564 501 33 20 till
609 501 127 26 avlöningar
746 501 38 20 vid
796 502 165 26 beskickningar
973 502 39 19 och

215 532 108 20 konsulat:
340 532 98 26 personal
454 532 12 20 å
482 531 45 20 ord.
544 532 39 19 och
599 532 11 19 å
627 533 61 19 extra
704 533 45 18 stat
764 537 67 14 m.m.
847 533 33 19 ett
895 532 75 25 anslag
984 538 28 14 av

215 562 62 20 2427
285 562 41 20 000
340 563 31 19 kr.
387 562 33 26 (f).

176 625 10 17 2
202 622 41 20 RD
258 622 88 20 anvisar
359 622 33 20 till
407 622 127 26 avlöningar
547 622 37 19 vid
599 621 166 27 beskickningar
779 622 39 19 och
832 622 109 19 konsulat:
956 623 57 19 atta-

215 652 62 20 chéer
286 654 33 18 ett
329 652 75 26 anslag
413 658 28 14 av
450 652 26 20 95
485 651 41 20 000
536 652 31 19 kr.
579 651 34 26 (r),
623 651 33 21 till
665 651 127 26 avlöningar
801 651 37 20 vid
848 651 166 27 beskickningar

215 682 39 20 och
270 682 108 20 konsulat:
395 681 203 21 handelsattachéer
612 683 33 18 ett
659 682 75 26 anslag
749 688 28 13 av
791 681 26 20 36
827 681 40 21 500
881 682 33 19 kr.
930 681 35 27 (r),
980 682 33 20 till

215 712 127 26 avlöningar
352 712 37 20 vid
401 712 166 26 beskickningar
578 712 39 19 och
628 712 109 20 konsulat:
750 711 172 27 pressattachéer
932 713 33 18 ett
976 718 37 14 an-

215 742 45 26 slag
272 748 28 14 av
314 742 25 20 78
348 742 41 20 000
402 742 32 20 kr.
448 742 33 26 (f),
495 742 32 19 till
540 741 127 26 avlöningar
679 741 37 20 vid
729 741 167 26 beskickningar
908 741 39 20 och
960 742 53 20 kon-

214 772 64 20 sulat:
293 772 160 20 skrivbiträden
468 773 33 19 ett
514 772 74 26 anslag
601 777 28 14 av
643 771 40 21 375
691 771 41 20 000
745 772 32 19 kr.
792 772 35 26 (r),
840 772 34 19 till
887 771 126 27 avlöningar

215 802 36 20 vid
264 802 166 26 beskickningar
443 802 39 20 och
495 802 109 19 konsulat:
618 803 61 18 extra
693 801 99 21 biträden
806 802 39 19 och
858 801 154 27 vaktbetjänte

214 833 34 19 ett
262 832 75 26 anslag
352 838 28 14 av
395 832 26 20 90
430 832 41 20 000
485 832 32 19 kr.
533 832 35 25 (r),
584 831 32 20 till
631 831 344 26 kontorskostnadsersättningar
989 832 24 20 åt

214 861 77 21 lönade
311 862 101 20 konsuler
430 863 33 19 ett
481 861 75 27 anslag
574 867 28 14 av
622 861 26 20 75
656 861 42 20 000
710 862 32 19 kr.
762 862 35 26 (r),
810 862 33 19 till
856 861 121 27 ersättning
989 862 25 20 åt

215 892 90 20 olönade
324 892 102 20 konsuler
444 893 34 19 ett
495 892 75 25 anslag
589 897 28 14 av
637 891 88 21 120000
744 892 32 19 kr.
796 892 33 25 (f),
848 891 33 20 till
899 897 55 14 rese-
973 892 39 20 och

214 921 264 27 flyttningsersättningar
495 923 33 18 ett
546 922 74 25 anslag
638 927 28 14 av
685 921 39 21 175
732 921 41 20 000
791 922 32 19 kr.
842 921 33 26 (f),
893 921 33 20 till
944 922 69 20 skriv-

214 952 131 20 materialier
359 958 29 14 m.
398 958 28 13 m.
442 952 37 19 vid
495 951 166 26 beskickningar
676 951 39 20 och
730 952 103 19 konsulat
847 953 34 18 ett
895 951 75 26 anslag
984 958 28 14 av

216 981 38 21 168
263 981 41 20 000
319 982 32 20 kr.
369 982 27 26 (r)
412 983 58 19 samt
485 982 33 20 till
534 981 74 26 övriga
625 982 154 19 omkostnader
794 981 37 20 vid
848 981 165 27 beskickningar

214 1011 39 20 och
269 1012 102 20 konsulat
385 1013 33 19 ett
432 1011 75 27 anslag
521 1017 28 14 av
564 1011 26 20 80
599 1011 41 20 000
654 1012 32 19 kr.
702 1011 33 26 (f).

174 1073 10 17 3
199 1070 41 20 Till
251 1071 66 26 inköp
328 1077 29 14 av
367 1073 58 17 tomt
435 1071 39 20 och
486 1071 135 26 uppförande
631 1077 28 13 av
670 1071 193 25 beskickningshus
874 1071 6 19 i
891 1070 121 21 Warszawa

213 1101 87 20 anvisas
315 1102 33 18 ett
362 1101 75 26 anslag
451 1107 28 14 av
493 1100 40 20 475
542 1100 41 20 000
597 1101 32 19 kr.
645 1101 34 25 (r).

175 1193 8 16 1
200 1190 42 20 För
254 1190 136 26 tillbyggnad
402 1196 28 14 av
443 1190 217 26 beskickningshuset
671 1190 6 19 i
690 1190 142 26 Washington
845 1189 87 20 anvisas
944 1190 68 20 under

214 1220 90 26 utgifter
320 1220 34 20 för
370 1220 172 26 kapitalökning,
560 1221 83 19 statens
660 1220 109 25 allmänna
786 1220 176 25 fastighetsfond,
979 1222 33 18 ett

213 1250 75 26 anslag
301 1256 29 14 av
346 1250 38 20 143
393 1250 41 19 000
448 1250 31 20 kr.
495 1250 34 26 (r).

174 1312 10 17 2
200 1309 41 20 RD
256 1310 126 26 godkänner
395 1310 137 26 förteckning
546 1312 52 17 över
612 1310 98 26 personal
724 1310 12 19 å
751 1310 45 19 ord.
811 1309 39 20 och
865 1310 12 19 å
891 1311 61 18 extra
967 1311 45 18 stat

213 1339 36 20 vid
266 1340 167 26 beskickningar
449 1340 39 20 och
505 1340 109 23 konsulat;
632 1340 39 19 och
687 1339 127 26 godkänner
830 1339 42 20 RD
889 1339 123 26 avlönings-

213 1371 45 18 stat
271 1369 33 21 för
317 1370 166 26 beskickningar
496 1370 40 20 och
549 1369 109 20 konsulat:
673 1369 99 26 personal
785 1369 12 20 å
811 1369 45 20 ord.
871 1369 39 20 och
924 1369 12 20 å
949 1371 62 18 extra

213 1401 45 18 stat
270 1406 28 13 m.
308 1406 36 17 m.;
358 1400 38 19 och
409 1400 111 26 medgiver
531 1400 49 23 RD,
593 1401 34 19 att
639 1399 223 26 befattningshavare,
874 1405 47 14 som
932 1399 80 26 tjänst-

212 1431 38 24 gör
266 1430 6 19 i
289 1430 99 20 Calcutta
405 1430 39 19 och
461 1430 92 26 Bogotå,
570 1430 42 23 må,
629 1429 40 20 där
684 1429 105 20 särskilda
806 1429 47 20 skäl
870 1429 73 20 därför
959 1429 51 23 tala,

213 1459 92 20 tilldelas
316 1460 76 26 bidrag
402 1460 33 19 till
444 1459 123 20 kostnaden
577 1459 34 20 för
621 1459 97 20 hemresa
728 1459 69 20 under
807 1460 103 19 semester
919 1465 26 14 en
955 1459 57 26 gång

212 1491 119 18 vartannat
350 1490 30 23 år,
400 1491 102 18 ävensom
522 1491 34 18 att
574 1489 98 23 kanslist,
688 1495 46 14 som
749 1489 110 26 tjänstgör
873 1489 12 20 å
901 1490 34 19 ort
950 1490 61 18 utom

213 1519 94 26 Europa,
320 1520 6 19 i
338 1519 60 26 fråga
411 1525 34 14 om
457 1519 136 20 tilldelandet
604 1525 28 14 av
644 1519 173 26 hemresebidrag
828 1519 89 20 beredes
928 1524 82 15 samma

212 1549 103 26 ställning
329 1555 46 14 som
390 1549 74 26 övriga
480 1549 216 26 befattningshavare
711 1549 12 20 å
738 1549 60 26 dylik
813 1550 41 22 ort;
870 1549 39 20 och
924 1549 88 19 anvisar

213 1579 42 20 RD
272 1579 32 20 till
321 1579 127 26 avlöningar
464 1579 36 20 vid
519 1579 166 26 beskickningar
701 1579 39 20 och
757 1578 108 21 konsulat:
883 1578 98 27 personal
999 1579 11 19 å

213 1609 44 20 ord.
274 1609 38 20 och
328 1610 11 19 å
354 1611 62 18 extra
430 1611 46 18 stat
489 1615 29 14 m.
528 1615 28 14 m.
572 1611 33 18 ett
619 1609 74 26 anslag
707 1615 28 14 av
749 1609 13 19 2
771 1608 40 20 490
820 1608 41 20 400
874 1609 33 19 kr.
922 1608 33 26 (f).

172 1665 11 17 3
198 1663 40 20 Till
252 1663 127 26 avlöningar
392 1663 37 20 vid
443 1663 166 26 beskickningar
623 1663 39 20 och
676 1663 108 20 konsulat:
799 1663 112 19 attachéer
924 1662 87 21 anvisas

212 1694 33 19 ett
259 1693 75 26 anslag
349 1699 28 14 av
392 1693 27 20 90
427 1692 41 21 000
483 1693 32 20 kr.
532 1693 34 26 (r).

173 1749 10 17 4
198 1747 41 20 Till
253 1747 128 26 avlöningar
396 1747 36 19 vid
448 1747 166 26 beskickningar
629 1747 39 20 och
684 1747 108 20 konsulat:
809 1746 202 20 handelsattachéer

212 1777 86 20 anvisas
313 1778 33 19 ett
361 1777 74 25 anslag
449 1783 29 14 av
492 1777 26 20 38
527 1776 41 21 500
582 1777 32 19 kr.
630 1776 34 26 (r).

173 1833 10 17 5
198 1831 42 19 RD
256 1831 126 25 godkänner
397 1831 159 25 avlöningsstat
571 1831 33 19 för
619 1830 172 26 pressattachéer
805 1832 57 18 samt
876 1830 87 20 anvisar
977 1830 34 20 till

212 1861 127 25 avlöningar
360 1861 37 19 vid
416 1860 167 26 beskickningar
601 1861 39 19 och
660 1860 108 20 konsulat:
788 1860 172 26 pressattachéer
978 1861 33 19 ett

212 1890 74 26 anslag
300 1896 28 14 av
344 1890 87 20 102100
444 1891 32 19 kr.
492 1890 33 26 (f).

172 1947 11 16 6
197 1944 42 20 Till
260 1944 128 26 avlöningar
409 1944 37 20 vid
469 1944 166 26 beskickningar
656 1944 40 20 och
718 1944 108 20 konsulat:
849 1943 161 21 skrivbiträden

211 1974 87 20 anvisas
311 1975 33 19 ett
357 1974 75 26 anslag
444 1980 28 14 av
485 1974 41 20 360
534 1973 41 20 000
587 1974 32 20 kr.
634 1974 34 26 (r).

173 2030 9 17 7
198 2027 41 20 Till
250 2027 128 26 avlöningar
388 2027 38 20 vid
437 2027 166 26 beskickningar
615 2027 39 20 och
665 2028 109 19 konsulat:
786 2029 62 18 extra
859 2027 100 20 biträden
971 2027 40 20 och

212 2057 155 26 vaktbetjänte
382 2057 86 20 anvisas
483 2059 33 18 ett
530 2057 74 27 anslag
618 2063 28 14 av
661 2057 39 20 105
709 2057 41 20 000
764 2058 31 19 kr.
811 2057 34 26 (r).

1308 227 96 17 Utskotts-

1477 227 55 16 Riks-

1093 249 55 35 Kungl.
1203 276 3 3 ;
1297 249 117 34 utlåtanden,
1469 249 70 34 dagens
1599 245 117 34 Rammrnar

1096 283 53 18 Maj:ts]
1161 276 92 16 Motioner]
1280 287 94 16 memorial
1388 287 43 16 eller
1485 271 41 36 lärts
1588 275 140 20 förhandlingar

1041 306 26 21 År
1095 316 51 15 Ipropir
1290 317 132 16 betänkanden
1473 311 60 32 velser
1614 304 88 21 (EOR

1103 343 36 14 eller
1283 365 4 4 -

1095 372 54 15 IVT
1163 383 33 16 R
1214 383 35 16 AR
1271 371 16 51 3
1313 377 15 43 Z
1353 383 90 17 Nummer|
1460 383 91 16 Nummer
1572 367 62 48 Höger
1688 370 55 41 NR

1207 436 1 40 |
1343 443 2 26 |

1028 472 56 20 1936
1207 477 1 11 |
1343 477 2 5 I

1206 489 2 63 |
1343 510 2 21 |

1206 554 2 11 I
1343 537 2 22 I

1206 570 2 35 |
1343 570 2 35 |

1031 621 111 20 1986)1:8
1170 615 82 21 [===
1278 622 12 20 156
1313 615 32 47 =
1376 622 71 20 38.18]
1483 622 58 20 3:58]
1578 622 66 20 13:48
1647 612 22 42 |
1678 622 66 19 14:22

1098 652 21 20 pt
1133 652 10 15 4
1206 634 2 35 |

1097 676 47 16 18150
1195 663 11 41 |

1207 699 1 21 |

1206 725 2 31 |

1206 761 2 17 I

1302 822 1 10 |

1302 847 1 17 |
1658 842 1 6 I

1302 865 1 19 |

1302 885 1 17 I

1301 922 2 10 I
1657 916 2 20 I

1031 1069 52 20 1936]
1116 1069 8 19 1
1141 1065 31 34 |
1169 1081 27 2 —!I
1224 1081 27 2 —1I
1278 1070 62 19 6|—])
1361 1070 26 19 59
1456 1069 39 19 162
1575 1070 54 20 22:1
1636 1065 31 34 |
1676 1069 33 20 22:
1721 1071 24 17 40

1091 1094 37 30 Ufk
1138 1098 10 16 2

1030 1187 53 21 1937]
1107 1188 26 20 93
1144 1183 27 35 |
1168 1200 28 1 —|
1223 1200 27 2 —I
1277 1188 13 20 61
1312 1201 26 2 —]
1361 1188 26 20 34
1468 1187 26 20 67
1578 1189 30 19 16:
1620 1190 25 17 89
1646 1183 22 34 |
1678 1187 32 20 16:
1721 1189 24 18 58

1030 1306 53 21 19371
1101 1307 40 20 1:3]
1169 1318 27 2 —I|
1223 1319 27 2 —I
1277 1308 62 19 6)—]
1375 1307 12 20 3
1401 1309 32 18 s.51
1482 1306 12 19 3
1508 1306 32 20 s.41
1577 1308 67 20 19:19
1645 1302 18 35 |
1678 1306 67 20 18:15

1096 1338 22 20 pt
1131 1337 11 16 3

1029 1664 53 20 19371
1100 1664 40 20 1:3]
1168 1675 28 3 —!|
1223 1676 27 3 —1
1277 1664 61 19 61—]
1374 1664 13 20 3
1401 1664 46 20 s.12):
1482 1663 12 20 3
1509 1665 31 18 s.7
1550 1659 18 35 |
1577 1663 67 20 19:19
1646 1659 18 35 |
1678 1663 67 21 18:18

1096 1695 21 20 pt
1131 1694 10 16 4

1029 1748 53 20 19371]
1100 1748 40 20 1:38]
1168 1759 28 2 —|
1222 1760 28 2 —1I
1277 1748 12 19 6
1312 1760 26 2 |—]..
1374 1748 12 20 3
1401 1748 45 20 s.12].
1482 1746 12 21 3
1508 1749 32 18 s.7
1545 1742 23 35 I
1576 1747 68 20 19:19
1646 1742 18 35 |
1677 1747 68 20 18:15

1096 1779 22 19 pt
1131 1778 10 16 5

1029 1831 53 20 19371
1100 1831 39 20 1:3]
1168 1842 28 2 —
1204 1826 7 35 I!
1222 1843 28 3 —I
1276 1832 63 19 6|—)|
1374 1832 12 19 3
1401 1832 46 19 s.18l
1482 1831 12 19 3
1508 1833 32 17 s.7
1545 1826 23 35 I
1577 1830 67 20 19:19
1646 1826 18 35 |
1678 1830 68 20 18:15

1095 1862 22 20 pt
1131 1862 10 15 6
1204 1869 2 43 |

1029 1944 53 21 1937]
1100 1945 40 19 1:3]
1168 1956 28 3 —!|
1222 1956 28 3 —1]
1277 1945 62 19 6)—|
1374 1944 13 20 3
1401 1944 46 20 s.15l
1482 1944 12 20 3
1508 1945 32 19 s.8
1545 1940 22 34 |
1577 1944 68 20 19:19
1647 1940 18 34 |
1678 1944 68 20 18:15

1095 1975 22 20 pt
1130 1975 10 15 7

1030 2028 52 20 19371
1100 2028 40 19 1:31]
1168 2040 28 2 —I|
1222 2039 28 3 —I1
1277 2027 63 20 61—'
1375 2027 12 20 3
1402 2027 45 20 s.15l
1482 2027 12 20 3
1509 2027 31 20 s.8.1
1577 2027 68 20 19:19
1644 2023 18 34 |
1678 2027 68 20 18:15

1096 2058 21 20 pt
1131 2058 10 15 8
