1855 2361
814 154 135 15 SAKREGISTER

95 432 236 26 Dalautredningen;
347 440 22 13 se
385 432 227 27 Jordförhållandena
627 432 9 21 i
652 432 152 27 Kopparbergs
820 432 42 21 län.

96 491 74 22 Dalen
186 497 30 15 nr
232 493 24 27 1;
272 500 21 13 se
310 492 167 27 Avsöndringar
493 492 71 28 (1928:
576 492 41 26 86).

96 550 123 22 Dalälven.

126 584 53 24 Ang.
197 582 168 20 broförbindelse
381 584 50 18 över
449 582 103 20 Dalälven
569 582 36 20 vid
620 582 68 24 Mora;
710 588 21 14 se
746 582 132 26 Järnvägar,
896 583 38 19 sta-

141 615 47 18 tens
204 612 72 25 (1921:
288 612 40 25 41).

96 670 128 21 Dalälvens
232 668 262 29 regleringsförening;
502 678 21 14 se
536 670 187 28 Vattenfallsverk,
732 673 79 18 statens
820 671 73 24 (1921:
901 676 32 19 22;

143 702 62 20 1922:
219 707 30 18 15;
269 701 62 20 1923:
343 707 18 18 5;
381 701 62 20 1928:
455 701 25 26 2).

96 759 303 25 Damkonfektionsvaror;
415 767 22 14 se
456 760 119 21 Tulltaxan
591 759 72 28 (1923:
675 760 25 26 9).

94 819 119 21 Danaarv.

123 851 38 19 RD
178 850 108 29 medgiver
302 850 178 20 efterskänkande
500 857 25 12 av
545 850 92 19 kronans
656 851 41 18 rätt
716 849 33 20 till
769 849 93 20 danaarv
881 849 53 20 efter

139 880 70 19 änkan
227 880 56 19 Sofia
300 880 110 19 Albertina
425 880 99 24 Jonsson,
541 880 14 19 f.
574 879 127 26 Bergström,
718 880 47 19 från
785 879 75 26 Berga;
881 879 53 20 efter

140 910 158 25 bleckslagaren
315 910 51 19 Karl
384 910 78 19 Gustaf
478 910 43 19 Lax
539 910 46 19 från
602 909 75 23 Gävle;
695 909 53 20 efter
763 909 118 25 husägaren
892 909 41 19 An-

139 939 47 20 ders
205 940 70 19 Johan
295 940 120 19 Pettersson
434 940 47 19 från
501 939 113 23 Mellerud;
635 941 55 18 samt
709 939 53 20 efter
781 941 14 18 t.
812 939 15 19 f.
844 939 90 19 kommi-

140 969 79 20 nistern
237 971 83 24 August
336 969 85 26 Nyberg
436 969 7 20 i
460 969 73 20 Länna
549 969 131 24 församling.

125 1035 37 20 RD
182 1034 108 26 medgiver
309 1034 179 21 efterskänkande
505 1041 25 13 av
546 1034 92 20 kronans
658 1036 41 18 rätt
718 1034 33 20 till
769 1034 93 20 danaarv
881 1034 53 20 efter

139 1065 69 20 änkan
226 1065 65 19 Erika
307 1065 97 20 Kristina
420 1065 77 20 Olsson
508 1065 47 28 från
566 1064 96 26 Lilltorp,
676 1064 135 20 Stockholms
824 1064 45 23 län;
881 1064 53 20 efter

140 1095 108 19 arbetaren
266 1095 91 19 Rasmus
373 1094 76 20 Olsson
466 1095 46 19 från
530 1091 61 23 Östra
608 1094 120 26 Svenstorp,
741 1094 136 20 Stockholms
888 1094 44 23 län;

140 1125 52 19 efter
203 1124 164 20 dödförklarade
378 1124 60 20 Hans
450 1125 70 19 Petter
531 1124 109 26 Berglind;
656 1124 38 20 och
706 1124 108 25 medgiver
825 1124 37 19 RD
874 1124 59 19 efter-

139 1154 124 20 skänkande
275 1161 25 13 av
312 1154 79 27 fjorton
402 1154 142 20 femtondelar
555 1161 26 13 av
592 1154 26 20 de
629 1153 76 25 medel,
721 1161 46 13 som
784 1154 90 20 tillfallit
889 1154 45 19 kro-

139 1191 42 13 nan
192 1185 70 19 såsom
274 1184 93 20 danaarv
379 1185 53 19 efter
443 1184 67 20 Maria
520 1184 97 20 Kristina
627 1184 126 24 Pettersson,
769 1184 14 20 f.
796 1183 137 24 Olofsdotter,

139 1216 56 18 samt
211 1221 25 13 av
252 1214 83 20 hälften
352 1221 26 13 av
394 1214 25 20 de
436 1213 77 26 medel,
530 1220 46 14 som
592 1213 91 20 tillfallit
698 1213 81 20 kronan
790 1215 70 19 såsom
872 1213 61 20 dana-

139 1251 36 13 arv
192 1244 53 20 efter
261 1244 187 26 lägenhetsägaren
464 1244 47 19 Nils
528 1243 119 26 Lundgren.

147 1304 29 19 RD
193 1303 109 26 medgiver
317 1303 179 20 efterskänkande
512 1310 26 13 av
554 1303 92 20 kronans
665 1305 42 18 rätt
725 1303 34 20 till
778 1304 56 19 vissa
852 1303 80 20 kronan

138 1333 165 20 tillkommande
322 1333 175 20 danaarvsmedel
514 1333 53 20 efter
582 1333 71 19 änkan
669 1334 63 19 Anna
747 1333 67 20 Maria
825 1333 109 20 Charlotta

138 1363 77 27 Nylén,
232 1363 52 20 född
301 1363 120 24 Fernblom,
438 1363 48 20 från
502 1362 83 21 Fösked
601 1363 7 19 i
624 1362 71 27 Nyeds
708 1363 84 24 socken,
805 1362 127 21 Värmlands

139 1393 41 20 län.

97 1457 6 15 1
123 1452 38 20 RD
180 1452 109 26 medgiver
307 1452 179 20 efterskänkande
502 1459 26 13 av
544 1452 92 20 kronans
655 1454 42 18 rätt
715 1452 34 20 till
768 1452 94 20 danaarv
880 1452 54 20 efter

138 1482 191 26 hemmansägaren
346 1482 90 26 Magnus
452 1482 124 20 Dahlström
592 1482 47 20 från
656 1482 50 20 Wik
721 1482 7 20 i
744 1481 100 27 Ljusdals
856 1482 76 20 socken

138 1519 25 13 av
180 1512 129 26 Gävleborgs
325 1512 45 24 län;
388 1512 53 20 efter
456 1512 226 27 jordbruksarbetaren
699 1512 52 19 Karl
762 1512 65 20 Artur
837 1511 96 21 Leonard

138 1542 94 20 Ollkvist
247 1542 47 20 från
311 1542 110 26 Selångers
438 1542 78 20 socken
532 1542 6 19 i
555 1541 188 21 Västernorrlands
757 1541 44 24 län;
814 1543 56 19 samt
880 1542 53 19 efter

138 1572 125 25 fildragaren
280 1572 78 20 Gustaf
374 1572 98 20 Carlsson
489 1568 68 30 Östby
573 1571 47 20 från
636 1572 51 19 Fors
703 1571 125 26 församling
841 1572 7 19 i
860 1571 72 20 Söder-

138 1601 114 21 manlands
266 1602 41 20 län.

95 1666 9 15 2
123 1661 38 20 RD
178 1661 109 26 medgiver
303 1661 178 20 efterskänkande
498 1668 25 13 av
539 1661 93 20 kronans
648 1663 42 18 rätt
706 1661 33 20 till
755 1661 83 20 hälften
854 1668 25 13 av
891 1661 41 20 den

138 1691 82 20 kronan
236 1691 103 20 tillfallna
355 1691 192 26 kvarlåtenskapen
563 1691 53 20 efter
632 1691 76 20 Lovisa
723 1691 103 20 Karolina
845 1691 86 20 Petters-

139 1727 38 14 son
193 1721 48 20 från
257 1721 100 26 Uppsala.

123 1780 37 20 RD
177 1780 109 26 medgiver
301 1780 179 20 efterskänkande
496 1786 26 14 av
538 1786 26 13 en
580 1779 104 27 fjärdedel
701 1786 25 13 av
742 1780 82 20 kronan
840 1780 92 20 tillkom-

138 1809 78 21 mande
233 1809 92 20 danaarv
342 1810 53 20 efter
411 1811 63 18 Anna
489 1809 103 20 Karolina
610 1809 66 20 Sillén
696 1810 47 19 från
762 1810 74 20 Järvsö
855 1810 77 20 socken

139 1840 7 19 i
163 1839 130 26 Gävleborgs
309 1839 42 20 län.

124 1899 37 20 RD
177 1898 115 26 medgiver,
309 1901 32 17 att
356 1899 93 19 kronans
464 1900 42 18 rätt
522 1899 33 19 till
571 1899 93 20 danaarv
683 1899 53 19 efter
755 1898 67 20 Hilda
840 1899 94 20 Josefina

139 1928 26 20 de
181 1929 110 25 Reverony
308 1928 31 20 S:t
356 1928 41 26 Cyr
413 1929 42 23 må,
472 1929 53 19 efter
541 1928 78 26 avdrag
635 1935 26 13 av
677 1928 51 20 därå
744 1928 118 26 belöpande
875 1928 57 20 kam-

138 1958 310 20 maradvokatfiskalsämbetet
478 1958 165 20 tillkommande
675 1958 172 20 aktoratsarvode
873 1958 60 20 efter-

139 1988 93 20 skänkas
254 1988 34 20 till
309 1988 85 20 förmån
416 1988 33 20 för
471 1988 118 20 Constance
610 1988 105 27 Rozycka,
737 1988 68 20 under
828 1988 104 20 förbehåll

139 2018 55 20 dock
210 2019 31 19 att
257 2018 42 20 hon
316 2018 44 20 före
372 2017 145 21 arvsmedlens
528 2018 159 20 utbekomande
698 2018 62 24 visar,
773 2020 31 18 att
815 2019 30 19 ett
856 2018 77 26 belopp

139 2055 26 13 av
181 2048 65 27 fyrtio
262 2048 91 24 kronor.,
370 2054 46 14 som
433 2048 43 20 hon
495 2055 76 19 genom
591 2048 55 20 Göta
664 2048 95 20 hovrätts
778 2048 51 20 dom
848 2048 40 20 den
906 2048 26 20 27

71 2100 29 18 44,
115 2102 91 18 Sakrogister
214 2103 13 14 I.

1647 151 42 21 345

955 208 111 26 TR
1400 210 168 27 SRS

969 238 18 29 mm
1026 234 35 27 25
1228 238 106 29 Utskotts-
1403 224 51 47 ER

972 267 17 5 =
1025 261 41 20 128
1125 271 3 4 3
1400 251 70 29 lagens
1527 255 117 17 Kamrarnas

972 277 17 12 ”
1049 283 3 4 >
1071 267 12 30 |
1083 271 94 18 Motioner
1221 268 119 29 utlåtanden
1428 284 21 9 Ra
1527 287 3 3 S
1603 285 4 3 3

972 293 11 9 a
1025 292 41 19 [ag
1216 301 35 18 les
1264 307 62 12 mds
1328 302 35 17 a
1401 281 57 30 skri-
1512 285 145 22 förhandlingar

971 307 18 27 3
1025 304 41 32 ER
1205 307 10 12 E
1403 314 63 17 velser

967 338 16 24 2
1025 335 39 29 li
1224 355 2 5 |
1333 350 49 2 a
1581 357 1 3 |

971 366 17 25 ”
1025 363 36 35 23
1086 379 34 16 FK
1138 379 35 16 JAK
1198 352 70 50 zlel
1306 388 5 7 ,
1353 369 17 31 2
1407 356 64 41 SG
1488 357 79 38 Första
1581 361 1 30 |
1601 369 64 17 Andra

1044 400 16 17 =
1198 398 28 23 Fl
1332 398 86 25 BES
1439 395 1 31 |
1454 397 17 18 >
1470 389 20 30 |
1496 393 71 16 kamm.
1581 399 2 26 I
1597 393 71 17 kamm.

1332 433 1 20 |
1439 441 1 12 |

1224 569 1 24 |
1332 566 1 15 |

1224 602 1 13 I

1224 727 1 23 |
1331 729 1 6 Rö

1224 773 1 15 |
1387 783 2 11 |

1387 819 1 13 a

949 848 53 22 19211
1022 849 41 21 168
1203 846 22 26 6|
1246 850 8 19 11
1293 844 39 32 48)
1387 840 53 31 151]
1462 836 25 49 |
1500 852 69 20 25:56)
1601 853 69 20 30:88

1224 899 1 29 rö

1224 933 108 50 ERE

1439 964 1 16 I

1224 992 1 20 |
1331 988 109 43 FS

949 1033 56 23 1922]
1021 1035 42 19 212
1202 1034 52 21 6/11
1292 1037 40 35 41
1387 1030 53 34 129)
1500 1036 54 21 |28:2
1566 1026 26 50 |
1601 1037 54 20 314

1223 1108 1 19 |
1439 1090 1 17 I

1223 1132 1 13 I

1386 1204 2 17 |

1386 1225 2 30 |

949 1302 56 22 1923]
1022 1303 39 20 197
1200 1303 118 22 GIEE303
1394 1304 39 20 126
1499 1305 27 20 28:
1544 1310 24 16 18
1571 1300 19 37 |
1600 1305 26 20 27:
1645 1310 24 15 34

1180 1346 2 28 |

948 1451 56 22 19241
1021 1452 41 20 144
1200 1452 12 20 6)
1243 1452 10 19 1)
1290 1455 28 19 40
1392 1453 41 20 116
1498 1454 68 20 27:21
1568 1450 18 34 |
1600 1454 68 21 28:19

1180 1498 1 33 |

971 1669 8 10 »
1132 1661 41 21 2391
1200 1661 12 20 61
1242 1660 76 23 11115
1391 1662 42 20 259
1498 1662 55 20 42:9
1559 1658 31 34 |
1599 1662 69 21 42:39

947 1779 57 22 19251
1020 1773 54 27 201
1058 1769 18 45 |
1200 1781 12 19 6|
1242 1779 11 21 1/1
1292 1782 27 19 64
1393 1781 40 19 164]
1463 1770 28 44 |
1499 1781 69 20 28:15
1567 1770 18 44 |
1600 1781 69 20 31:10

948 1897 57 23 1926]
1028 1899 26 20 65
1201 1899 12 20 6)
1243 1899 11 20 11
1291 1900 29 20 44
1393 1900 40 20 102
1501 1900 52 20 17:6
1569 1896 22 34 |
1601 1900 68 21 16:66

1682 2055 2 14 I
