1847 2357
170 157 42 21 596
904 159 136 15 SAKREGISTER

1500 226 53 17 Riks-

1490 252 72 30 dagens
1619 256 117 17 Kamrarnas

1504 282 46 31 skri-
1604 285 145 22 förhandlingar

1496 316 63 18 velser

1332 245 95 17 Utskotts-

1175 271 94 31 Motioner
1321 274 112 18 utlåtanden

1297 304 47 18 eller
1356 304 99 18 memorial

1059 328 22 68 18838
1064 251 17 72 psAIA

1117 298 17 104 198]9ALIYS
1117 239 17 47 IO]9

1136 369 17 53 ”doad
1136 296 22 65 sy:lem
1136 221 22 70 [uns

1593 370 68 17 Första
1664 365 24 31 |
1695 369 65 17 Andra

1179 383 32 17 FE
1231 383 34 17 AR
1590 394 71 17 kamm.
1662 390 24 30 |
1691 394 71 16 kamm.

1290 365 17 57 "Tues

1332 370 70 29 AE

1332 401 65 12 ls

1445 372 18 45 BpIs

1499 381 17 28 IN

1547 372 17 44 epIg

188 441 179 27 Föreläsningar.

233 472 95 20 nämnda
350 471 215 26 reservationsanslag
588 471 32 20 för
639 470 125 26 budgetåret
781 468 124 28 1930/1931
923 470 30 19 ett
968 469 61 19 extra
1043 467 55 21 1930

233 502 73 26 anslag
322 509 25 13 av
364 501 27 21 29
402 501 41 20 900
460 501 30 20 kr.

1432 561 37 17 198|8
1488 557 38 19 Al
1543 561 25 15 99]
1587 556 68 21 18:87
1689 555 82 21 |19:100

1295 557 11 20 >

1337 557 9 20 -

1400 558 12 19 oo

192 568 6 15 1
213 570 12 13 a
236 562 42 20 Till
301 561 137 21 anordnande
458 568 26 14 av
500 560 230 26 folkbildningskurser
745 558 111 29 (flyttande
872 557 154 27 folkhögskole-|
1066 566 8 10 »
1116 557 40 20 |1:8
1226 557 42 20 212

233 592 80 26 kurser)
337 592 84 21 anvisas
440 592 32 19 för
496 591 124 25 budgetåret
645 589 124 28 1930/1931
787 591 30 18 ett
835 591 60 18 extra
913 588 73 26 anslag
1002 594 25 14 av
1107 598 17 16 p.
1129 592 40 18 249]

233 623 28 19 40
272 622 42 21 000
331 622 31 20 kr.

190 688 9 15 2
218 683 74 20 Såsom
318 682 73 26 bidrag
414 681 33 21 till
464 680 103 21 täckande
590 687 25 14 av
631 679 143 21 kostnaderna
790 679 32 20 för
838 679 26 20 de
880 677 146 26 föreläsnings-|
1066 685 7 10 >»
1115 677 41 21 11:38
1220 674 2 4 |
1294 677 12 20 6)
1337 676 9 21 11]
1399 676 100 22 8l20818
1509 677 58 19 Aloal
1593 676 69 20 18:87
1688 674 81 21 [19:101

232 713 81 23 kurser,
338 719 45 14 som
408 712 47 19 från
478 711 152 20 universiteten
646 710 7 20 i
669 709 95 27 Uppsala
785 709 40 20 och
841 708 63 21 Lund
919 708 65 21 varda
1000 708 26 26 på
1106 718 17 17 p.
1127 713 34 22 251

233 743 91 25 begäran
347 748 48 14 vare
421 742 31 25 sig
475 748 26 14 av
524 740 128 24 institution,
677 746 46 14 som
745 740 19 26 ej
782 740 94 26 åtnjuter
892 738 86 21 särskilt
993 737 32 20 till

232 771 253 28 populärvetenskapliga
507 770 153 26 föreläsningar
679 769 89 27 beviljat
784 768 176 24 statsunderstöd,
977 767 50 21 eller

233 809 26 14 av
275 803 42 20 viss
334 802 105 20 kommun
455 801 52 20 eller
522 800 85 21 enskild
623 807 76 19 person
715 799 122 21 anordnade
848 800 31 19 att
890 798 68 21 under
968 797 59 21 tiden

234 832 10 20 1
262 832 41 27 juli
321 831 116 21 1930—30
453 831 48 27 juni
519 830 55 21 1931
588 830 51 20 eller
650 836 73 14 senare
734 829 68 21 hållas
813 831 60 19 utom
884 828 142 21 universitets-
1220 834 2 19 |
1474 839 2 25 |

233 862 105 25 städerna,
361 862 84 20 anvisas
466 861 32 20 för
522 860 125 26 budgetåret
672 858 124 29 1930/1931
817 861 30 19 ett
863 861 60 18 extra
938 864 88 14 reserva-
1220 854 2 5 I

232 892 132 26 tionsanslag
379 899 26 13 av
422 891 64 21 9500
503 891 38 24 kr.,
559 897 64 14 varav
634 890 12 20 5
656 890 42 20 000
710 890 31 20 kr.
753 889 33 21 till
798 889 95 27 Uppsala
903 888 125 21 universitet
1478 868 2 40 |

231 923 40 20 och
288 922 65 21 4500
370 922 30 20 kr.
418 921 34 21 till
468 920 74 21 Lunds
559 920 130 21 universitet.

1594 975 67 21 18:87
1686 973 33 21 19:
1731 978 37 16 101

1561 981 7 13 Ed

190 987 9 15 3
219 982 74 20 Såsom
310 982 74 25 bidrag
400 981 32 20 till
449 980 136 21 bestridande
601 986 26 14 av
643 979 144 21 kostnaderna
800 979 32 20 för
843 978 26 21 de
880 978 147 25 föreläsnings-|
1066 984 8 11 >»
1116 977 41 20 |1:8
1295 976 12 20 61.1
1400 975 12 19 8
1430 974 70 21 120418
1510 976 47 18 Aho

233 1012 80 24 kurser,
331 1018 46 14 som
393 1013 36 18 äro
445 1010 93 21 avsedda
549 1012 32 18 att
593 1016 121 14 sommaren
732 1009 56 20 1930
800 1008 51 21 eller
862 1014 72 15 senare
947 1008 7 20 i
966 1007 61 20 Lund
1108 1018 17 16 p.
1128 1003 37 35 253
1531 1010 1 25 |

233 1042 105 20 anordnas
354 1042 33 19 för
402 1041 152 23 allmänheten,
571 1040 84 20 anvisas
670 1040 34 19 för
714 1039 125 25 budgetåret
856 1037 125 27 1930/1931
998 1039 31 18 ett

233 1073 59 19 extra
308 1070 215 26 reservationsanslag
539 1076 26 14 av
581 1069 13 20 8
604 1069 42 21 000
663 1069 32 21 kr.

244 1106 24 18 Se
277 1106 35 17 ock
321 1105 115 19 Juridiska
445 1104 172 22 föreläsningar,
627 1104 198 18 Nationalmuseum
834 1102 58 23 (1926:
901 1102 22 22 4),
933 1102 94 22 Nykter-

256 1130 39 19 het
308 1129 69 23 (1926),
391 1128 232 20 Universitetscirklar
634 1127 65 22 (1926).
1037 1144 2 12 I

187 1187 313 28 Föreläsningskonsulent;
512 1196 22 13 se
542 1181 171 38 Föreläsningar
721 1187 72 26 (1921:
806 1192 19 19 1;
837 1186 91 24 1922:1;
940 1185 87 24 1923:1;

235 1220 62 21 1924:
310 1226 20 18 1;
352 1220 95 24 1925:1;
470 1219 95 24 1926:1;
584 1218 96 24 1927:1;
698 1217 96 24 1928:1;
814 1216 94 24 1929:2;
927 1215 100 26 1930:1).

188 1283 184 27 Föreläsnings-
381 1283 47 22 och
437 1282 259 26 studiecirkelkurser;
708 1290 22 14 se
739 1281 172 27 Föreläsningar
917 1281 73 26 (1929:
1002 1281 25 25 2).

189 1349 158 28 Föreningar,
363 1350 149 24 ekonomiska;
529 1356 22 14 se
567 1348 146 22 Ekonomiska
727 1347 136 28 föreningar.
1674 1344 2 40 |

189 1415 149 27 Föreningar
354 1415 39 22 för
405 1413 230 29 jordbrukskredit;
652 1421 21 14 se
689 1412 200 23 Jordbrukskredit.

189 1481 150 27 Föreningar
355 1479 39 23 för
408 1479 62 22 vård
482 1484 30 17 av
524 1477 141 24 skrofulösa
675 1479 73 24 barn;
759 1486 22 14 se
796 1476 234 28 Tuberkulossjukvård

233 1513 72 26 (1927:
320 1518 16 19 1;
355 1512 63 24 1928;
432 1517 16 19 1;
468 1511 63 20 1929:
543 1516 18 19 2;
581 1510 62 20 1930:
656 1510 26 25 8).

187 1576 152 27 Föreningen
356 1575 38 23 för
411 1574 190 27 arbetarskydd;
618 1582 22 14 se
656 1574 170 28 Arbetarskydd.

188 1642 153 27 Föreningen
357 1640 39 23 för
412 1639 100 24 bistånd
528 1639 27 22 åt
570 1638 105 23 vanföra
690 1639 7 21 i
713 1638 123 22 Norrland
852 1638 46 21 och
914 1637 115 24 Dalarna;
1476 1629 2 37 |

233 1681 21 14 se
277 1673 98 27 Vanföra
390 1672 72 27 (1927:
474 1673 25 25 3).
1476 1668 2 13 |

187 1733 152 26 Föreningen
356 1730 39 23 för
411 1730 111 25 folkbad;
539 1738 22 14 se
579 1730 100 22 Folkbad.

188 1792 151 26 Föreningen
363 1790 39 22 för
426 1789 90 23 svensk
540 1787 129 29 hemslöjd;
693 1797 22 13 se
735 1789 60 27 Slöjd
814 1789 72 26 (1921:
898 1794 18 18 5;
935 1788 63 20 1922:
1010 1792 18 19 6;
1480 1795 1 12 |

234 1823 93 24 1923:
303 1806 34 45 4;
354 1822 93 24 1924:3;
473 1821 94 24 1925:5;
589 1820 93 24 1926:8;
704 1806 63 45 1927:
779 1825 18 18 2;
819 1819 93 23 1928:4;
935 1818 63 20 1929:
1011 1823 17 18 2;

235 1853 61 20 1930:
309 1853 26 26 2).
1222 1857 2 9 |
1674 1856 2 8 |

188 1910 151 27 Föreningen
356 1909 39 23 för
411 1909 107 22 svenska
534 1908 148 23 havsfiskets
698 1906 178 27 befrämjande;
896 1914 21 14 se
933 1906 95 21 Fiskeri-
1359 1892 2 17 |
1480 1909 1 19 |

232 1942 108 26 näringen
356 1942 72 26 (1929:
442 1942 38 25 11).
1222 1939 1 3 |
1359 1948 2 15 |
1476 1942 2 18 |

187 2000 153 27 Föreningen
356 1999 88 27 Pietas;
461 2007 22 14 se
500 1999 80 22 Pietas.
1317 2019 2 4 |
1476 1994 2 30 I

187 2060 152 27 Föreningen
356 2058 197 28 Skyddsvärnet;
570 2066 22 14 se
609 2059 167 27 Skyddsvärnet.
1168 2048 1 33 |
1363 2042 25 44 Ur
