1847 2359
814 156 136 15 SAKREGISTER

98 434 166 27 Avsöndringar
280 442 25 14 m.
323 442 26 14 m.

140 465 45 21 dels
209 465 32 21 till
265 466 115 20 framlidne
403 466 71 20 rektor
496 466 21 20 P.
539 466 112 26 Wingrens
667 466 181 20 rättsinnehavare
865 467 69 19 såsom

140 496 58 20 lösen
215 496 32 19 för
263 495 42 21 den
321 503 26 13 av
364 496 100 25 Wingren
480 496 107 27 uppförda
603 496 191 26 uthusbyggnaden
809 496 49 20 med
870 496 12 19 8
892 496 42 20 000

141 525 38 25 kr.,
204 525 45 21 dels
273 526 39 20 ock
335 526 33 20 till
389 526 40 20 den
446 533 26 13 av
488 526 142 26 domkapitlet
646 526 7 20 i
670 526 62 20 Lund
748 525 117 21 förvaltade
881 532 15 14 s.
914 526 19 20 k.

140 555 113 21 Filéenska
268 556 80 20 fonden
363 556 33 20 för
411 558 30 18 ett
457 563 26 13 av
499 556 79 20 fonden
594 556 137 20 förskotterat
744 556 74 25 bidrag
830 556 34 20 till
875 556 59 20 semi-

141 585 220 26 nariebyggnadernas
377 585 134 27 uppförande
528 585 48 21 med
594 585 65 20 3400
675 585 30 20 kr.

83 656 25 15 36
126 651 37 20 RD
187 650 114 26 medgiver,
325 653 32 18 att
381 651 42 20 fem
440 651 7 20 i
463 651 232 26 statsrådsprotokollet
718 651 148 23 omförmälda,
887 651 48 20 med

142 680 40 21 litt.
200 687 17 17 a,
235 681 19 24 b,
272 687 16 18 c,
306 687 10 13 e
332 681 40 19 och
388 681 9 19 f
412 680 110 21 utmärkta
544 680 122 26 lägenheter
687 681 36 20 må
739 688 37 13 var
791 681 33 20 för
839 681 32 26 sig
886 681 50 20 med

141 710 7 20 i
164 717 82 13 samma
264 710 105 27 protokoll
385 711 85 25 angivet
486 710 87 20 område
584 711 48 19 från
642 710 200 26 kronoegendomen
855 711 10 19 1
878 717 57 14 man-

141 740 28 20 tal
187 740 54 20 Lilla
257 740 91 20 Svedala
363 747 26 13 nr
406 740 18 25 1,
442 741 19 23 5,
479 740 26 20 18
521 741 40 19 och
579 740 26 20 19
620 741 7 19 i
638 740 76 20 Västra
729 740 113 26 Kärstorps
858 740 78 20 socken

140 770 98 26 försäljas
257 769 50 21 med
323 770 123 26 skyldighet
462 770 32 20 för
510 770 99 26 samtliga
624 770 79 26 köpare
719 772 31 18 att
765 770 63 26 gälda
844 770 92 20 kronans

141 799 113 21 kostnader
277 799 33 20 för
333 800 26 20 de
383 801 49 19 över
455 800 116 20 områdena
589 800 121 26 uppgjorda
725 800 211 26 avsöndringskartor

140 829 49 20 med
206 829 117 20 arealbevis
338 830 40 19 och
394 830 33 19 för
443 830 78 26 köpare
537 836 26 14 av
579 829 115 21 områdena
710 830 40 20 litt.
768 830 20 24 b,
805 836 11 14 e
832 830 38 20 och
886 830 9 19 f
896 830 40 20 att

139 859 85 26 erlägga
240 859 171 26 köpeskillingen
427 859 91 21 kontant
533 859 36 21 vid
581 859 104 21 tillträdet
695 861 56 19 samt
762 859 49 21 med
823 859 112 21 hembuds-

140 890 42 19 rätt
197 889 33 20 för
246 889 155 26 stenhuggaren
418 889 21 20 P.
458 889 24 20 V.
502 889 77 20 Widell
596 889 33 21 till
645 889 86 21 område
747 889 40 20 litt.
803 890 20 24 b,
840 890 32 20 för
883 896 53 14 sme-

140 918 41 21 den
197 919 24 20 O.
239 919 80 20 Hallén
343 919 33 20 till
400 919 96 20 området
515 919 41 20 litt.
573 926 11 13 e
600 919 39 21 och
658 919 33 20 för
706 920 189 26 gjuteriarbetaren
911 920 23 19 T.

140 949 121 20 Johansson
278 949 33 20 till
328 949 97 20 området
441 949 40 20 litt.
498 949 15 20 f.

111 1008 62 20 Inom
190 1007 113 22 Hallands
319 1009 46 19 län:

83 1043 25 16 37
126 1039 37 19 RD
180 1038 114 26 medgiver,
312 1040 31 19 att
358 1039 37 20 två
409 1039 7 20 i
433 1038 232 27 statsrådsprotokollet
680 1038 142 21 omförmälda
834 1038 102 21 områden

141 1069 36 19 må
192 1075 38 14 var
244 1069 33 19 för
293 1069 32 25 sig
341 1068 49 21 med
401 1069 7 19 i
419 1075 83 14 samma
518 1068 106 27 protokoll
635 1069 91 25 angiven
736 1068 56 21 areal
803 1069 47 20 från
862 1069 73 20 krono-

141 1098 131 26 egendomen
290 1098 10 20 1
318 1098 82 21 mantal
416 1095 66 30 Öinge
498 1105 25 13 nr
539 1099 13 19 4
569 1098 134 26 Skutgården
717 1099 7 19 i
732 1099 64 25 Asige
807 1099 78 20 socken
896 1099 39 20 för-

141 1128 72 27 säljas,
237 1128 50 20 med
310 1128 148 20 hembudsrätt
482 1129 33 19 för
530 1128 24 20 E.
572 1128 122 20 Andersson
710 1129 7 19 i
733 1128 59 26 fråga
807 1135 35 13 om
858 1129 37 20 det
910 1136 26 13 av

142 1158 79 20 honom
239 1158 101 20 brukade
350 1158 103 20 området.

84 1223 24 15 38
127 1217 37 21 RD
180 1217 115 26 medgiver,
312 1220 32 18 att
359 1218 48 20 från
423 1217 200 26 kronoegendomen
641 1217 10 20 1
669 1218 82 20 mantal
768 1218 79 20 Vastad
864 1225 25 13 nr
906 1218 30 20 1i

141 1247 61 20 Eftra
217 1248 79 20 socken
312 1248 36 20 må
363 1248 125 26 frånskiljas
504 1248 39 19 och
554 1247 98 27 försäljas
663 1247 46 20 dels
720 1247 95 27 följande
826 1248 109 24 områden,

142 1277 107 26 nämligen
267 1279 31 18 ett
313 1278 13 19 å
336 1277 144 26 egendomens
491 1277 116 20 hemskifte
617 1277 98 26 liggande
726 1277 87 20 område
824 1284 35 14 om
871 1277 64 21 0.080

141 1307 82 25 hektar,
247 1307 133 20 omfattande
403 1307 59 20 delar
485 1314 26 13 av
534 1307 145 26 ägofigurerna
702 1314 25 13 nr
748 1307 122 23 152—154,
887 1307 49 20 med

141 1337 150 20 hembudsrätt
306 1337 33 20 för
354 1337 25 20 N.
396 1337 19 21 J.
433 1337 113 24 Svensson,
563 1339 30 18 ett
603 1338 13 19 å
626 1337 36 20 det
672 1343 16 14 s.
700 1337 20 20 k.
738 1337 147 21 Yabroskiftet
900 1337 35 26 lig-

141 1367 68 25 gande
226 1367 86 20 område
328 1374 36 13 om
381 1367 63 20 0.330
461 1367 82 24 hektar,
560 1367 133 20 omfattande
707 1373 63 14 norra
780 1367 62 20 delen
853 1374 26 13 av
890 1369 46 24 ägo-

141 1397 81 26 figuren
239 1404 25 12 nr
279 1397 50 24 243,
346 1396 50 21 med
411 1396 150 21 hembudsrätt
576 1397 33 19 för
624 1397 25 19 N.
665 1397 24 20 A.
704 1397 162 24 Emanuelsson,
881 1399 56 18 samt

141 1429 30 18 ett
187 1427 12 20 å
215 1427 134 20 sistnämnda
365 1427 65 20 skifte
446 1426 98 26 liggande
560 1426 86 21 område
663 1433 34 14 om
715 1427 62 20 0.315
796 1427 81 25 hektar,
894 1434 42 13 om-

140 1456 97 21 fattande
253 1456 62 21 södra
331 1456 62 21 delen
409 1463 26 13 av
451 1457 121 25 ägofiguren
584 1463 25 13 nr
620 1456 49 24 243,
683 1457 49 20 med
744 1457 150 20 hembudsrätt
904 1457 33 20 för

141 1486 22 20 L.
181 1486 124 24 Adolfsson;
325 1486 46 21 dels
387 1487 39 19 ock
442 1486 96 27 följande
555 1486 108 26 områden,
680 1487 107 26 nämligen
804 1488 30 19 ett
849 1488 13 19 å
877 1494 59 19 egen-

141 1516 89 20 domens
246 1516 116 21 hemskifte
381 1516 99 26 liggande
491 1516 87 20 område
586 1523 35 13 om
634 1516 62 21 0.335
710 1516 81 25 hektar,
803 1517 133 20 omfattande

141 1546 59 20 delar
215 1553 26 13 av
257 1546 146 26 ägofigurerna
419 1553 25 13 nr
456 1546 94 26 71-—73,
562 1546 33 20 till
606 1546 61 20 Eftra
678 1546 105 21 kommun
793 1547 33 20 för
837 1553 26 14 en
874 1547 62 26 köpe-

141 1576 87 26 skilling
251 1583 26 13 av
297 1576 42 20 850
356 1576 38 25 kr.,
411 1578 57 18 samt
483 1578 30 19 ett
529 1577 12 19 å
557 1582 83 14 samma
656 1576 64 21 skifte
736 1576 98 26 liggande
850 1577 86 20 område

140 1612 35 14 om
193 1605 63 21 0.099
274 1606 82 24 hektar,
372 1606 133 20 omfattande
521 1606 59 20 delar
596 1613 26 13 av
637 1606 146 26 ägofigurerna
798 1613 25 13 nr
840 1606 41 21 153
896 1607 40 20 och

142 1635 49 26 154,
208 1636 33 20 till
257 1636 61 20 Eftra
335 1635 208 27 byggnadsförening
558 1642 20 13 u.
596 1642 20 20 p.
634 1642 17 13 a.
669 1636 32 20 för
717 1643 25 13 en
757 1636 143 27 köpeskilling
910 1643 26 13 av

142 1665 42 20 250
201 1665 30 20 kr.

112 1725 62 19 Inom
193 1723 115 27 Göteborgs
324 1723 37 22 och
377 1723 75 22 Bohus
468 1724 44 20 län:

83 1759 25 15 39
125 1754 38 20 RD
179 1754 115 26 medgiver,
311 1756 32 18 att
353 1755 36 20 två
400 1754 7 20 i
418 1754 232 27 statsrådsprotokollet
661 1755 142 20 omförmälda
814 1755 123 26 lägenheter

141 1784 35 20 må
199 1791 38 13 var
260 1785 32 19 för
315 1785 32 25 sig
370 1784 50 20 med
436 1784 7 20 i
459 1791 83 13 samma
561 1784 106 27 protokoll
686 1785 85 25 angivet
786 1784 86 21 område
888 1785 48 20 från

141 1814 199 26 kronoegendomen
358 1815 10 18 1
386 1814 82 20 mantal
485 1814 82 26 Mällby
583 1821 25 13 nr
625 1814 10 20 1
650 1814 8 20 i
671 1814 118 27 Spekeröds
805 1814 78 21 socken
896 1815 39 20 för-

141 1843 71 27 säljas,
237 1844 49 20 med
310 1844 104 20 förbehåll
438 1850 35 14 om
493 1846 42 18 rätt
553 1844 33 20 för
600 1844 83 20 kronan
698 1844 34 20 till
747 1846 40 24 väg
802 1846 50 19 över
867 1844 68 27 lägen-

141 1874 88 20 heterna
244 1874 39 20 och
300 1874 33 20 för
349 1874 78 26 köpare
444 1880 26 14 av
485 1873 150 27 lägenheterna
651 1874 33 20 till
700 1876 40 24 väg
756 1876 49 19 över
820 1874 41 21 den
872 1875 7 19 i
891 1875 44 20 kro-

141 1910 54 13 nans
210 1905 39 24 ägo
265 1904 146 20 kvarvarande
428 1903 34 21 del
478 1910 26 14 av
520 1903 137 26 egendomen.

83 1968 25 15 40
126 1963 37 20 RD
180 1963 114 26 medgiver,
306 1965 32 18 att
348 1963 199 26 kronoegendomen
561 1971 8 10 »
574 1963 77 20 Gamla
661 1964 271 27 Hospitalskyrkogården»

140 1993 59 20 inom
224 1993 116 26 Göteborgs
364 1993 47 20 stad
434 1994 36 19 må
486 1995 45 18 mot
547 2000 25 13 en
589 1993 143 27 köpeskilling
748 2001 25 13 av
791 1993 41 21 500
849 1994 39 24 kr.,
904 1996 32 18 att

141 2022 90 20 kontant
247 2023 36 20 vid
299 2022 104 21 tillträdet
418 2022 93 26 erläggas
527 2023 33 20 till
577 2023 151 27 länsstyrelsen
738 2024 7 19 i
757 2024 63 24 länet,
837 2024 98 27 försäljas

141 2052 34 20 till
192 2052 116 26 Göteborgs
324 2053 198 26 kyrkoinstitution.

1642 153 40 21 171

1024 220 40 31 SA
1405 227 53 17 Riks-

969 249 90 17 HIF
1228 241 104 31 Utskotts-
1396 257 11 17 ä
1534 258 7 4 R
1603 263 3 4 3

970 270 16 5 -
1042 266 17 12 MR
1124 274 3 3 a
1409 263 59 16 agens
1525 258 117 17 Kamrarnas

970 281 16 11 x
997 270 24 31 |
1024 275 40 15 "=
1082 274 93 17 [Motioner
1214 270 124 31 utlåtanden
1444 287 3 3 ä
1525 290 2 2 ;
1602 287 3 4 s

970 297 11 9 2
1024 295 40 12 Ina
1337 304 3 4 é
1400 283 56 30 skri-
1510 287 144 22 förhandlingar

970 310 17 12 a
1024 306 40 24 158
1203 304 46 17 eller
1262 304 98 18 memorial
1426 317 5 16 al

965 327 99 25 25
1401 322 63 12 velser

1024 351 35 21 FRE
1127 357 1 21 |
1202 346 7 33 wo
1264 358 1 13 I
1549 354 42 20 SYS
1597 347 30 32 ilsa
1616 354 62 1 SER

970 371 17 11 &
1024 370 34 20 lav
1197 371 104 23 SRS
1352 372 17 19 2
1453 373 17 18 2
1498 371 67 17 Första
1600 371 65 17 Andra

970 386 11 9 z
1024 381 35 34 33
1085 378 44 43 FIS
1197 387 68 31 Blål
1292 382 16 27 é
1330 392 39 25 18
1403 378 18 44 Zz
1453 393 17 24 >
1469 389 18 33 |
1496 395 69 17 kamm.
1597 395 69 17 kamm.

1048 417 3 3 :
1128 417 1 4 I
1195 417 4 4 fö
1330 421 1 7 |

950 466 55 20 1925
1181 435 2 50 |

1182 497 1 31 |

974 659 7 10 »
1022 651 42 20 1206
1190 652 25 20 101
1266 652 1 33 |
1293 652 27 20 661
1368 652 66 21 71259)
1460 659 9 14 51
1500 653 177 20 32:51134:168

1020 686 44 22 p-10
1075 694 2 3 |
1266 691 1 19 |

1266 733 1 17 I

1266 768 1 8 |

1266 800 1 8 I

1266 840 1 9 I

974 1048 8 9 vo
1030 1040 26 19 böt
1189 1039 26 20 10
1293 1040 25 20 31!
1367 1040 102 22 slll3li8l
1501 1041 68 20 22:17)
1602 1041 69 21 25:50

1027 1074 33 23 p.9

975 1227 7 10 »
1023 1218 41 21 1206
1189 1218 26 20 10
1294 1219 26 20 66)
1368 1219 67 21 81259)
1460 1226 9 15 s|
1501 1220 176 20 32:51134:168

1021 1254 44 22 p-11

1224 1344 1 20 I

1224 1372 1 14 I

1581 1402 1 17 |

1224 1506 1 8 I

1224 1524 1 8 I

1224 1553 1 10 I

1224 1582 1 8 I

1224 1597 1 23 |

1224 1621 1 11 I
1581 1633 1 4 I

1224 1636 1 92 |
1581 1681 1 23 |

974 1762 8 11 »
996 1746 26 39 |
1030 1755 26 19 57
1189 1755 25 20 10
1293 1755 25 20 31!
1366 1756 103 20 elll3l18]
1500 1753 82 24 22:17]
1601 1757 69 20 25:50

1021 1789 46 23 p-10
1581 1787 1 5 |

1128 1836 2 14 I

1128 1851 2 15 I

1330 1887 2 25 I

1181 1931 43 9 SA
1330 1919 2 29 |
1581 1936 1 8 |

1030 1964 25 20 et
1128 1963 1 40 |
1188 1961 36 23 101
1292 1964 40 20 31
1321 1958 15 38 |
1366 1958 25 38 ej
1393 1965 75 20 113|19]
1500 1965 169 20 22:17:1-25:50

1020 1995 44 36 p.11
1128 2004 1 17 I
1223 2008 1 4 I
1438 2005 1 18 |
1581 2004 1 3 I

1330 2053 1 27 |
1437 2044 2 36 |
