1849 2355
780 157 223 17 SAKREGISTER

1655 156 40 19 899

106 450 95 21 Kvinna.

148 480 128 27 behörighet
291 482 34 18 att
340 481 108 19 innehava
464 481 128 26 statstjänst
607 481 39 19 och
661 482 69 19 annat
744 481 92 20 allmänt
851 481 99 27 uppdrag

148 510 103 23 (kvinnas
267 510 128 27 behörighet
409 512 35 18 att
458 510 109 21 innehava
582 510 270 27 gymnastiklärartjänst).

135 570 83 19 Motion
230 575 49 20 ang.
292 570 130 26 avveckling
433 570 138 19 beträffande
583 570 218 26 statsförvaltningen
813 576 29 14 av
854 570 37 20 det
902 576 16 14 s.
928 571 21 19 k.

149 599 260 26 dubbeltjänstsystemet
424 599 102 20 förfaller.

136 658 41 20 RD
192 658 73 20 avslår
280 658 83 20 motion
378 664 49 21 ang.
443 658 136 27 lagstiftning
594 659 33 19 till
641 659 122 26 tryggande
777 659 7 19 i
798 659 57 20 vissa
870 659 38 20 fall
922 665 28 14 av

148 688 41 25 gift
205 688 94 20 kvinnas
314 688 214 26 arbetsanställning.

110 750 6 16 1
136 747 39 20 FK
189 747 73 20 avslår
276 748 84 19 motion
375 754 35 13 om
425 748 116 26 utredning
556 748 108 20 huruvida
679 748 40 20 och
734 748 6 20 i
754 748 73 20 vilken
842 749 108 19 utsträck-

149 777 51 26 ning
219 777 210 27 familjebildningen
448 778 126 20 motverkas
592 783 78 21 genom
689 778 99 26 kvinnlig
806 778 144 20 arbetskrafts

148 807 147 20 användande
309 807 58 20 inom
382 807 57 20 olika
453 807 222 26 produktionsgrenar
688 814 29 13 m.
731 813 29 14 m.

109 869 10 16 2
136 866 42 20 RD
198 866 113 24 förklarar,
332 868 34 19 att
386 867 26 20 de
432 867 170 23 bestämmelser,
623 873 46 14 som
689 867 120 21 innefattas
828 868 6 19 i
854 868 97 26 följande

149 896 198 26 författningsrum,
361 897 108 26 nämligen
482 897 13 19 4
508 898 9 24 $
530 897 40 20 och
585 897 24 19 16
622 898 9 24 $
645 897 9 20 1
669 903 65 14 mom.
748 897 52 20 sista
814 897 87 26 stycket
912 904 39 14 av-

149 926 227 26 löningsreglementet
393 927 41 19 den
451 927 27 19 22
493 927 48 26 juni
559 927 51 20 1921
629 927 34 26 (nr
679 927 47 23 451,
743 927 30 26 jfr
790 927 52 20 1925
860 934 25 13 nr
901 928 49 26 270)

149 956 33 20 för
193 956 218 26 befattningshavare
421 956 37 20 vid
470 957 210 25 statsdepartement
691 957 40 20 och
742 957 57 20 vissa
811 957 67 20 andra
889 958 60 24 verk,

150 985 129 20 tillhörande
296 986 41 20 den
354 986 63 20 civila
434 986 226 26 statsförvaltningen,
677 987 12 19 4
706 987 9 24 $
731 987 39 19 och
789 987 25 20 17
829 987 10 25 $
857 987 8 20 1
883 993 66 14 mom.

148 1015 52 20 sista
220 1016 88 25 stycket
327 1016 257 26 avlöningsreglementet
603 1016 41 20 den
666 1016 24 20 19
708 1016 47 26 juni
776 1016 53 20 1919
848 1017 35 25 (nr
900 1017 50 26 343)

148 1044 33 20 för
195 1045 135 25 tjänstemän
345 1045 38 20 vid
397 1046 135 26 postverket,
547 1046 174 26 telegrafverket,
736 1048 84 18 statens
833 1046 118 27 järnvägar

148 1075 40 19 och
205 1076 84 19 statens
304 1075 190 24 vattenfallsverk,
510 1076 13 19 4
538 1076 9 25 $
563 1076 40 19 och
621 1076 24 19 14
660 1076 10 25 $
687 1076 8 19 1
713 1082 66 14 mom.
795 1076 53 20 sista
863 1077 88 25 stycket

148 1104 258 27 avlöningsreglementet
422 1106 41 19 den
480 1106 12 19 9
507 1105 48 26 juni
573 1106 52 19 1922
642 1105 34 26 (nr
691 1105 50 26 379)
757 1106 34 19 för
806 1106 145 27 befattnings-

149 1134 81 20 havare
242 1134 37 20 vid
292 1135 51 19 lots-
356 1135 39 20 och
407 1135 116 26 fyrstaten,
536 1135 13 19 4
561 1136 9 23 $
583 1135 40 20 och
638 1135 23 20 13
674 1137 9 23 $
697 1136 7 19 1
720 1141 66 15 mom.
799 1136 52 20 sista
863 1136 88 26 stycket

149 1164 257 26 avlöningsreglementet
422 1165 41 20 den
480 1165 24 20 21
522 1165 43 25 maj
585 1165 53 20 1926
655 1165 34 26 (nr
706 1164 48 27 177)
770 1165 34 20 för
819 1165 67 20 förste
902 1172 48 20 pro-

149 1193 152 21 vinsialläkare
319 1195 39 19 och
377 1194 199 26 provinsialläkare,
595 1196 57 19 samt
669 1195 13 19 4
699 1195 9 25 $
725 1195 41 20 och
785 1195 25 20 17
827 1196 9 25 $
855 1196 9 19 1
883 1201 66 15 mom.

148 1223 53 20 sista
218 1224 87 26 stycket
321 1224 257 27 avlöningsreglementet
595 1225 40 20 den
649 1225 25 19 15
686 1224 48 27 juni
746 1224 53 21 1934
811 1224 35 27 (nr
856 1225 50 26 303)
917 1225 33 21 för

150 1253 133 26 tjänstemän
296 1254 38 20 vid
347 1254 159 20 domänverket
519 1254 59 20 skola
592 1255 25 19 fr.
631 1261 19 13 o.
664 1260 29 14 m.
707 1255 41 19 den
763 1255 9 19 1
783 1254 41 27 juli
834 1254 52 21 1936
896 1261 54 21 upp-

148 1283 52 20 höra
218 1285 36 18 att
271 1283 56 26 gälla
346 1283 155 27 (ändringarna
520 1290 51 14 avse
589 1284 224 27 avlöningsförmåner
831 1285 23 20 åt
871 1285 79 20 kvinn-

148 1313 41 25 liga
203 1313 218 26 befattningshavare
435 1314 68 20 under
516 1314 94 26 ledighet
623 1314 33 20 för
669 1314 156 27 havandeskap
838 1321 28 13 m.
880 1315 46 25 m.).

107 1374 10 15 3
135 1372 41 19 RD
194 1372 144 27 bemyndigar
354 1373 64 20 KM:t
434 1375 34 18 att
485 1373 89 27 vidtaga
591 1374 117 26 ändringar
724 1373 6 20 i
746 1374 100 26 gällande
862 1374 88 21 författ-

148 1401 227 27 ningsbestämmelser
391 1404 40 19 rör.
448 1402 112 27 kvinnliga
576 1403 228 27 befattningshavares
818 1404 38 20 vid
872 1404 77 20 under-

147 1431 205 27 visningsväsendet
365 1433 225 26 avlöningsförmåner
604 1433 69 20 under
685 1433 167 27 tjänstledighet
865 1433 34 21 för
912 1434 38 20 ha-

148 1461 134 27 vandeskap,
298 1463 35 19 att
348 1464 40 24 äga
403 1462 140 27 tillämpning
557 1463 25 20 fr.
599 1469 19 14 o.
634 1469 28 14 m.
680 1463 41 20 den
737 1463 8 19 1
763 1463 40 26 juli
819 1463 59 20 1936.

108 1522 10 16 4
134 1520 55 26 Ang.
206 1521 104 20 kvinnors
327 1522 75 20 arbete
419 1522 68 20 under
501 1522 49 26 jord
568 1522 5 20 i
589 1528 86 20 gruvor;
693 1529 22 13 se
731 1523 219 26 Arbetarlagstiftning

148 1550 79 26 (1936).

134 1639 42 20 RD
187 1640 73 20 avslår
270 1640 84 20 motion
366 1646 48 21 ang.
427 1641 123 20 beredande
561 1642 23 19 åt
595 1641 82 21 kvinna
688 1648 29 14 av
728 1643 46 19 säte
786 1642 40 20 och
837 1643 94 19 stämma
943 1642 6 20 i

147 1669 95 20 domstol
257 1670 38 20 vid
310 1670 190 27 handläggningen
515 1677 29 14 av
559 1671 57 20 vissa
632 1671 50 20 mål.

107 1730 10 17 Do

135 1728 41 20 RD
194 1729 73 20 avslår
284 1729 109 21 motioner
411 1736 35 14 om
465 1730 44 20 viss
527 1731 92 26 ändring
637 1731 6 19 i
662 1731 62 26 lagen
743 1731 152 20 innefattande
913 1731 36 20 be-

147 1759 136 20 stämmelser
303 1765 49 21 ang.
373 1760 95 20 kvinnas
488 1761 128 26 behörighet
636 1762 35 19 att
692 1761 109 20 innehava
822 1761 127 26 statstjänst

146 1788 41 20 och
204 1790 69 19 annat
289 1789 93 21 allmänt
397 1790 100 26 uppdrag
510 1791 116 25 (avseende
639 1792 34 19 att
686 1791 101 26 samtliga
800 1791 150 26 befattningar

146 1818 38 20 vid
200 1818 186 27 länsstyrelserna,
404 1821 61 19 utom
482 1820 259 27 landsfogdetjänsterna,
758 1822 84 25 öppnas
858 1821 33 19 för
906 1820 43 21 till-

148 1848 61 20 träde
225 1854 29 15 av
270 1848 110 27 kvinnor).

107 1939 8 16 -

133 1937 42 19 RD
190 1938 98 20 anhåller
302 1940 35 18 att
353 1938 63 21 KM:t
431 1939 50 20 ville
496 1939 45 20 låta
556 1939 118 20 verkställa
690 1946 25 13 en
732 1941 92 25 översyn
840 1945 28 14 av
883 1940 66 19 behö-

146 1966 144 28 righetslagen
306 1968 7 19 i
329 1968 48 20 dess
392 1968 80 20 helhet.

106 2027 10 17 Do

132 2026 43 20 RD
190 2028 92 25 antager
296 2027 81 26 förslag
391 2027 34 21 till
440 2028 34 26 lag
489 2034 36 14 om
539 2028 81 20 förbud
635 2030 46 18 mot
697 2029 160 26 arbetstagares
872 2029 77 19 avske-

146 2056 71 20 dande
234 2057 5 19 i
256 2056 43 21 anl.
316 2063 28 14 av
362 2057 123 27 trolovning
500 2057 52 21 eller
567 2058 122 26 äktenskap
705 2064 29 14 m.
751 2064 29 14 m.

84 2098 44 15 113”

1233 230 107 30 Utskotts-
1412 234 55 17 Riks-

1019 256 65 31 Kungl.
1219 258 130 31 utlåtanden,
1405 259 69 31 dagens
1534 247 117 43 FEANTATNAR

1030 290 54 18 Maj:ts|
1096 282 91 17 Motioner
1214 294 96 16 memörlal
1323 293 44 17 öller
1416 293 46 17 SL
1524 282 140 20 förhandlingar

976 314 26 20 År
1029 323 51 15 [propir
1225 323 132 17 betänkanden
1408 318 59 32 velser
1549 312 88 20 (protinr)

1028 346 46 27 eller
1217 371 5 4 -

1030 380 55 14 SENivil
1098 390 34 16 pr
1149 390 36 17 AR
1205 377 17 51 7
1247 384 17 43 z
1288 390 90 17 Nummer
1377 382 9 34 |
1394 389 91 17 Nummer
1507 378 70 40 Par
1613 378 54 40 oe

964 479 56 20 1932

968 569 53 20 1933]
1043 581 28 2 —
1076 565 27 34 |
1107 581 27 2 —
1153 569 40 20 13941
1210 570 56 19 121.1
1331 570 24 19 13
1441 580 19 2 —
1497 569 68 20 138:51
1636 581 28 2 —

1210 599 25 20 13)
1256 600 13 19 2
1345 599 8 19 1
1598 599 33 20 30:
1642 601 24 17 34
1677 599 14 20 d

968 658 53 20 1935]
1044 670 27 2 —
1083 654 22 34 I
1107 670 27 2 —!I
1175 659 12 19 7)
1215 659 54 20 912
1329 658 26 20 25
1432 670 27 2 —
1497 659 34 19 132:
1543 660 37 17 125
1598 658 33 20 133:
1644 660 37 18 119

970 748 51 20 1936]
1043 760 28 2 —
1101 748 39 21 1168)
1160 760 27 2 —J]
1210 749 25 19 12]
1258 748 8 20 1
1343 749 12 19 3
1432 760 28 1 —
1499 748 31 20 110:
1541 750 24 17 34
1636 760 27 2 —

968 867 54 20 19361
1039 867 40 20 174
1129 867 64 20 -16751
1215 868 61 20 61—]|
1316 867 39 20 129
1421 866 41 20 312
1497 867 33 21 138:
1541 870 25 17 40
1576 867 55 21 dl39:
1642 869 24 17 22
1677 867 13 20 d

967 1373 54 20 19361
1039 1373 36 20 181
1079 1369 23 34 |
1123 1385 10 2 —
1153 1373 40 20 1675]
1214 1373 63 20 61—|
1317 1373 34 20 151
1421 1373 40 20 325
1497 1374 33 19 143:
1541 1376 24 17 64
1597 1374 34 20 144:
1643 1376 37 17 145

967 1640 54 21 1938]
1043 1652 28 3 —
1072 1636 27 35 |
1106 1653 27 2 —
1153 1640 40 21 12801
1214 1641 13 20 91.1
1329 1641 26 20 29
1431 1653 28 2 —
1496 1641 70 20 [28:89
1597 1641 55 20 129:6
1663 1642 13 19 d

967 1730 53 20 1938)
1043 1742 27 2 —
1100 1730 39 20 11691
1152 1730 41 21 2851
1214 1731 12 19 91
1258 1731 8 19 1
1328 1730 26 20 33
1431 1743 28 2 —
1497 1730 33 21 128:
1541 1733 24 17 90
1576 1731 54 20 dl29:
1642 1733 24 17 20
1677 1731 13 20 dj

967 1938 53 21 1939]
1042 1951 28 2 —
1123 1939 6 19 1
1180 1939 12 19 4l
1214 1939 51 20 911
1342 1940 13 20 8
1435 1939 26 20 68
1499 1940 66 20 [12:47
1600 1940 67 20 12:89
1678 1940 12 20 d

968 2028 52 20 1939]
1038 2028 39 20 114
1078 2024 18 34 |
1106 2040 27 2 —
1129 2024 18 34 |
1152 2029 40 19 3761
1214 2028 12 20 91
1256 2029 12 19 2
1328 2029 26 19 26
1421 2029 40 20 224
1497 2029 33 20 127:
1543 2031 23 17 13
1577 2029 54 20 dl27:
1642 2031 25 17 30
1678 2030 12 19 d
