1846 2355
812 150 136 34 SAKREGISTER
1641 151 42 21 365

1023 221 41 31 så
1181 213 2 43 |
1405 226 54 17 Riks-

1023 250 36 29 SS
1124 274 3 4 :
1236 244 49 18 PE
1396 251 73 32 dagens
1523 256 119 17 Kamrarnas

969 277 66 31 Rh
1047 280 17 37 z
1070 270 106 33 Motioner
1217 270 125 41 utlåtanden
1413 286 36 17 kr
1511 286 147 22 förhandlingar

970 312 17 28 2
1024 309 17 29 E
1043 318 22 24 z
1204 304 47 18 eller
1263 304 98 18 memorial
1403 316 63 18 föller

965 344 16 24 ?
1024 339 39 42 25
1146 353 69 23 Se
1239 370 17 16 >
1582 357 2 24 |

970 373 17 10 >
997 355 23 36 |
1024 371 12 9 z
1353 372 62 18 Bg
1455 372 17 19 |D
1529 375 8 11 ri

1138 377 286 44 RSA
1488 370 52 46 EE

95 433 134 37 Dränering.
1128 436 2 28 |
1226 437 43 24 [FET
1441 437 2 34 |

97 474 10 15 3
125 470 38 19 RD
179 469 123 26 godkänner
312 469 94 20 ändrade
417 469 78 20 villkor
505 469 33 20 för
549 469 35 19 lån
596 469 47 19 från
655 468 279 25 täckdikningslånefonden
950 468 53 20 |1921]
1023 467 40 21 181
1128 465 2 7 |
1191 467 26 20 10
1296 467 27 20 60
1396 467 42 20 284
1503 466 33 20 39:
1548 471 24 16 30
1571 462 22 34 |
1596 467 34 20 46:
1642 472 38 15 149

140 501 32 18 att
187 499 109 27 tillämpas
311 499 26 20 fr.
354 506 18 13 o.
389 506 29 13 m.
435 500 23 19 år
475 498 66 24 1922;
558 499 40 20 och
614 498 114 26 medgives,
745 499 32 19 att
792 498 32 20 till
841 498 93 20 hushåll-
1074 508 2 17 I
1128 494 2 38 |
1269 511 1 9 I

140 529 184 27 ningssällskapen
348 529 80 26 årligen
451 530 37 19 må
510 529 25 19 fr.
552 535 18 13 o.
588 535 29 14 m.
642 528 57 20 1922
718 528 51 25 utgå
787 528 148 26 förvaltnings-
1075 526 1 30 |

140 559 75 26 bidrag
233 559 65 25 enligt
316 559 27 20 de
362 559 6 19 i
387 558 232 26 statsrådsprotokollet
634 558 117 26 tillstyrkta
766 557 98 26 grunder,
881 557 54 21 dock
1269 562 1 20 |
1334 560 2 14 I
1585 559 1 20 |

139 589 34 20 för
188 589 58 26 varje
262 589 23 20 år
301 588 49 20 med
366 588 62 26 högst
445 587 26 21 92
481 588 43 20 000
540 588 41 24 kr.;
599 587 39 21 och
655 587 93 21 besluter
763 587 44 24 RD,
822 589 31 18 att
865 588 70 19 såsom
1269 608 1 3 I
1334 576 2 31 |
1585 582 1 15 |

139 618 164 27 kapitalökning
326 618 33 20 för
381 617 280 27 täckdikningslånefonden
685 617 54 20 skall
763 617 53 20 efter
831 617 105 26 ingången
1129 635 1 5 I
1269 620 1 12 I
1334 614 2 33 |
1585 598 1 34 |

140 655 26 14 av
191 648 56 20 1922
266 648 106 20 överföras
388 648 28 20 då
431 647 142 27 odisponerad
588 647 125 26 behållning
728 648 13 19 å
756 647 179 26 dräneringslåne-
1129 649 1 6 I
1268 663 2 9 |
1334 650 1 21 I
1585 647 1 28 |

140 678 89 24 fonden;
254 678 39 20 och
313 678 96 20 anhåller
428 678 44 24 RD,
489 680 31 18 att
536 677 62 20 KM:t
613 677 50 20 ville
679 677 33 20 för
729 677 56 20 1922
801 678 34 19 års
851 677 85 26 riksdag
1268 696 1 9 I
1334 674 1 3 |
1585 702 1 6 |

139 708 118 26 framlägga
272 708 78 25 förslag
366 708 34 20 till
415 707 91 26 ändring
522 708 6 19 i
544 714 65 14 mom.
632 707 10 20 1
659 714 27 13 av
701 707 98 25 gällande
810 707 78 20 villkor
900 714 36 13 om
1268 709 1 27 |
1585 714 1 10 |

139 738 36 20 lån
191 738 47 20 från
254 737 288 26 täckdikningslånefonden.
1268 746 1 22 |

1333 782 1 10 I

97 803 7 14 1
124 798 53 25 Ang.
195 797 95 26 anslaget
306 797 33 20 till
356 797 242 26 täckdikningsförmän.
951 795 91 22 192211:
1053 796 12 19 9
1191 795 25 20 10
1268 775 1 50 |
1283 795 51 20 IA]
1354 800 25 16 56
1504 795 68 20 18:841
1605 795 32 21 15:
1649 800 25 16 27

1022 831 45 22 p.80
1267 828 2 36 |
1333 821 1 72 |

96 885 10 15 2
124 880 50 21 Dels
198 881 32 19 till
254 887 26 14 en
304 880 160 20 kulturteknisk
488 880 186 26 utbildningskurs
697 880 33 19 för
753 886 105 20 personer,
878 876 67 23 vilka
975 887 7 10 »
1024 879 40 21 |1:9
1190 879 26 20 10
1267 865 27 35 9
1305 880 29 19 A
1322 875 19 35 |
1355 884 24 16 5719
1398 879 74 21 Alss]
1504 879 81 20 19:34]
1605 879 82 20 15:27]

140 912 75 25 prövas
232 917 50 14 vara
297 910 104 26 lämpliga
416 911 70 19 såsom
503 910 189 25 förrättningsmän
708 909 36 20 vid
757 909 137 26 uppgörande
900 899 32 41 av
944 903 1 32 |
1021 914 44 22 p.81
1267 902 2 21 |
1333 904 1 38 |
1584 905 2 25 |
1686 921 1 3 |

139 940 75 26 planer
230 941 39 19 och
286 940 183 25 kostnadsförslag
484 940 33 19 för
533 939 239 26 täckdikningsföretag,
789 939 46 20 dels
848 939 40 20 ock
902 936 43 23 till
1333 955 2 4 I
1441 950 2 6 I
1585 952 1 26 |

139 970 211 26 utbildningskurser
365 970 33 19 för
414 969 236 26 täckdikningsförmän
662 969 84 20 anvisas
757 969 13 20 å
780 970 60 19 extra
851 970 42 19 stat
903 969 33 20 för
1075 976 2 22 I
1267 972 1 25 I
1333 969 2 22 I

139 1000 59 20 tiden
217 1000 9 19 1
244 1000 104 26 jan.—30
364 999 48 27 juni
430 999 55 20 1923
502 1001 31 18 ett
548 999 214 25 reservationsanslag
775 1005 26 13 av
814 998 25 20 19
849 998 43 21 000
904 999 30 20 kr.
1333 992 2 28 |

97 1064 9 15 3
125 1059 42 20 Till
191 1066 26 13 en
236 1059 160 20 kulturteknisk
413 1059 186 25 utbildningskurs
615 1059 32 19 för
664 1065 104 19 personer,
785 1058 57 20 vilka
859 1054 83 51 Broysgt
974 1066 7 10 >»
1022 1047 54 31 12:9]
1189 1059 26 20 10
1282 1057 38 21 9B
1327 1053 12 36 |)
1370 1063 9 15 8l9
1400 1058 72 22 Bee
1505 1058 68 20 15:68]
1606 1058 66 20 15:71

139 1096 51 14 vara
206 1089 103 26 lämpliga
324 1090 70 19 såsom
411 1089 189 26 förrättningsmän
617 1088 36 20 vid
669 1088 136 26 uppgörande
821 1095 26 13 av
862 1088 83 26 planer
931 1084 9 35 |
1026 1093 34 22 p.6

139 1120 39 19 och
193 1119 183 26 kostnadsförslag
391 1119 32 20 för
437 1119 238 25 täckdikningsföretag,
688 1118 83 20 anvisas
783 1119 12 18 å
807 1118 138 28 tilläggsstat
931 1114 10 36 |

139 1149 33 20 för
190 1149 56 20 1922
263 1151 30 18 ett
309 1148 216 26 reservationsanslag
540 1155 26 13 av
583 1148 62 20 9000
662 1148 30 20 kr.
943 1148 2 20 I

943 1195 1 11 I
1584 1187 2 20 |

96 1214 8 15 4
124 1209 38 20 RD
178 1208 124 26 godkänner
312 1208 94 20 ändrade
418 1208 77 20 villkor
505 1208 33 20 för
548 1207 36 20 lån
594 1207 47 20 från
653 1203 275 42 täckdikningslånefonden
943 1208 2 33 |
973 1208 83 20 3106
1149 1207 66 21 93110
1295 1207 27 20 30
1396 1208 41 20 190
1503 1208 33 20 25:
1547 1213 25 16 70
1590 1207 33 20 |27:
1633 1207 49 21 104d

138 1240 32 19 att
186 1238 110 27 tillämpas
312 1238 25 20 fr.
355 1244 17 14 o.
391 1245 28 12 m.
438 1237 63 20 1923.
944 1244 1 30 |

97 1304 5 14 1
125 1299 74 19 Såsom
223 1298 73 26 bidrag
315 1298 34 20 till
365 1297 119 21 avlönande
500 1297 68 21 under
586 1297 55 20 1925
658 1304 26 13 av
700 1297 234 26 täckdikningsförmän
944 1296 62 23 |1925]
1023 1297 9 20 1
1189 1298 26 20 10
1309 1297 12 19 51
1355 1303 23 15 16)
1409 1298 27 19 46)
1462 1304 9 15 4|
1504 1297 64 21 11:61]
1605 1297 67 21 12:44

139 1329 85 19 anvisas
240 1328 33 20 för
290 1328 124 26 budgetåret
432 1326 124 27 1925/1926
573 1328 31 19 ett
614 1329 59 18 extra
684 1327 215 26 reservationsanslag
909 1334 25 13 av
1020 1332 46 22 p.73

141 1358 26 20 12
176 1358 42 20 000
235 1358 30 20 kr.
944 1370 1 16 |

96 1424 9 13 2
124 1418 37 19 RD
185 1417 115 26 medgiver,
324 1419 37 20 att,
386 1418 52 18 utan
461 1416 77 20 hinder
556 1423 26 13 av
598 1416 98 26 gällande
712 1416 161 20 bestämmelser
888 1423 57 18 ang.|
977 1425 4 8 »
1023 1416 40 20 1187
1134 1416 80 20 24110
1294 1416 27 20 60
1394 1416 41 20 255
1493 1416 34 21 32:
1538 1417 46 20 46d/
1595 1416 33 20 34:
1640 1421 38 16 164

139 1447 105 20 villkoren
260 1447 33 19 för
309 1446 35 20 lån
356 1447 47 19 från
420 1446 206 25 dräneringsfonden
642 1446 39 20 och
697 1445 68 21 under
775 1436 158 43 förutsättning,
943 1440 2 35 |

138 1478 31 19 att
185 1476 158 21 vederbörande
360 1476 246 26 hushållningssällskap
622 1476 53 20 visat
692 1476 31 25 sig
739 1476 61 25 hava,
812 1476 53 20 efter
876 1477 68 25 pröv-/

138 1507 52 25 ning
205 1507 7 19 i
229 1507 58 26 varje
309 1506 87 20 särskilt
411 1506 45 23 fall,
474 1506 103 25 medgivit
592 1505 199 26 dräneringslånens
806 1506 138 29 innehavare
929 1501 15 38 |
1128 1507 1 23 I
1582 1517 1 8 |

138 1536 150 21 motsvarande
307 1536 98 25 anstånd,
425 1535 181 26 betalningstiden
622 1536 36 19 må
673 1535 129 26 framflyttas
818 1537 30 19 ett
864 1536 23 19 år
903 1536 41 30 för|
1075 1546 1 12 lars
1581 1538 2 20 I

138 1566 43 20 alla
197 1566 68 20 under
282 1565 57 21 1925
351 1566 39 20 och
402 1565 93 20 därefter
505 1565 33 20 till
556 1565 108 26 betalning
674 1565 129 20 förfallande
814 1565 130 26 annuiteter
930 1561 18 34 |
1128 1565 1 10 |

138 1597 13 19 å
167 1597 47 19 från
231 1595 204 26 dräneringsfonden
452 1595 33 20 till
501 1595 245 26 hushållningssällskap
758 1595 106 20 utlämnat
875 1593 69 32 stats-
931 1589 16 40 |
1074 1603 1 3 |
1128 1599 1 16 |
1330 1608 2 11 I

138 1626 36 20 lån
198 1628 57 18 samt
278 1627 31 19 att
331 1625 199 26 amorteringstiden
546 1625 33 20 för
595 1625 71 26 dylikt
681 1625 42 24 lån,
741 1631 45 14 som
803 1625 67 25 enligt
885 1625 59 20 fast-

138 1656 66 20 ställd
220 1655 192 27 amorteringsplan
428 1655 46 20 icke
491 1655 32 20 till
537 1655 54 20 fullo
602 1655 123 20 återbetalts
736 1654 41 21 den
791 1655 9 19 1
812 1656 43 25 jan.
871 1653 73 28 1925,
931 1649 15 37 |
1074 1651 1 28 |

139 1686 36 20 må
192 1686 105 25 förlängas
314 1685 49 20 med
379 1685 44 20 fem
440 1686 28 19 år.
943 1686 1 19 |

123 1746 53 25 Ang.
194 1745 215 26 dräneringsfonden;
426 1751 22 14 se
469 1743 201 28 Utlåningsfonder,
688 1747 80 18 statens
783 1744 73 25 (1928:
868 1744 25 27 5).

149 1780 24 17 Se
186 1780 34 17 ock
234 1779 277 23 Dräneringslånefonden.

942 1792 1 7 I

942 1800 2 10 I

92 1831 310 28 Dräneringslånefonden;
434 1841 21 13 se
488 1832 193 28 Statsregleringen
707 1833 102 26 (1922:
786 1827 34 38 6;
840 1833 92 25 1923:6;

140 1864 63 20 1924:
216 1869 17 18 6;
260 1864 93 23 1925:6;
384 1863 90 23 1926:6;
497 1863 90 23 1927:6;
610 1863 92 23 1928:6;
721 1863 62 20 1929:
796 1869 17 17 6;
833 1863 62 21 1930:
907 1864 24 26 6).

92 1915 263 28 Dubbelbeskattning;
372 1924 22 13 se
414 1916 109 27 Taxering
539 1916 73 27 (1921:
624 1922 17 18 4;
660 1917 100 25 1924:1).
941 1909 2 14 |

91 1968 146 27 Dubbelrör;
246 1978 21 13 se
277 1970 185 28 Kustfästningar
470 1970 74 26 (1924:
555 1976 17 18 5;
585 1970 62 22 1925:
659 1970 25 25 4),
697 1970 101 21 Marinen
806 1970 73 26 (1926:
891 1971 39 25 39).
932 1956 6 46 |

91 2023 247 25 Dubbelseminarier;
362 2031 21 14 se
409 2024 177 21 Folkskoleväsen
612 2024 71 26 (1921:
696 2029 32 19 10,
755 2029 32 19 37;
816 2024 62 21 1922:
898 2020 44 28 46;|
1072 2012 1 40 |

138 2040 63 45 1923:
212 2040 40 45 11).
1072 2060 1 3 |
