1864 2359
168 84 43 23 500

186 266 185 26 Interpellationer.

214 301 32 21 Nr
262 302 22 19 11
303 302 109 26 (Thorell):
429 302 55 26 Ang.
501 302 236 21 kristidsnämndernas
753 303 135 20 föreskrifter
903 309 35 14 om
955 303 124 27 skyldighet

185 331 34 20 för
230 331 57 21 vissa
299 332 144 26 jordbrukare
455 333 34 19 att
500 333 64 19 avstå
577 332 43 20 viss
631 332 132 27 myckenhet
775 333 107 20 fodersäd.

213 367 32 20 Nr
261 368 25 19 12
302 363 99 31 (Åqvist):
417 368 116 20 Huruvida
545 368 103 26 förslaget
659 374 35 14 om
706 368 92 26 tidigare
809 368 135 27 inbetalning
956 375 28 14 av
995 369 85 20 skatter

185 397 33 20 till
229 398 45 19 stat
284 398 40 19 och
334 398 106 20 kommun
450 398 100 20 kommer
559 399 35 19 att
604 398 130 26 framläggas
744 398 33 20 till
787 399 147 20 innevarande
945 399 34 19 års
989 398 89 27 lagtima

186 427 49 20 RD.

213 463 32 20 Nr
262 463 24 20 13
303 463 169 26 (Hermansson):
486 464 55 26 Ang.
555 463 172 27 skattskyldigas
740 465 45 19 rätt
797 465 35 19 att
844 466 51 24 göra
908 464 83 26 avdrag
1003 464 33 20 för
1048 470 31 14 er-

185 493 64 26 lagda
261 493 93 26 premier
365 493 34 20 för
411 493 110 26 pensions-
532 493 51 20 eller
594 493 222 27 livränteförsäkring.

213 528 32 21 Nr
261 529 25 19 14
302 528 105 27 (Hagberg
416 529 7 20 i
432 529 83 26 Luleå):
525 530 55 25 Ang.
591 529 101 26 åtgärder
701 529 32 20 till
743 529 154 21 förhindrande
907 535 27 15 av
945 530 135 20 frostskador

184 558 38 20 vid
236 558 189 26 militärövningar
437 559 112 20 vintertid.

213 594 31 20 Nr
261 594 25 20 15
302 594 129 27 (Andersson
448 595 5 19 i
470 595 117 26 Vigelsbo):
603 595 55 26 Ang.
676 595 56 20 vissa
749 595 203 21 missförhållanden
968 596 6 19 i
990 596 90 19 socken-

185 624 132 26 magasinen.

213 660 32 20 Nr
262 660 25 20 16
303 660 110 26 (Hansson
432 660 6 20 i
457 660 108 26 Skediga):
583 661 55 25 Ang.
657 661 133 26 vidtagande
808 667 28 14 av
853 661 57 20 vissa
928 661 102 26 åtgärder
1047 661 33 20 för

186 690 121 26 främjande
319 696 28 14 av
359 690 113 20 maskinell
484 690 178 26 jordbruksdrift.

213 720 32 19 Nr
262 720 24 20 17
302 720 43 25 (fru
363 720 112 25 Västberg):
491 720 54 26 Ang.
561 726 25 14 en
601 720 85 26 allsidig
700 721 39 19 och
754 720 69 20 snabb
838 721 116 25 utredning
968 722 40 19 rör.
1024 726 56 15 sam-

186 749 77 20 hällets
273 749 131 20 barnavård.

214 779 31 20 Nr
262 779 25 20 18
303 779 135 26 (Mosesson):
449 779 55 26 Ang.
514 779 352 27 konfirmationsundervisningen
876 780 59 20 inom
944 780 85 26 kyrkan
1040 780 39 20 och

185 809 72 20 denna
276 809 167 26 undervisnings
457 809 135 20 förhållande
611 809 32 20 till
660 809 331 27 kristendomsundervisningen
1005 810 6 20 i
1025 810 55 20 folk-

185 839 88 20 skolans
282 838 78 27 sjunde
369 838 65 21 klass.

214 868 31 20 Nr
262 868 24 20 19
302 869 48 25 (von
366 868 103 26 Friesen):
484 869 55 26 Ang.
554 869 169 20 underlättande
737 875 28 14 av
780 869 251 20 universitetsstudierna
1047 870 32 19 för

186 899 25 19 de
226 898 32 20 till
273 898 280 27 beredskapstjänstgöring
567 898 108 21 inkallade
689 899 140 20 B-klassarna
844 905 28 14 m.
882 905 29 14 m.

213 928 32 20 Nr
260 928 27 20 20
303 928 105 26 (Olofsson
418 928 6 20 i
435 928 118 26 Höganäs):
564 928 55 26 Ang.
630 928 165 27 tillämpningen
805 935 27 14 av
843 929 191 20 bestämmelserna
1044 935 35 14 om

185 958 96 26 ledighet
295 958 34 20 för
343 958 106 26 personal,
465 958 12 20 å
492 958 72 20 vilken
579 958 316 27 krigsavlöningsreglementet
909 959 24 20 år
946 959 133 26 tillämpligt.

214 988 31 20 Nr
260 988 24 20 21
303 988 109 26 (Hansson
424 988 7 19 i
441 987 135 27 Vännäsby):
588 988 55 26 Ang.
655 988 217 27 järnvägstransport
883 994 28 14 av
922 988 158 20 oemballerade

185 1017 117 26 gengaskol
313 1017 48 21 från
373 1018 108 20 Norrland
492 1017 32 20 till
535 1018 108 20 mellersta
655 1018 93 26 Sverige.

214 1047 32 19 Nr
261 1047 27 20 22
303 1048 102 24 (Jonsson
416 1047 5 19 i
432 1047 144 26 Skedsbygd):
586 1048 55 25 Ang.
653 1047 43 20 viss
706 1048 91 19 tendens
807 1048 32 19 till
849 1048 193 26 spekulationsköp
1052 1054 28 13 av

185 1076 127 26 jordbruks-
322 1077 39 19 och
372 1076 194 27 skogsfastigheter
575 1083 28 13 av
613 1077 46 19 icke
669 1077 150 25 jordbrukare.

214 1106 32 20 Nr
261 1106 26 20 23
303 1106 84 26 (Hage):
400 1107 55 25 Ang.
467 1106 109 20 eventuell
587 1107 92 25 ändring
689 1112 28 14 av
729 1107 173 25 semesterlagen.

214 1136 32 19 Nr
261 1136 27 19 24
303 1135 112 26 (Lindberg
429 1136 6 19 i
450 1135 85 27 Umeå):
551 1136 54 26 Ang.
621 1136 226 26 sammansättningen
862 1142 28 14 av
906 1136 53 20 1940
973 1137 34 19 års
1022 1142 58 14 norr-

186 1161 187 34 landsutredning.
651 1174 4 4 .

214 1195 32 19 Nr
261 1195 26 19 25
303 1195 110 25 (Hansson
424 1195 7 19 i
442 1195 108 26 Skediga):
562 1195 54 25 Ang.
629 1195 188 26 handläggningen
828 1201 28 14 av
867 1195 54 20 visst
932 1196 78 19 ärende
1022 1196 57 19 inom

186 1226 84 18 statens
288 1224 214 26 egnahemsstyrelse.

215 1254 31 20 Nr
261 1254 27 20 26
304 1254 101 25 (Jonsson
417 1254 5 19 i
434 1254 142 26 Eskilstuna):
588 1255 55 25 Ang.
654 1254 144 26 anledningen
809 1254 32 20 till
852 1255 227 19 massavskedandena

186 1284 36 19 vid
238 1279 68 24 Åkers
320 1283 116 20 krutbruk.

215 1313 32 20 Nr
262 1313 26 20 27
304 1313 130 26 (Andersson
448 1313 6 20 i
467 1313 117 26 Vigelsbo):
598 1314 55 25 Ang.
667 1313 58 20 vissa
738 1314 203 20 missförhållanden
954 1314 6 19 i
974 1314 106 19 samband

186 1343 50 20 med
250 1343 113 26 utdelning
376 1343 48 20 från
438 1343 57 20 vissa
510 1343 185 25 magasinskassor
708 1349 28 14 av
751 1343 119 20 understöd
883 1343 33 20 till
929 1343 150 26 jordbrukare,

186 1379 46 13 som
244 1372 105 20 drabbats
360 1378 28 14 av
400 1372 114 20 missväxt.

215 1402 32 21 Nr
262 1402 26 20 28
304 1402 107 26 (Wallén):
426 1403 55 25 Ang.
496 1402 143 26 utredningen
653 1404 40 18 rör.
708 1403 112 20 ordnande
833 1409 27 14 av
875 1403 206 26 upplysningsverk-

186 1432 86 20 samhet
281 1432 139 20 beträffande
430 1432 119 20 resultaten
559 1438 28 14 av
597 1432 41 20 den
648 1432 88 26 statliga
747 1433 39 19 och
796 1433 206 19 statsunderstödda
1012 1432 69 20 forsk-

187 1462 77 26 nings-,
277 1462 93 20 försöks-
381 1462 40 19 och
433 1462 285 26 provningsverksamheten
730 1463 27 25 på
768 1462 127 26 jordbruks-
906 1463 38 19 och
957 1462 124 26 trädgårds-

187 1492 105 19 området.

215 1521 31 20 Nr
261 1521 26 20 29
303 1521 113 26 (Svensson
430 1521 6 19 i
449 1520 141 27 Ljungskile):
604 1521 55 26 Ang.
673 1521 303 26 lantsmörsproducenternas
989 1523 44 18 rätt
1046 1523 34 18 att

186 1551 54 25 sälja
249 1553 59 18 smör
316 1551 33 19 till
358 1551 162 19 vederbörande
529 1550 81 26 mejeri.

215 1581 32 19 Nr
262 1580 27 20 30
304 1580 97 24 (Nilsson
415 1580 6 20 i
435 1579 125 27 Spånstad):
574 1580 55 26 Ang.
644 1581 108 19 eventuell
766 1581 167 26 skattelindring
946 1581 34 20 för
992 1581 43 19 viss
1049 1581 31 19 till

187 1610 106 20 förstärkt
304 1610 217 26 försvarsberedskap
534 1610 115 20 inkallade.

216 1640 31 20 Nr
261 1640 24 19 31
304 1640 83 25 (Olsson
400 1640 6 19 i
419 1639 211 26 Kullenbergstorp):
644 1640 55 25 Ang.
712 1639 150 27 tilldelningen
875 1640 32 20 till
920 1640 120 25 företagare
1053 1646 28 14 av

186 1669 34 20 för
232 1669 161 26 produktionen
406 1669 82 26 viktiga
501 1669 174 20 förnödenheter.

215 1699 31 20 Nr
261 1699 27 20 32
303 1698 142 27 (Barnekow):
459 1699 55 26 Ang.
528 1699 149 26 tilldelningen
690 1705 28 14 av
731 1699 74 20 bensin
819 1699 39 20 och
872 1699 42 26 olja
927 1699 34 20 för
973 1699 109 20 traktorer

187 1729 39 19 och
242 1728 250 26 mjölkningsmaskiner.

215 1758 32 20 Nr
262 1758 26 20 33
304 1758 133 26 (Gustafsson
449 1758 7 19 i
467 1757 99 26 Lekåsa):
579 1758 55 26 Ang.
647 1758 41 20 den
699 1758 163 26 jordbrukande
874 1758 164 26 befolkningens
1050 1758 31 20 in-

186 1788 88 20 kallelse
286 1788 34 19 till
333 1788 39 20 och
386 1788 151 26 permittering
548 1788 48 19 från
610 1788 203 26 beredskapstjänst
826 1788 69 20 under
907 1788 33 20 för
951 1788 130 26 jordbruket

187 1818 53 20 bråd
257 1818 39 19 tid.

215 1848 32 19 Nr
262 1847 27 20 34
305 1848 47 25 (von
370 1847 63 25 Seth):
452 1847 40 20 Om
509 1847 125 20 inrättande
651 1853 28 14 av
695 1848 33 19 ett
744 1849 128 24 permanent
889 1847 136 26 utrednings-
1041 1848 40 19 och

187 1877 210 26 propagandaorgan
411 1877 50 20 med
477 1877 99 26 uppdrag
591 1878 34 18 att
640 1876 52 27 följa
708 1877 224 26 befolkningsfrågans
948 1877 132 26 utveckling.

215 1907 32 20 Nr
262 1907 26 20 35
304 1907 105 25 (Hagberg
423 1907 5 19 i
443 1906 82 26 Luleå):
540 1907 55 25 Ang.
610 1906 57 20 vissa
681 1906 186 27 utrikespolitiska
880 1907 158 20 förhållanden.

215 1936 32 20 Nr
262 1936 26 20 36
304 1937 109 25 (Hansson
426 1936 6 20 i
445 1936 108 26 Skediga):
566 1936 55 26 Ang.
634 1936 139 26 omläggning
784 1942 28 14 av
823 1937 122 25 grunderna
958 1937 33 20 för
1003 1936 79 20 utläm-

188 1966 51 26 ning
253 1972 28 14 av
295 1966 129 20 kraftfoder.

215 1996 32 20 Nr
262 1996 26 20 37
304 1996 98 25 (Persson
414 1995 6 20 i
432 1995 139 26 Undersvik):
584 1996 55 25 Ang.
652 1996 197 20 åstadkommande
860 2002 28 14 av
899 1997 33 19 ett
943 1996 88 20 enklare
1042 1996 39 19 och

187 2026 107 19 snabbare
303 2025 124 20 förfarande
436 2025 37 20 vid
482 2025 127 27 försäljning
617 2031 28 14 av
654 2025 61 20 mark
724 2025 47 20 från
781 2025 152 27 samfällighet,
943 2026 46 20 däri
998 2026 83 19 kronan

187 2057 24 18 är
221 2055 106 26 delägare.

216 2085 31 20 Nr
262 2085 27 20 38
304 2085 125 26 (Pettersson
439 2084 6 20 i
456 2084 73 26 Dahl):
539 2084 55 26 Ang.
605 2084 148 26 tilldelningen
763 2090 27 14 av
800 2084 35 20 kol
845 2084 32 20 till
888 2085 55 20 vissa
954 2085 128 20 halländska

187 2114 121 26 tegelbruk.

1100 198 26 20 År

1148 202 54 20 Prop.

1235 178 91 16 Motioner

1383 178 80 16 Utskott

1507 190 58 16 Skriv.

1627 178 93 16 Protokoll

1229 232 33 16 FK
1273 228 16 29 |
1292 232 36 15 AK

1349 231 38 17 Sml
1386 214 48 55 Ava
1458 231 26 17 Nr

1526 218 22 12 nr

1604 232 33 16 FK
1703 232 35 16 AK

1098 303 25 20 41

1402 315 40 24 FA

1441 352 1 10 I

1441 363 1 15 I

1403 379 39 22 EN

1715 333 40 20 :2d

1729 494 26 19 3d

1731 531 23 18 13

1730 559 25 20 8d

1731 597 23 17 12

1730 625 25 19 1d

1699 464 19 115 SER

1687 625 7 19 må

1729 690 26 20 9d

1714 722 39 18 718

1714 756 4 14 :
1730 750 24 20 1d

1714 781 39 18 STU

1729 809 24 20 1d

1684 690 13 79 NN
1686 596 2 2 a

1698 660 20 169 fee
1694 659 33 32 SR
1699 624 19 21 SN
1699 595 19 20 Se

1686 809 7 20 -—

1684 898 12 20 &w

1697 868 21 80 OR

1730 901 7 17 =

1741 898 13 20 Ar

1686 1343 33 20 40:
1732 1342 37 20 10d

1686 1432 33 20 40:
1732 1432 37 19 15d

1686 1550 33 20 31:
1730 1550 25 20 7d

1686 1609 33 20 26:
1731 1610 38 19 10d

1686 1669 33 20 39:
1730 1669 26 20 8d

1686 1728 33 20 25:
1731 1728 38 20 15d

1687 1787 32 20 24:
1731 1787 24 20 4d

1687 1876 33 21 35:
1732 1877 24 19 1d

1687 1965 33 20 40:
1732 1965 37 20 16d

1687 2025 33 20 37:
1732 2025 24 20 1d

1687 2113 33 21 40:
1732 2114 38 20 17d
