1817 2351
748 152 223 17 SAKREGISTER

1621 151 40 21 263

75 440 249 25 BOSÄTTNINGSLÅN.

103 474 41 20 RD
159 474 72 21 avslår
244 474 107 20 motioner
365 480 48 20 ang.
428 474 56 20 vissa
499 474 116 26 ändringar
629 474 5 20 i
648 474 99 26 gällande
761 475 153 25 banklagstift-

117 505 50 25 ning
183 504 116 26 (avseende
314 504 88 26 statliga
418 504 189 26 bosättningslån).

102 564 42 19 RD
162 564 87 19 anvisar
266 564 68 19 under
351 564 101 19 rubriken
469 566 83 17 statens
570 564 186 25 utlåningsfonder
772 564 32 19 till
821 564 93 25 kapital-

116 593 132 26 investering
261 593 5 20 i
280 594 83 19 statens
377 593 239 26 bosättningslånefond
630 595 33 18 ett
675 593 74 26 anslag
762 599 28 14 av
802 593 12 19 6
823 593 41 20 000
873 593 40 20 000

116 623 31 20 kr.
162 623 28 25 (r)
203 624 58 19 samt
275 623 68 19 under
356 623 32 19 5:e
403 623 39 19 HT
456 623 32 19 till
501 624 84 18 statens
599 623 179 26 bosättningslån:
793 622 120 27 ersättning

116 653 24 19 åt
155 653 127 19 ortsombud
298 654 33 18 ett
346 652 74 26 anslag
435 658 28 14 av
478 653 26 19 25
513 652 41 20 000
569 653 31 19 kr.
617 652 26 27 (f)
658 654 58 18 samt
730 652 33 20 till
778 654 83 18 statens
876 653 38 20 bo-

116 682 152 26 sättningslån:
279 682 121 26 ersättning
411 683 23 19 åt
443 682 132 20 riksbanken
586 682 32 20 för
629 682 47 20 dess
687 683 74 25 bestyr
771 682 48 20 med
830 683 83 19 statens

116 712 173 26 bosättningslån
304 713 33 19 ett
351 712 75 26 anslag
439 718 28 14 av
481 712 26 20 35
516 712 41 20 000
571 712 32 20 kr.
618 712 33 25 (f).

103 772 42 19 RD
163 772 87 19 anvisar
269 771 67 20 under
354 772 101 19 rubriken
474 773 83 18 statens
576 771 186 27 utlåningsfonder
779 772 33 19 till
830 773 83 19 statens

117 801 239 26 bosättningslånefond
372 803 33 18 ett
421 801 74 26 anslag
510 807 28 14 av
554 801 12 20 5
575 801 41 20 000
625 801 40 20 000
680 802 32 19 kr.
729 802 28 25 (r)
773 803 57 18 samt
845 801 69 20 under

116 831 32 20 5:e
165 831 39 20 HT
220 831 31 20 till
267 832 83 19 statens
366 831 181 26 bosättningslån:
563 831 121 26 ersättning
699 831 23 20 åt
738 831 126 20 ortsombud
880 833 33 18 ett

115 860 75 26 anslag
201 867 28 13 av
241 860 26 20 25
276 860 41 20 000
328 861 31 19 kr.
372 860 26 26 (f)
410 861 39 19 och
461 861 32 19 till
505 862 83 18 statens
600 861 180 26 bosättningslån:
792 861 121 26 ersättning

115 890 22 20 åt
152 890 131 20 riksbanken
297 891 33 19 ett
343 890 74 26 anslag
430 896 28 14 av
471 890 27 20 40
506 890 41 20 000
560 891 32 19 kr.
606 890 33 26 (f).

78 952 6 17 1
101 950 40 19 Till
158 952 84 17 statens
259 950 180 26 bosättningslån:
457 950 121 26 ersättning
594 950 23 19 åt
634 950 127 20 ortsombud
778 950 86 20 anvisas
881 952 33 18 ett

115 980 74 26 anslag
203 985 29 14 av
245 979 27 20 27
280 979 41 20 000
335 980 32 19 kr.
382 980 33 25 (f).

76 1042 10 17 2
101 1039 41 20 Till
158 1041 84 18 statens
258 1039 180 26 bosättningslån:
456 1039 120 26 ersättning
592 1040 23 19 åt
631 1040 131 19 riksbanken
779 1040 86 19 anvisas
881 1041 33 18 ett

115 1069 75 26 anslag
204 1075 28 14 av
246 1068 26 21 50
281 1068 40 21 000
335 1069 32 20 kr.
382 1069 33 25 (f).

76 1131 10 17 3
102 1129 75 20 Såsom
198 1129 217 26 kapitalinvestering
435 1129 6 19 i
462 1130 83 18 statens
566 1129 240 26 bosättningslånefond
827 1129 87 20 anvisas

115 1160 33 18 ett
161 1158 75 26 anslag
250 1164 28 14 av
292 1158 13 20 4
313 1158 41 20 000
362 1158 42 20 000
417 1159 32 19 kr.
465 1158 34 26 (r).

143 1194 23 16 Se
180 1194 35 16 ock
229 1194 118 20 Sparsamhet
360 1194 60 20 (1937:
429 1194 23 20 2).

74 1242 158 20 BOTANISKA
243 1241 182 21 KONGRESSEN
436 1242 9 19 I
457 1242 165 20 STOCKHOLM
635 1242 64 24 1940;
709 1248 22 14 se
744 1242 170 20 Internationella

100 1271 110 20 botaniska
227 1271 129 26 kongressen.

74 1325 387 25 BOTTENHYDROFONSTATION:
476 1332 22 13 se
515 1325 163 20 Försvarsväsen
694 1325 69 26 (1939:
776 1326 26 25 9).

72 1373 377 30 BOTTENUNDERSÖKNINGAR;
468 1385 21 13 se
507 1378 333 26 Meteorologisk-hydrografiska.

72 1432 237 20 BOUPPTECKNING.

101 1462 42 20 RD
168 1462 72 20 avslår
264 1462 82 20 motion
372 1468 34 14 om
427 1462 124 20 inrättande
571 1469 28 13 av
619 1462 139 20 kommunala
780 1463 134 25 bouppteck-

115 1492 147 26 ningsbyråer.

72 1545 200 21 BOUTREDNING
286 1545 54 20 OCH
354 1546 163 19 ARVSKIFTE.

101 1575 43 20 RD
156 1577 90 24 antager
258 1575 33 20 för
302 1575 32 20 sin
347 1575 34 20 del
393 1575 34 26 lag
439 1581 34 14 om
486 1576 145 25 boutredning
643 1576 39 19 och
695 1576 112 23 arvskifte,
819 1576 34 26 lag
863 1581 49 21 ang.

115 1605 113 20 införande
238 1611 28 14 av
275 1605 61 26 lagen
347 1611 35 14 om
392 1605 145 26 boutredning
547 1605 40 20 och
597 1605 112 24 arvskifte,
719 1605 34 27 lag
763 1610 48 21 ang.
822 1605 92 27 ändring

115 1635 5 20 i
134 1635 25 20 12
170 1635 40 20 och
223 1634 25 21 13
259 1635 50 26 kap.
321 1635 206 26 giftermålsbalken,
539 1635 35 26 lag
584 1640 49 21 ang.
645 1635 91 26 ändring
747 1635 6 20 i
764 1635 13 20 2
788 1635 40 20 och
839 1635 12 20 9
862 1636 50 26 kap.

115 1664 61 27 lagen
191 1670 35 15 om
240 1671 45 17 arv,
299 1664 35 27 lag
347 1670 49 21 ang.
410 1665 91 26 ändring
515 1665 5 19 i
534 1665 61 26 lagen
609 1665 41 20 den
664 1665 12 20 8
689 1665 47 26 juni
751 1665 52 20 1928
817 1665 34 26 (nr
864 1665 49 26 281)

116 1700 34 14 om
165 1694 110 21 allmänna
289 1694 139 24 arvsfonden,
443 1695 34 26 lag
491 1700 48 21 ang.
554 1695 92 26 ändring
659 1695 7 20 i
680 1695 13 20 2
707 1695 39 20 och
761 1695 12 19 3
787 1695 50 26 kap.
852 1695 60 26 lagen

116 1730 35 14 om
166 1725 138 23 testamente,
320 1724 34 26 lag
368 1730 49 20 ang.
433 1724 91 27 ändring
538 1725 7 19 i
560 1724 12 20 7
586 1725 50 26 kap.
652 1725 61 26 lagen
729 1731 35 14 om
778 1725 136 25 förmynder-

115 1754 61 26 skap,
190 1754 35 26 lag
237 1759 48 21 ang.
299 1754 92 26 ändring
403 1754 6 20 i
424 1754 24 20 17
460 1754 51 26 kap.
524 1754 176 24 handelsbalken,
714 1754 34 26 lag
760 1760 48 20 ang.
822 1754 91 27 ändring

115 1783 5 20 i
137 1784 58 20 vissa
212 1783 59 21 delar
286 1790 28 14 av
331 1784 198 26 utsökningslagen,
546 1784 34 26 lag
597 1790 35 14 om
648 1784 82 20 ändrad
747 1784 80 26 lydelse
843 1790 28 14 av
889 1784 22 20 11

115 1813 50 26 kap.
185 1813 23 20 11
227 1813 10 25 $
254 1813 213 27 rättegångsbalken,
485 1814 34 26 lag
536 1819 49 21 ang.
603 1814 92 26 ändring
712 1814 6 19 i
735 1814 57 20 vissa
810 1814 59 20 delar
886 1820 28 14 av

115 1843 167 26 konkurslagen,
298 1843 35 26 lag
349 1848 48 21 ang.
414 1843 83 20 ändrad
513 1843 80 26 lydelse
609 1849 28 14 av
653 1843 12 20 7
681 1844 9 25 $
708 1843 17 20 1.
742 1844 61 26 lagen
820 1849 35 14 om
871 1849 43 20 nya

115 1873 171 26 konkurslagens
298 1873 113 20 införande
423 1873 40 20 och
475 1873 42 20 vad
530 1873 6 20 i
548 1873 106 20 avseende
667 1873 52 20 därå
731 1873 54 20 skall
797 1873 116 27 iakttagas,

115 1902 35 27 lag
162 1908 49 21 ang.
225 1902 92 27 ändring
329 1903 6 19 i
348 1903 153 26 förordningen
514 1903 42 20 den
568 1903 13 19 4
594 1909 57 14 mars
666 1903 52 20 1862
731 1902 34 27 (nr
779 1903 34 25 10)
826 1909 35 14 om
873 1903 41 20 tio-

116 1932 45 26 årig
179 1932 146 27 preskription
344 1932 40 20 och
403 1938 34 14 om
456 1933 152 26 årsstämning,
627 1933 35 26 lag
680 1939 34 14 om
733 1933 83 20 ändrad
834 1932 80 27 lydelse

115 1968 29 14 av
156 1962 13 20 2
182 1962 40 20 och
234 1962 14 20 4
260 1962 20 26 $$
293 1962 153 26 förordningen
459 1962 41 20 den
515 1962 25 20 16
552 1962 47 26 juni
613 1962 53 21 1875
679 1963 34 25 (nr
725 1962 35 26 42)
773 1968 49 21 ang.
835 1962 80 27 lagfart

116 1992 12 20 å
142 1992 51 26 fång
206 1991 33 21 till
253 1992 44 20 fast
309 1992 106 26 egendom
428 1994 57 18 samt
498 1992 34 27 lag
546 1998 35 14 om
594 1992 83 20 ändrad
690 1992 81 26 lydelse
783 1999 28 14 av
826 1993 8 19 1
850 1993 9 25 $
872 1993 42 20 för-

116 2021 119 27 ordningen
248 2022 41 20 den
304 2021 25 21 16
341 2022 47 26 juni
402 2022 53 20 1875
468 2022 35 26 (nr
514 2022 36 26 42)
563 2027 49 21 ang.
625 2022 105 20 särskilda
743 2023 108 26 protokoll
863 2024 52 19 över

116 2051 110 27 lagfarter,
240 2052 151 26 inteckningar
405 2052 39 20 och
458 2052 68 20 andra
540 2052 101 20 ärenden.

940 310 26 19 År

992 256 55 17 Kungl.

995 286 52 18 Maj:ts]

995 318 49 15 propir

1002 346 35 13 eller

994 376 55 14 skrivir|

1060 278 91 16 Motioner

1062 385 33 16 FK

1112 386 36 16 AK

1168 367 29 57 Saml.
1163 356 40 2 |

1214 373 15 50 Avd.

1206 230 98 16 Utskotts-

1196 260 117 19 utlåtanden,

1179 290 96 16 memorial
1288 290 44 16 eller

1190 320 132 16 betänkanden

1254 387 89 16 Nummer

1377 230 54 16 Riks-

1370 260 68 20 dagens

1381 290 45 16 skri-

1374 320 59 16 velser

1360 386 90 16 Nummer

1500 248 115 16 Kamrarnas

1488 278 140 20 förhandlingar

1514 307 87 21 (prot.nr)

1472 374 67 16 Första
1545 370 23 29 |
1576 374 63 16 Andra

1472 398 70 16 kamm.
1544 394 24 30 |
1573 398 69 16 kamm.

931 474 52 20 1937

931 564 52 19 1938

931 772 52 20 1939

932 951 51 20 1940

931 1040 53 20 1940

931 1129 53 21 1940/

931 1463 52 20 1940

930 1576 53 20 1933

1062 475 40 19 206

1062 1576 40 20 237

1115 475 41 20 409/

1130 1462 26 20 33

1177 475 13 20 oe

1275 475 26 20 75

1264 565 36 19 114

1275 773 25 20 66

1274 1463 26 20 47

1274 1576 27 20 34

1274 1606 27 20 49

1381 774 12 19 No

1367 1577 40 20 228

1460 476 33 19 41:
1504 477 24 17 61
1560 475 34 20 (41:
1605 477 24 17 32

1460 565 33 19 31:
1506 566 23 17 14
1561 565 33 19 131:
1608 567 33 16 101

1460 1131 33 19 20:
1506 1133 22 17 12
1561 1130 32 19 122:
1607 1131 23 17 14

1460 1463 33 20 33:
1504 1465 24 18 49
1560 1462 34 20 137:
1605 1464 24 17 55
1640 1462 13 20 d

1460 1576 33 21 27:
1504 1578 23 18 51
1539 1576 55 20 dl30:
1605 1578 10 17 5
1626 1576 13 20 d

1460 1606 33 20 37:
1505 1608 23 18 23
1560 1605 33 20 140:
1605 1607 11 18 9
