1825 2351
170 72 42 20 620

187 250 284 27 Kommunalförfattningar.

215 287 20 20 4.
252 287 42 20 RD
307 288 91 25 antager
409 287 34 20 för
454 286 32 20 sin
499 286 34 20 del
545 286 80 27 förslag
636 286 33 20 till
681 287 35 26 lag
728 292 48 21 ang.
790 287 84 20 ändrad
886 286 81 27 lydelse
979 293 27 14 av
1019 287 12 20 8
1043 287 10 25 $
1065 288 12 19 2

187 323 66 14 mom.
269 317 62 26 lagen
347 317 42 20 den
404 316 27 21 20
445 316 48 26 juni
510 316 54 20 1924
579 316 35 26 (nr
628 316 50 26 349)
694 322 35 14 om
745 316 111 26 landsting
871 316 129 27 (ändringen
1015 323 63 14 avser

187 347 192 20 bestämmelserna
395 352 35 14 om
446 346 222 26 landstingsområdes
683 346 111 27 indelning
809 346 6 20 i
830 346 138 26 valkretsar).

215 377 19 20 5.
251 377 42 19 RD
306 376 126 21 hemställer
444 382 35 14 om
492 376 120 26 skyndsam
624 376 117 26 utredning
753 382 28 14 av
793 376 77 26 frågan
882 381 49 21 ang.
945 376 92 26 ändring
1049 382 28 14 av

187 406 100 27 gällande
297 406 164 21 bestämmelser
471 406 6 20 i
487 406 218 26 kommunallagarna
716 412 35 14 om
762 406 121 26 ersättning
893 406 33 20 till
936 406 141 20 kommunala

187 436 184 21 förtroendemän.

215 490 49 20 Med
277 489 146 24 förklarande,
436 491 35 19 att
483 495 61 21 prop.
557 489 51 20 med
620 489 80 26 förslag
712 489 33 20 till
758 489 239 27 uppbördsförordning
1009 495 28 14 m.
1047 495 29 14 m.

187 520 6 20 i
208 520 44 20 vad
267 520 42 20 den
324 520 113 20 hänvisats
451 519 34 20 till
498 519 272 20 konstitutionsutskottet
784 519 47 20 icke
845 519 86 20 kunnat
945 525 28 14 av
989 519 41 20 RD
1046 519 31 20 bi-

187 550 70 23 fallas,
270 550 97 20 anhåller
379 549 49 24 RD,
442 551 35 18 att
488 549 64 20 KM:t
563 549 50 20 med
625 549 125 20 beaktande
762 555 28 14 av
801 549 58 20 vissa
872 551 99 18 närmare
983 549 94 26 angivna

187 580 144 26 synpunkter,
346 580 34 20 för
395 579 53 21 1946
463 580 34 19 års
512 579 42 20 RD
569 579 71 20 måtte
654 579 119 26 framlägga
788 580 52 25 nytt
854 579 80 26 förslag
948 579 33 20 till
995 579 82 20 sådana

187 610 118 26 ändringar
323 609 7 20 i
348 609 218 26 kommunallagarna
586 615 28 14 m.
625 609 22 20 fl.
668 609 163 26 författningar,
851 615 47 14 som
917 609 108 20 erfordras
1044 609 34 20 för

186 639 170 27 genomförande
369 645 28 14 av
411 639 226 26 uppbördsreformen.

216 687 18 20 1.
251 687 42 20 RD
307 688 92 25 antager
410 687 34 20 för
456 686 33 20 sin
502 686 34 20 del
549 686 80 26 förslag
641 686 33 20 till
687 686 35 26 lag
734 691 49 21 ang.
797 686 84 20 ändrad
894 686 81 26 lydelse
988 692 28 14 av
1030 687 25 19 17
1068 687 9 25 $

188 717 9 20 1
211 723 66 14 mom.
289 717 63 26 lagen
364 717 41 20 den
417 717 27 20 20
454 716 48 26 juni
515 716 53 20 1924
580 716 35 26 (nr
626 716 49 26 349)
687 722 35 14 om
734 716 111 26 landsting
857 716 116 26 (avseende
984 716 94 20 förkort-

187 747 52 26 ning
250 753 29 14 av
291 746 173 26 motionstiden).

215 777 19 20 2.
251 777 42 20 RD
308 777 73 20 avslår
394 776 84 20 motion
492 781 49 21 ang.
556 776 114 20 införande
684 782 28 14 av
726 775 164 21 bestämmelser
904 781 35 15 om
953 775 123 27 interpella-

186 806 149 21 tionsinstitut
346 806 7 20 i
365 806 224 26 kommunallagarna.

215 836 20 21 3.
252 837 42 19 RD
305 836 73 20 avslår
387 836 109 20 motioner
506 842 35 13 om
552 835 123 20 beredande
685 841 28 14 av
725 835 57 20 ökad
792 835 115 26 möjlighet
917 836 35 19 att
962 835 6 20 i
980 835 98 20 besvärs-

186 868 43 24 väg
237 866 51 20 ernå
298 866 93 26 förnyad
400 865 107 27 prövning
515 871 28 14 av
551 865 76 26 frågan
636 871 35 14 om
679 865 141 20 kommunala
829 865 247 26 tjänstetillsättningar.

214 896 20 20 4.
251 896 42 20 RD
312 896 73 20 avslår
401 896 84 20 motion
504 901 35 14 om
557 895 69 20 sådan
644 895 92 26 ändring
753 901 28 14 av
799 894 225 26 kommunallagarna,
1043 896 35 19 att

187 926 72 26 frågor
270 932 36 14 om
317 925 128 21 kommunal
456 925 134 27 produktion
601 931 29 14 av
641 925 105 26 hyreshus
758 931 29 13 m.
796 931 29 13 m.
837 925 75 19 kunna
924 926 92 25 avgöras
1027 925 50 19 med

187 956 61 20 enkel
260 955 119 27 majoritet.

215 985 19 21 5.
251 986 42 20 RD
308 985 72 20 avslår
393 985 84 20 motion
492 991 35 14 om
541 984 134 27 vidtagande
689 990 28 14 av
731 984 82 20 sådana
827 984 117 26 ändringar
957 984 7 20 i
977 984 100 26 gällande

186 1015 273 26 kommunallagstiftning,
475 1016 35 19 att
524 1015 106 19 kommun
645 1014 90 20 erhåller
749 1015 46 19 rätt
809 1015 35 19 att
859 1014 80 26 bevilja
955 1014 75 26 anslag
1045 1014 32 20 till

187 1045 154 26 elektrifiering
353 1051 28 13 av
393 1045 99 25 avlägset
503 1044 100 26 liggande
615 1044 79 26 gårdar
706 1044 40 19 och
758 1044 62 25 byar.

215 1075 19 19 6.
251 1075 42 19 RD
305 1074 72 20 avslår
387 1074 84 20 motion
482 1079 49 21 ang.
543 1073 92 26 ändring
645 1079 29 14 av
685 1073 193 20 bestämmelserna
890 1079 35 14 om
936 1072 142 21 motionsrätt

187 1104 6 20 i
205 1104 62 26 lagen
280 1110 35 14 om
326 1103 199 27 kommunstyrelse
536 1103 27 26 på
576 1103 81 20 landet.

215 1134 19 20 7.
251 1134 42 20 RD
308 1135 91 25 antager
411 1133 34 20 för
458 1133 32 20 sin
504 1133 34 20 del
552 1133 80 26 förslag
644 1132 33 20 till
690 1132 35 26 lag
738 1134 41 18 rör.
794 1138 29 20 ny
837 1132 110 26 indelning
960 1137 28 15 av
1002 1131 56 21 riket
1071 1132 6 20 i

187 1163 120 27 borgerliga
329 1163 130 20 kommuner
482 1164 58 19 samt
562 1163 127 26 godkänner
712 1162 108 26 riktlinjer
842 1162 34 20 för
898 1161 179 27 nyindelningens

187 1193 177 26 genomförande.

215 1252 20 21 8.
253 1253 42 19 RD
308 1253 91 26 antager
410 1252 34 20 för
455 1252 32 19 sin
500 1251 33 21 del
546 1251 79 26 förslag
636 1251 33 20 till
681 1251 35 26 lag
727 1256 49 21 ang.
789 1250 91 27 ändring
892 1251 6 19 i
910 1250 57 20 vissa
980 1250 59 20 delar
1050 1256 28 14 av

188 1282 62 26 lagen
264 1282 41 20 den
318 1282 13 20 6
343 1282 47 26 juni
405 1281 53 21 1930
471 1281 35 26 (nr
518 1281 49 26 251)
582 1287 34 14 om
629 1280 219 28 kommunalstyrelse
861 1280 28 26 på
902 1280 82 23 landet,
998 1280 33 20 till
1044 1280 34 26 lag

187 1317 49 21 ang.
246 1312 93 25 ändring
347 1312 6 19 i
362 1312 57 19 vissa
429 1311 60 20 delar
497 1317 28 14 av
533 1311 63 26 lagen
605 1311 41 20 den
655 1310 13 20 6
676 1310 47 26 juni
734 1310 53 20 1930
796 1310 34 26 (nr
838 1310 49 26 252)
897 1316 35 13 om
941 1310 137 20 kommunal-

187 1341 90 26 styrelse
288 1341 7 20 i
306 1342 56 22 stad,
374 1341 33 19 till
417 1341 35 26 lag
462 1346 49 21 ang.
523 1340 92 26 ändring
625 1340 6 19 i
641 1340 57 20 vissa
711 1340 59 19 delar
779 1346 29 13 av
818 1340 62 26 lagen
892 1340 40 19 den
944 1339 12 20 6
966 1339 47 26 juni
1026 1339 52 20 1930

188 1371 35 26 (nr
237 1371 50 26 259)
304 1377 35 14 om
355 1370 236 26 församlingsstyrelse,
607 1370 33 20 till
656 1370 35 26 lag
706 1375 49 21 ang.
772 1369 92 26 ändring
879 1369 7 20 i
901 1369 58 20 vissa
975 1369 60 20 delar
1050 1375 28 14 av

187 1401 62 26 lagen
264 1401 42 20 den
320 1401 27 20 20
361 1400 47 26 juni
424 1400 54 20 1924
492 1400 34 26 (nr
540 1400 49 26 349)
605 1406 35 13 om
654 1399 117 26 landsting,
786 1399 33 20 till
834 1399 126 26 förordning
975 1405 34 14 om
1024 1405 55 20 upp-

187 1431 101 20 hävande
303 1437 29 13 av
346 1430 154 26 förordningen
516 1430 41 19 den
572 1430 27 19 30
613 1429 47 26 juni
677 1429 53 20 1933
745 1429 35 26 (nr
794 1428 50 27 461)
859 1435 35 13 om
909 1428 122 26 ersättning
1045 1428 34 20 för

188 1460 121 26 debitering
322 1460 39 20 och
374 1460 101 26 uppbörd
488 1465 28 14 av
529 1459 199 26 landstingsmedel,
741 1458 34 20 till
787 1458 35 27 lag
834 1463 49 22 ang.
897 1458 92 26 ändring
1000 1458 7 20 i
1019 1458 58 20 vissa

188 1490 59 20 delar
254 1496 28 14 av
290 1490 62 26 lagen
361 1490 40 20 den
412 1490 24 20 15
443 1489 48 26 juni
500 1489 52 20 1935
561 1489 34 26 (nr
602 1488 50 24 337)
660 1495 35 13 om
703 1488 218 26 kommunalstyrelse
929 1488 7 20 i
944 1487 133 24 Stockholm,

187 1520 33 20 till
232 1520 35 26 lag
280 1525 48 21 ang.
343 1520 92 25 ändring
447 1519 7 20 i
466 1519 58 20 vissa
538 1519 59 20 delar
609 1525 28 13 av
650 1518 62 26 lagen
725 1518 41 20 den
780 1518 12 20 6
804 1518 48 26 juni
866 1518 53 20 1930
932 1517 35 27 (nr
979 1517 50 27 260)
1042 1524 35 13 om

187 1549 228 26 församlingsstyrelse
427 1549 5 20 i
444 1548 133 24 Stockholm,
588 1548 34 20 till
632 1548 35 26 lag
677 1554 35 14 om
723 1548 84 20 ändrad
817 1547 82 27 lydelse
909 1553 28 14 av
949 1548 8 19 1
971 1547 39 20 och
1023 1547 24 20 13
1058 1548 20 25 $$

188 1579 62 26 lagen
263 1580 41 19 den
318 1580 25 19 12
355 1579 47 26 juni
416 1579 50 20 1931
481 1579 35 26 (nr
527 1578 50 26 201)
589 1583 49 21 ang.
651 1577 209 27 kyrkofullmäktige
872 1577 40 20 och
924 1577 154 26 kyrkonämnd

187 1609 6 20 i
207 1609 117 26 Göteborg,
337 1609 32 20 till
382 1609 35 26 lag
429 1614 49 20 ang.
491 1608 92 26 ändring
595 1608 7 20 i
614 1608 57 20 vissa
685 1608 59 19 delar
755 1613 29 14 av
796 1607 62 27 lagen
871 1607 41 20 den
927 1607 24 20 13
963 1607 48 26 juni
1025 1607 53 20 1919

187 1639 35 26 (nr
233 1639 49 26 293)
295 1645 34 14 om
342 1638 91 26 ordning
445 1638 40 20 och
496 1638 79 20 villkor
585 1638 34 20 för
630 1637 92 26 ändring
733 1637 6 20 i
750 1637 128 20 kommunal
890 1637 39 20 och
941 1636 137 21 ecklesiastik

187 1669 117 26 indelning,
317 1668 33 20 till
362 1668 35 26 lag
409 1673 48 21 ang.
471 1668 83 20 ändrad
567 1667 80 27 lydelse
659 1673 28 14 av
699 1667 26 20 37
738 1667 40 20 och
790 1667 26 20 39
828 1667 20 25 $$
860 1666 62 27 lagen
935 1666 41 20 den
988 1666 27 20 26
1027 1672 49 14 nov.

188 1698 54 20 1920
255 1698 35 26 (nr
303 1698 49 26 796)
365 1704 35 14 om
413 1698 35 20 val
461 1697 33 20 till
507 1698 49 23 RD,
570 1697 33 20 till
615 1697 35 26 lag
662 1702 48 21 ang.
724 1697 84 20 ändrad
821 1696 80 26 lydelse
914 1702 28 14 av
954 1696 13 20 6
980 1696 40 20 och
1032 1696 13 20 9
1057 1696 21 26 $$

186 1728 143 20 kommunala
339 1728 100 25 vallagen
450 1728 41 19 den
502 1727 12 20 6
523 1727 47 26 juni
582 1727 53 20 1930
646 1727 34 25 (nr
689 1727 57 25 253),
757 1726 32 20 till
799 1726 35 26 lag
843 1731 49 21 ang.
903 1726 84 20 ändrad
997 1725 81 27 lydelse

186 1764 29 13 av
226 1758 12 20 7
250 1759 9 24 $
271 1758 13 19 2
295 1764 66 13 mom.
374 1757 61 26 lagen
448 1757 41 20 den
502 1757 25 19 14
537 1756 48 26 juni
598 1756 53 20 1918
663 1756 34 26 (nr
708 1756 49 25 422)
769 1762 35 14 om
816 1755 148 26 fattigvården
976 1756 58 19 samt
1044 1755 33 20 till

187 1787 127 26 förordning
326 1792 48 21 ang.
388 1787 91 26 ändring
490 1786 6 20 i
509 1786 153 26 förordningen
674 1786 41 20 den
727 1786 24 20 31
766 1786 44 19 dec.
825 1785 52 20 1945
889 1785 35 26 (nr
935 1785 49 26 903)
997 1791 35 14 om
1044 1786 34 19 ut-

187 1817 122 26 debitering
325 1823 28 14 av
369 1816 171 27 tingshusmedel
557 1816 42 26 (för
615 1815 230 27 uppbördsreformens
861 1815 170 26 genomförande
1046 1820 32 14 er-

187 1847 115 26 forderliga
321 1846 118 26 ändringar
456 1846 7 20 i
480 1846 218 26 kommunallagarna
716 1851 29 14 m.
755 1845 23 20 fl.
797 1844 156 27 författningar
970 1850 29 14 av
1016 1844 62 20 kom-

186 1876 122 27 munallags
320 1876 82 26 natur).

217 1924 18 20 1.
253 1924 42 20 RD
309 1925 91 25 antager
413 1923 34 26 lag
461 1928 48 21 ang.
524 1923 84 20 ändrad
622 1922 80 27 lydelse
716 1929 28 13 av
757 1922 12 20 9
783 1923 9 24 $
806 1922 61 26 lagen
882 1922 41 20 den
936 1921 13 20 6
962 1921 47 26 juni
1025 1921 52 21 1930

187 1954 35 25 (nr
235 1954 50 25 251)
300 1960 35 13 om
349 1953 220 26 kommunalstyrelse
584 1953 27 26 på
625 1953 75 19 landet
714 1954 58 18 samt
786 1952 34 26 lag
834 1957 49 21 ang.
898 1952 84 20 ändrad
997 1951 80 26 lydelse

186 1990 28 13 av
227 1984 13 19 9
253 1984 9 25 $
275 1984 62 26 lagen
351 1984 41 19 den
406 1983 12 19 6
430 1983 48 26 juni
493 1983 53 20 1930
559 1983 35 26 (nr
606 1982 49 26 252)
669 1988 34 14 om
717 1981 219 27 kommunalstyrelse
949 1981 6 20 i
968 1981 49 20 stad
1031 1981 47 26 (av-

187 2014 77 19 seende
277 2013 36 20 val
325 2019 29 14 av
367 2012 163 26 nämndemän).

215 2044 19 19 2.
251 2044 42 19 RD
306 2045 92 24 antager
410 2043 33 20 för
455 2042 33 20 sin
501 2042 33 20 del
547 2042 80 26 förslag
638 2042 33 19 till
683 2042 35 26 lag
731 2048 34 13 om
777 2041 128 20 kommunal
918 2040 158 26 fondbildning,

186 2073 33 20 till
230 2073 34 26 lag
274 2078 49 21 ang.
334 2073 84 20 ändrad
428 2072 81 27 lydelse
519 2078 28 14 av
557 2072 27 20 23
594 2073 9 25 $
613 2072 13 20 2
636 2078 66 13 mom.
714 2072 39 19 och
764 2071 23 20 61
800 2072 9 25 $
819 2071 62 26 lagen
893 2071 41 20 den
944 2071 12 19 6
966 2070 47 26 juni
1025 2070 53 20 1930

187 2103 35 26 (nr
233 2102 49 27 251)
295 2109 35 14 om
342 2102 219 25 kommunalstyrelse
573 2102 28 26 på
613 2101 82 24 landet,
708 2101 32 20 till
753 2101 34 26 lag
799 2106 48 21 ang.
860 2101 85 20 ändrad
957 2100 81 27 lydelse
1050 2106 28 14 av

1222 158 102 28 Motioner
1371 157 91 28 Utskott
1506 173 37 17 Skri
1624 161 95 16 Protokoll

1099 182 25 20 År
1121 178 16 32 |
1147 186 53 20 Prop.
1524 178 31 35 Sa

1228 216 33 16 FK
1262 212 25 27 |
1290 216 36 16 AK
1348 216 85 16 |SmllAvd|
1456 216 27 16 Nr
1602 215 33 16 FK
1701 215 35 16 AK

1097 287 28 20 45|
1167 299 27 3 —LI
1238 287 92 20 —|188|
1366 287 12 20 5)
1414 288 12 19 21
1479 287 172 20 91121113:80
1684 287 66 20 |13:17
1773 277 3 4 I

1108 383 9 13 »l
1209 364 16 42 Il
1238 388 28 3 —!
1318 376 12 20 61
1366 377 12 20 5]
1414 377 12 19 21
1466 376 184 20 161278121:29
1660 364 17 42 |
1676 364 39 42 21:
1723 364 42 42 49d

1304 406 24 20 81

1098 490 27 19 451
1153 490 41 20 370
1204 477 27 42 |
1238 501 28 3 —|
1303 502 28 2 —I
1366 490 12 20 51
1414 490 12 20 21
1465 489 92 20 271610
1553 477 17 42 |
1571 477 43 42 41:
1626 477 49 42 82d]
1682 489 33 20 43:
1726 489 39 20 57d

1100 520 21 19 H

1098 687 27 19 46|
1167 686 163 20 —I100!192]
1366 686 12 20 5!
1413 687 13 19 2/|
1478 685 158 21 31-49110:4
1683 685 81 20 |10:19d

1108 782 8 14 Ålö
1289 776 41 20 RSS
1365 776 12 20 LNB
1487 763 48 42 hr
1573 775 17 20 el
1596 775 17 20 dt
1624 763 40 42 Ben
1682 774 68 20 ALLO

1108 842 8 13 $
1122 822 23 43 |
1166 847 28 3 ;—
1226 835 103 20 101195
1365 835 12 20 )-5
1413 835 13 20 2];
1478 835 13 20 79].
1529 846 84 2 —,-12:
1625 822 52 43 10d]
1682 834 31 20 12:
1724 834 39 20 31d

1108 901 8 14 pöl
1291 894 38 21 AGE
1365 894 12 21 bi
1466 894 25 20 LOT
1582 894 67 20 LAS
1682 893 67 20 LD

1108 991 8 13 »
1237 995 28 3 To
1291 984 38 20 il00
1332 979 12 32 1
1365 984 60 20 01:21;
1466 984 22 19 ALI
1529 995 27 3 —
1583 983 65 20 11212
1683 983 31 19 12:
1725 983 39 19 010

1108 1079 86 13 aln
1291 1072 38 21 fl
1364 1072 13 21 70:
1412 1073 13 19 l0
1465 1072 183 20 LOL
1663 1060 50 42 EG
1725 1073 24 18 AG

1108 1138 8 14 »
1125 1119 21 42 |
1153 1133 40 20 236
1198 1119 22 42 |
1231 1132 41 20 299)
1296 1131 38 20 461]
1364 1132 13 20 51
1412 1132 13 20 21
1465 1131 90 21 191340]
1579 1131 33 20 23:
1624 1131 39 20 36d]
1680 1130 34 21 24:
1725 1131 40 19 36d

1231 1162 41 20 300|
1296 1161 41 20 462

1231 1192 41 20 326)
1296 1191 41 20 498

1232 1221 106 20 327/-500)

1108 1251 83 20 »l261]
1237 1263 28 2 —|
1302 1263 28 2 —JI
1365 1250 12 20 5)
1413 1250 12 20 2|
1464 1250 92 20 211458]
1580 1250 69 20 27:96
1652 1237 22 43 |
1681 1249 33 20 28:
1728 1251 37 18 106

1098 1921 27 20 461
1153 1921 40 20 315
1204 1907 28 43 |
1239 1933 27 2 —I
1304 1933 27 2 —]
1366 1920 12 20 51
1414 1920 12 20 2]
1465 1920 89 20 231491
1581 1920 55 20 135:4
1644 1907 71 43 135:
1720 1907 31 43 20

1101 1951 20 20 H

1108 2047 9 13 »
1153 2040 41 20 1324
1201 2027 32 42 |
1238 2052 20 2 —I
1303 2051 28 3 —
1335 2027 14 42 1)
1366 2039 61 21 51-21
1465 2038 185 21 241504137:12
1657 2027 22 42 |
1682 2038 83 20 37:21d
