1853 2356
785 151 223 17 SAKREGISTER

1656 151 38 20 411

111 442 248 25 FARTYGSTILLSYN:
379 448 22 14 se
422 442 87 26 Farlyg;
531 442 240 27 Fartygsinspektionen.

110 502 365 21 FARTYGSUTTAGNINGSLAG.

138 532 43 20 RD
196 533 92 25 antager
302 532 81 26 förslag
397 532 33 20 till
444 532 36 26 lag
494 538 35 14 om
544 532 84 20 ändrad
642 532 82 26 lydelse
738 538 29 14 av
781 532 12 21 5
808 533 9 25 $
832 532 62 27 lagen
909 533 41 20 den

152 562 13 20 9
176 562 56 26 april
245 561 53 21 1926
311 561 34 26 (nr
357 562 35 25 66)
404 567 50 21 ang.
466 562 145 20 anskaffande
623 568 28 14 av
662 562 73 26 fartyg
747 562 33 20 för
791 562 160 26 krigsmaktens

152 591 108 21 ställande
273 591 28 27 på
315 591 94 26 krigsfot
422 591 300 27 (fartygsuttagningslagen).

181 628 22 16 Se
216 628 35 17 ock
265 627 108 21 Ersättning
387 627 53 21 (1939
448 627 24 20 U;
487 627 50 17 1940:
547 627 23 20 2);
583 627 177 17 Försvarsväsendet
773 627 60 21 (1936:
842 628 24 19 4).

111 681 158 21 FASCISTISK
283 681 190 20 ORIENTERING
486 681 94 20 BLAND
591 680 176 22 OFFICERARE
778 681 55 20 OCH
843 681 108 20 UNDER-

139 711 186 25 OFFICERARE;
340 717 22 14 se
380 711 179 26 Interpellationer
574 710 70 27 (1934:
656 713 31 21 19,
705 711 40 25 36).

111 770 76 25 FAST,
204 770 20 21 J.
240 771 32 24 G.,
286 770 15 20 f.
317 770 20 20 d.
352 770 116 27 grenadjär
482 770 38 20 vid
533 770 158 21 förutvarande
705 771 77 20 Första
796 770 156 27 livgrenadjär-

138 802 142 24 regementet;
295 806 22 14 se
330 800 116 20 Pensioner
460 800 79 26 (1933).

111 860 70 20 FAST
195 859 145 21 EGENDOM.

114 892 9 17 1
139 889 43 21 RD
198 889 104 24 anhåller,
318 890 36 20 att
368 889 65 21 KM:t
447 889 71 21 måtte
533 889 130 21 föranstalta
680 895 35 14 om
730 889 91 21 fortsatt
836 889 116 27 utredning

152 922 42 18 rör.
208 919 131 27 utvidgning
351 926 28 14 av
393 919 53 21 1925
458 920 35 19 års
505 919 35 26 lag
551 924 50 21 ang.
613 919 80 20 förbud
705 919 7 20 i
724 919 57 20 vissa
793 919 38 20 fall
843 919 33 21 för
888 919 64 27 bolag

154 950 39 20 och
209 949 99 27 förening
324 951 35 18 att
374 949 102 21 förvärva
492 949 45 20 fast
552 949 105 26 egendom
672 950 104 20 ävensom
791 955 29 14 av
835 949 42 21 den
892 955 60 14 norr-

153 979 92 21 ländska
268 979 154 26 arrendelagen
446 979 38 20 och
509 979 164 27 uppsiktslagen
696 980 35 19 att
754 980 93 20 omfatta
869 979 82 27 jämväl

153 1010 58 20 vissa
227 1009 111 21 stiftelser.

114 1071 10 18 2
138 1069 57 27 Ang.
211 1069 84 21 ändrad
309 1069 81 26 lydelse
404 1075 28 14 av
448 1069 8 20 1
473 1069 9 26 $
496 1069 63 26 lagen
573 1075 35 14 om
622 1069 150 26 återköpsrätt
785 1069 34 20 till
832 1069 45 20 fast
889 1074 63 21 egen-

154 1099 58 24 dom;
227 1105 22 14 se
264 1099 159 26 Stadsplanelag
437 1098 80 27 (1931).

115 1191 8 17 1
140 1189 42 20 RD
195 1190 91 25 antager
297 1189 33 20 för
342 1188 33 21 sin
387 1188 35 21 del
433 1188 80 27 förslag
524 1188 34 20 till
568 1188 35 26 lag
616 1194 35 14 om
663 1188 92 26 ändring
766 1188 7 21 i
784 1188 57 21 vissa
854 1188 59 21 delar
924 1194 28 14 av

153 1218 62 27 lagen
228 1219 42 20 den
284 1218 25 21 18
320 1218 48 27 juni
380 1218 54 21 1925
446 1218 35 26 (nr
492 1218 50 26 219)
554 1223 49 22 ang.
615 1218 79 21 förbud
707 1218 6 20 i
725 1218 57 20 vissa
794 1218 38 20 fall
843 1218 34 21 för
888 1218 64 27 bolag

154 1249 38 19 och
210 1248 99 27 förening
325 1250 36 19 att
376 1248 103 20 förvärva
496 1248 45 20 fast
556 1248 112 26 egendom.

114 1304 10 18 2
138 1302 56 26 Ang.
210 1302 93 26 ändring
321 1308 29 14 av
368 1302 62 26 lagen
450 1308 35 14 om
504 1302 165 26 nyttjanderätt
686 1301 34 21 till
737 1302 45 20 fast
799 1301 113 27 egendom;
930 1308 22 14 se

154 1332 140 21 Ecklesiastik
304 1332 47 26 jord
362 1332 71 26 (1932:
445 1332 27 26 3).

139 1386 42 20 RD
194 1386 98 21 anhåller
304 1392 35 14 om
352 1385 124 27 utredning,
488 1385 110 21 huruvida
610 1386 40 20 och
662 1386 27 26 på
701 1385 44 21 vad
757 1387 46 19 sätt
813 1385 58 21 vissa
882 1385 71 27 jämk-

152 1416 78 27 ningar
243 1416 6 20 i
264 1416 41 20 den
319 1416 103 20 tekniska
436 1415 162 27 utformningen
613 1421 28 15 av
655 1415 26 21 de
695 1415 257 27 dispensbestämmelser,

152 1452 47 14 som
210 1446 100 26 stadgats
320 1446 7 20 i
337 1446 13 19 4
360 1446 9 25 $
380 1446 69 20 andra
460 1446 39 20 och
510 1446 72 26 tredje
592 1445 124 27 punkterna
727 1447 57 19 samt
794 1445 7 20 i
811 1445 41 21 den
863 1445 89 21 därmed

153 1476 217 26 sammanhängande
386 1476 12 20 5
413 1476 9 25 $
437 1482 29 14 av
480 1476 63 26 lagen
559 1476 41 20 den
617 1475 26 21 18
657 1475 47 27 juni
720 1475 53 21 1925
788 1480 48 22 ang.
851 1475 80 21 förbud
946 1475 7 20 i

153 1506 58 20 vissa
223 1506 39 20 fall
274 1506 34 20 för
320 1505 71 27 bolag,
404 1506 99 26 förening
515 1506 40 19 och
568 1505 93 21 stiftelse
672 1507 36 19 att
719 1505 103 20 förvärva
834 1505 45 20 fast
890 1510 63 21 egen-

154 1536 58 23 dom,
223 1536 75 20 kunna
308 1535 102 27 vidtagas
421 1536 6 19 i
438 1536 58 25 syfte
506 1537 42 22 att,
559 1537 55 19 utan
625 1537 35 18 att
670 1535 74 26 lagens
754 1535 79 20 sociala
844 1535 40 20 och
894 1535 59 27 jord-

153 1565 103 27 politiska
276 1566 132 26 verkningar
426 1565 119 26 försvagas,
564 1565 127 27 möjliggöra
710 1566 36 19 att
763 1565 38 20 vid
819 1565 73 26 lagens
910 1565 43 20 till-

153 1595 113 27 lämpning
281 1602 60 14 mera
357 1595 85 26 hänsyn
458 1597 61 24 tages
535 1595 33 20 till
584 1595 27 20 de
627 1595 192 26 omständigheter,
836 1601 47 14 som
898 1595 55 20 före-

153 1625 56 26 ligga
221 1626 7 20 i
239 1626 39 20 det
288 1625 107 21 särskilda
406 1625 68 24 fallet;
487 1625 39 20 och
538 1625 125 20 hemställer
674 1625 50 23 RD,
736 1626 35 19 att
782 1625 7 20 i
800 1625 57 25 syfte
868 1626 35 19 att
914 1631 39 14 un-

153 1655 95 20 derlätta
260 1655 140 26 arrendering
412 1661 28 14 av
452 1655 60 20 såväl
524 1655 82 25 bolags,
618 1654 109 26 förenings
740 1655 40 19 och
792 1654 102 20 stiftelses
905 1660 47 14 som

153 1685 98 20 enskilda
263 1691 113 20 personers
386 1684 145 27 jordinnehav
542 1685 63 19 KM:t
615 1684 70 20 måtte
695 1684 45 20 låta
750 1684 119 20 verkställa
879 1684 74 20 utred-

152 1714 53 27 ning
221 1717 42 18 rör.
280 1714 156 27 lämpligheten
453 1720 29 14 av
498 1714 117 26 ändringar
632 1714 6 20 i
655 1714 100 26 gällande
771 1713 181 27 inteckningslag-

153 1744 109 26 stiftning,
280 1745 108 19 avseende
405 1745 42 22 att,
465 1745 54 19 utan
536 1744 125 26 minskning
678 1749 29 15 av
723 1743 229 26 inteckningshavares

152 1774 109 23 säkerhet,
277 1774 79 20 bereda
371 1774 69 20 ökade
454 1774 98 20 tillfällen
567 1773 33 21 till
613 1774 79 25 utbyte
706 1779 28 14 av
747 1773 56 26 jord.

139 1827 42 21 RD
195 1829 92 25 antager
299 1827 34 21 för
345 1827 32 21 sin
392 1827 33 21 del
438 1827 80 27 förslag
530 1827 33 20 till
576 1827 35 26 lag
623 1833 49 21 ang.
686 1827 83 20 ändrad
782 1827 81 26 lydelse
875 1833 29 14 av
916 1828 13 19 2
941 1827 10 26 $

153 1857 62 27 lagen
224 1858 42 20 den
274 1857 27 21 30
308 1858 44 26 maj
363 1857 53 21 1916
425 1857 34 26 (nr
468 1857 48 26 156)
525 1863 35 14 om
567 1857 58 20 vissa
633 1857 182 27 inskränkningar
822 1857 7 20 i
836 1858 73 20 rätten
917 1858 35 19 att

153 1887 103 21 förvärva
267 1887 45 21 fast
323 1887 105 27 egendom
440 1887 50 20 eller
500 1892 68 21 gruva
580 1887 50 20 eller
640 1887 87 20 aktier
711 1883 23 35 i
738 1887 57 20 vissa
806 1887 64 26 bolag
881 1893 28 14 m.
921 1893 29 14 m.

140 1941 42 21 RD
196 1941 73 21 avslår
281 1941 84 21 motion
380 1947 35 14 om
428 1941 92 27 ändring
534 1941 50 20 eller
597 1941 118 26 förklaring
728 1946 28 15 av
769 1941 62 26 lagen
845 1946 48 21 ang.
907 1941 44 20 vad

153 1971 34 21 till
198 1971 45 21 fast
254 1971 107 27 egendom
372 1973 24 18 är
407 1972 36 19 att
454 1971 98 21 hänföra.

140 2025 43 21 RD
192 2025 73 21 avslår
273 2025 84 20 motion
368 2031 34 14 om
412 2025 44 21 viss
466 2025 92 26 ändring
567 2025 6 20 i
582 2025 62 26 lagen
654 2025 41 20 den
706 2025 25 20 18
740 2025 47 26 juni
798 2025 53 20 1925
861 2031 34 13 om
905 2024 47 21 bul-

155 2055 181 21 vanförhållande
350 2055 6 20 i
370 2055 60 27 fråga
446 2061 35 14 om
495 2054 44 21 fast
553 2055 112 26 egendom.

978 309 26 20 År

1030 255 55 18 Kungl.

1032 285 53 18 Maj:ts

1032 318 51 15 prop:r

1040 345 36 14 eller

1032 375 54 14 skriv:r]

1098 277 91 16 Motioner

1244 229 96 17 Utskotts-

1232 259 118 20 utlåtanden,

1216 289 95 17 memorial
1324 289 43 17 eller

1226 319 133 17 betänkanden

1413 230 54 16 Riks-

1405 260 70 20 dagens

1417 290 45 16 skri-

1409 320 59 16 velser

1536 248 116 16 Kamrarnas

1523 277 141 21 förhandlingar

1550 307 87 21 (prot.nr)

1100 385 33 16 FK

1151 385 36 16 AK

1289 386 90 16 Nummer

1207 366 17 57 Saml.

1249 379 16 44 Avd.

1396 386 91 16 Nummer

1509 374 66 16 Första
1581 370 24 30 |
1612 374 64 16 Andra

1508 398 70 16 kamm.
1580 394 24 30 |
1610 398 69 16 kamm.

968 533 54 22 1338

969 890 51 21 1931

970 1189 53 21 1932

970 1385 54 22 1933

969 1827 53 22 1934

969 1941 53 21 1935

969 2024 53 21 1936

1048 535 25 20 12

1041 1190 36 20 191

1039 1828 40 20 217

1101 1190 40 20 357

1102 1386 41 21 292

1101 1826 40 20 246

1115 2025 24 20 31

1155 894 40 20 299

1154 1828 41 21 445

1154 1858 40 20 577

1154 1941 41 21 346

1216 1936 52 36 911
1330 1942 27 20 20

1407 536 36 19 111

1423 891 40 20 323

1424 1190 40 20 252

1424 1386 41 20 342

1424 1828 40 20 243

1511 536 33 20 20:
1556 537 24 18 76
1583 531 19 35 |
1608 535 34 21 20:
1654 536 38 19 108]

1498 892 34 20 44:
1543 894 25 18 54
1578 892 54 21 dl45:
1643 893 25 18 25
1679 891 13 21 d

1499 1191 34 20 39:
1544 1192 24 18 76
1579 1190 54 21 dj47:
1645 1192 10 18 7
1666 1190 14 21 d

1500 1387 33 20 45:
1541 1386 51 21 118
1600 1387 34 20 d/48:
1646 1388 37 18 155

1499 1827 33 20 31:
1544 1829 24 18 44
1579 1827 54 21 d/33:
1644 1829 24 18 46
1680 1827 13 21 d

1501 1941 31 20 14:
1543 1943 25 17 36
1595 1936 38 25 |17:
1644 1943 25 17 48

1499 2020 38 33 34:
1543 2026 25 19 37
1579 2024 54 21 dl34:
1644 2026 25 19 83
