1821 2358
162 152 38 24 138

855 153 224 18 SAKREGISTER

180 722 11 17 -

181 818 10 17 a

174 1318 28 6 Oo

171 1462 23 18 10

173 1820 21 17 11

179 444 167 26 Avskrivningar
360 444 36 20 och
411 444 115 26 eftergifter.

220 474 44 27 ling
278 476 103 18 ävensom
396 474 51 20 boet
461 474 55 20 efter
529 474 87 20 avlidne
630 474 168 21 stationskarlen
813 475 37 20 vid
864 477 83 18 statens
960 476 58 26 järn-

220 506 67 24 vägar
301 504 28 20 K.
345 504 25 20 E.
385 504 27 20 N.
427 504 117 27 Lundberg
557 505 35 19 må
607 504 79 21 befrias
699 505 48 20 från
762 505 49 20 dem
824 505 88 26 jämlikt
926 506 92 20 Sunner-

219 534 77 20 vikens
312 534 114 26 domsagas
441 534 137 20 häradsrätts
594 534 71 27 utslag
681 534 41 20 den
740 535 22 19 11
779 535 40 26 juli
836 535 51 20 1931
905 535 112 27 åliggande

220 564 124 26 skyldighet
359 566 34 18 att
408 564 76 26 utgiva
499 564 122 26 ersättning
635 564 34 20 till
683 566 84 19 statens
781 565 117 26 järnvägar
912 567 58 18 samt
984 567 34 18 att

220 596 83 18 statens
318 594 128 26 järnvägars
461 594 166 26 ifrågavarande
642 594 89 21 fordran
747 595 38 20 hos
801 595 76 20 Jervik
893 595 39 20 och
948 595 70 21 West-

220 624 43 26 ling
276 625 58 19 samt
347 624 51 20 boet
410 624 56 20 efter
478 624 116 26 Lundberg
607 625 35 19 må
655 630 26 14 ur
693 625 96 20 nämnda
801 625 128 26 järnvägars
942 626 76 20 räken-

220 654 78 26 skaper
312 654 120 20 avskrivas.

206 720 43 20 RD
265 720 83 20 bifaller
362 726 61 20 prop.
439 725 48 21 ang.
503 720 156 26 nedskrivning
672 726 28 14 av
715 722 33 18 ett
762 721 20 19 S.
799 721 124 26 Holmgren,
939 721 79 20 Vilhel-

220 750 66 23 mina,
301 749 92 26 beviljat
406 750 35 19 lån
454 749 34 21 för
501 750 140 20 anordnande
655 756 28 14 av
697 750 198 26 kalktillverkning.

206 816 42 19 RD
265 815 117 26 medgiver,
399 817 35 18 att
451 815 63 20 KM:t
529 816 42 23 må,
588 816 34 20 för
637 816 122 20 beredande
775 822 28 14 av
819 816 136 27 erforderligt
970 817 48 19 råd-

220 851 48 14 rum
286 846 23 19 åt
327 845 169 20 intressenterna
513 846 7 19 i
537 847 34 18 ett
588 846 6 19 i
611 846 109 26 trångmål
737 846 96 20 varande
850 846 168 27 torrläggnings-

219 875 92 26 företag,
323 875 56 20 efter
391 875 107 27 prövning
509 881 29 14 av
549 876 145 26 föreliggande
707 876 185 26 omständigheter
904 878 41 18 rör.
957 876 61 27 varje

220 905 88 20 särskilt
321 905 85 26 företag
421 905 69 20 under
503 905 60 20 tiden
578 907 17 19 t.
611 912 19 14 o.
645 912 29 14 m.
690 906 41 20 den
746 906 27 20 30
786 906 48 26 juni
851 906 52 20 1934
918 906 100 27 medgiva

220 935 95 20 anstånd
332 935 50 20 med
399 935 129 26 erläggande
544 941 28 14 av
588 936 125 20 annuiteter
729 936 12 20 å
758 936 35 20 lån
810 936 48 20 från
876 936 142 27 odlingslåne-

220 965 80 20 fonden
316 965 40 20 och
370 965 48 20 från
433 967 84 18 statens
531 966 240 26 avdikningslånefond.

208 1031 42 20 RD
269 1031 97 20 anhåller
384 1037 34 14 om
438 1031 116 26 utredning
572 1033 41 19 rör.
633 1032 154 26 nedskrivning
805 1032 7 20 i
829 1032 58 20 vissa
905 1032 37 20 fall
960 1033 11 19 å
990 1038 28 14 av

221 1062 72 18 staten
309 1060 127 20 utlämnade
452 1061 235 26 vattenavtappnings-
703 1061 40 20 och
758 1061 202 26 torrläggningslån.

206 1126 82 25 Avslag
298 1126 12 19 å
322 1126 83 19 motion
418 1132 34 13 om
463 1126 56 20 visst
530 1126 217 26 betalningsanstånd
759 1133 28 13 m.
797 1133 28 14 m.
838 1127 137 20 beträffande
986 1129 33 18 ett

220 1156 33 19 till
269 1156 132 26 Gullungens
416 1156 243 26 torrläggningsföretag
674 1156 110 20 utlämnat
797 1156 42 20 lån.

207 1221 81 26 Avslag
305 1221 12 20 å
334 1221 83 20 motion
435 1227 35 14 om
487 1221 98 20 befrielse
601 1222 34 20 för
652 1222 23 20 F.
693 1222 112 20 Grönlund
822 1222 6 20 i
847 1222 108 20 Norråker
971 1222 47 20 från

221 1251 44 20 viss
281 1251 253 26 betalningsskyldighet.

208 1310 42 20 RD
263 1310 117 26 medgiver,
393 1312 35 18 att
438 1311 34 20 för
483 1311 94 20 kronans
589 1311 34 20 del
635 1312 35 19 må
682 1312 105 25 godtagas
799 1311 27 20 20
838 1313 90 25 procent
939 1312 80 20 ackord

222 1340 33 20 för
269 1341 32 19 ett
315 1340 95 20 kronans
423 1340 186 27 fordringsbelopp
624 1341 12 20 å
650 1341 62 20 4030
725 1341 33 20 kr.
773 1341 38 20 hos
824 1341 26 20 A.
865 1341 28 20 K.
909 1341 110 24 Eriksson,

223 1370 131 20 innehavare
370 1376 29 14 av
415 1370 41 20 den
473 1370 48 21 från
538 1371 202 26 kronoegendomen
757 1371 77 26 Edeby
851 1377 25 14 nr
894 1371 8 19 1
921 1371 6 20 i
944 1371 75 26 Ludgo

222 1400 78 20 socken
316 1406 28 14 av
359 1400 182 21 Södermanlands
555 1401 35 20 län
605 1401 95 20 försålda
715 1401 127 26 lägenheten
857 1401 108 26 Mårsäng.

209 1460 42 19 RD
266 1460 117 26 medgiver,
397 1462 35 18 att
446 1460 144 20 Norrbottens
604 1461 46 19 läns
664 1461 110 26 landsting
787 1462 58 19 samt
859 1460 107 21 Gällivare
980 1461 39 20 och

223 1489 142 26 Jukkasjärvi
381 1490 129 20 kommuner
525 1492 104 18 ävensom
645 1490 85 21 Kiruna
746 1490 222 27 municipalsamhälle
984 1491 36 20 be-

223 1519 64 26 viljas
302 1520 94 19 anstånd
411 1519 49 21 med
475 1520 125 20 restitution
615 1526 29 14 av
658 1521 68 23 skatt,
742 1526 46 14 som
803 1522 72 18 staten
890 1520 58 20 visas
963 1520 56 21 hava

223 1549 33 20 för
266 1550 89 25 mycket
365 1549 69 27 erlagt
444 1550 28 26 på
482 1550 70 26 grund
563 1556 28 14 av
604 1550 52 20 1930
667 1550 40 20 och
720 1550 50 20 1931
782 1551 35 19 års
827 1550 124 26 taxeringar
961 1550 58 22 inom

224 1579 94 20 nämnda
334 1579 135 23 kommuner,
484 1579 34 21 till
532 1580 48 20 dess
594 1580 76 26 frågan
686 1586 36 14 om
736 1581 83 19 statens
834 1580 186 26 skattskyldighet

223 1609 59 20 inom
295 1609 157 20 kommunerna
466 1609 39 20 och
518 1609 33 20 till
564 1609 134 27 landstinget
709 1610 35 20 för
756 1616 28 14 av
796 1610 224 26 Trafikaktiebolaget

224 1639 302 26 Grängesberg—Oxelösund
536 1639 68 20 under
613 1639 51 20 åren
675 1639 52 21 1939
738 1639 39 21 och
788 1639 53 21 1940
850 1639 73 27 erlagd
932 1640 86 25 royalty

224 1668 65 20 blivit
303 1668 98 27 avgjord,
417 1670 48 19 mot
479 1668 37 21 det
531 1670 34 19 att
579 1669 157 20 kommunerna
752 1669 40 20 och
807 1669 133 27 landstinget
954 1669 64 27 åtaga

224 1698 31 26 sig
266 1700 35 18 att
314 1698 33 20 till
360 1700 72 19 staten
443 1698 63 27 gälda
518 1700 63 19 ränta
594 1699 55 20 efter
659 1699 43 20 fem
714 1701 90 24 procent
816 1705 36 14 om
860 1699 47 20 året
920 1699 12 20 å
941 1699 41 20 den
991 1705 28 14 av

224 1729 72 19 staten
311 1728 33 20 för
359 1729 89 25 mycket
462 1728 86 27 erlagda
563 1729 88 20 skatten
666 1729 48 20 från
730 1729 41 20 den
786 1729 48 26 dag,
850 1729 126 20 densamma
991 1735 28 14 av

224 1759 72 19 staten
311 1758 92 26 gäldats,
419 1758 32 20 till
467 1758 41 20 den
524 1758 42 27 dag
580 1759 125 20 restitution
720 1760 50 25 äger
784 1764 55 15 rum.

211 1818 41 19 RD
269 1818 117 26 medgiver,
402 1820 35 18 att
452 1818 97 20 Svenska
564 1818 131 21 Tändsticks
710 1818 152 27 Aktiebolaget
877 1818 79 21 befrias
971 1819 48 20 från

225 1848 124 26 skyldighet
360 1849 35 19 att
406 1848 64 26 gälda
482 1848 170 27 stämpelavgift,
665 1854 47 15 som
724 1849 50 20 bort
785 1848 96 27 erläggas
893 1848 7 20 i
911 1854 108 15 samman-

226 1877 56 26 hang
302 1878 49 19 med
371 1878 96 23 förvärv,
488 1878 126 20 överlåtelse
633 1878 51 21 eller
702 1878 101 26 belåning
822 1884 29 14 av
870 1878 150 26 värdepapper

226 1907 68 20 under
306 1907 60 20 tiden
380 1908 46 20 före
440 1908 40 20 den
496 1908 9 19 1
520 1908 48 26 juni
582 1908 60 24 1932,
656 1914 49 14 men
719 1908 47 20 icke
779 1908 65 21 blivit
856 1908 81 24 betald,
952 1908 68 20 under

226 1937 77 20 villkor
317 1939 35 18 att
365 1937 87 26 bolaget
466 1937 46 21 före
527 1938 40 20 den
584 1938 8 20 1
609 1938 47 26 juni
672 1938 52 20 1933
739 1938 33 20 till
786 1938 159 20 statskontoret
959 1940 61 18 över-

226 1967 84 20 lämnar
325 1973 26 14 en
368 1973 28 14 av
412 1968 162 20 ämbetsverket
590 1968 102 26 godkänd
708 1968 201 23 skuldförbindelse,
926 1968 93 26 lydande

226 1997 12 19 å
254 1996 40 21 560
303 1996 41 21 000
358 1997 33 20 kr.
407 1999 35 18 att
457 1997 106 21 inbetalas
578 1998 50 19 med
643 1997 25 21 80
669 1992 53 36 000
734 1998 33 20 kr.
784 1998 68 20 under
866 1999 51 19 vart
932 1998 39 20 och
987 1999 33 19 ett

226 2032 29 14 av
271 2026 26 20 de
313 2028 97 19 närmast
425 2027 96 26 följande
537 2027 34 26 sju
587 2027 58 24 åren,
661 2028 80 20 räknat
755 2028 48 20 från
819 2027 135 21 sistnämnda
971 2028 48 26 dag,

227 2056 39 20 och
282 2056 93 27 löpande
390 2057 49 20 med
455 2057 43 20 fem
513 2058 91 25 procent
618 2057 53 27 årlig
686 2059 70 19 ränta.

1303 228 107 30 Utskotts-
1482 232 54 16 Riks-

1099 257 56 18 Kungl
1208 280 3 3 oc
1302 254 117 35 utlåtanden,
1474 254 69 35 dagens
1603 250 95 34 SANS

1102 287 53 18 Maj:ts]
1167 279 91 16 Motioner]
1285 291 96 17 memorial
1393 292 44 16 eller
1441 275 23 44 |
1485 292 46 16 skri-
1593 281 41 16 PER
1646 280 72 21 ndra

1046 311 26 20 År
1077 307 22 41 I
1102 320 50 15 propir
1295 321 132 17 betänkanden
1469 317 68 31 velser
1618 310 88 21 (protar)

1109 347 36 14 eller
1288 368 4 4 -

1100 377 55 14 SENT
1168 387 87 16 PRATAR
1276 375 16 38 g
1319 378 10 50 Zz
1358 388 90 16 Nummer|
1464 388 90 16 Nummer
1587 372 54 48 pesten
1700 377 45 39 nn

1276 414 16 12 3
1635 391 12 35 zz
1744 412 4 4 ;

1032 476 57 20 1933

1036 721 53 21 1933]
1114 721 26 20 86
1150 717 27 35 |
1175 734 28 2 —!|
1229 722 115 20 —H0OI1—
1398 722 26 21 28
1493 722 38 20 102
1540 717 33 36 |
1583 723 67 20 18:43
1670 723 31 20 119:
1712 724 24 18 48

1348 792 2 23 I

1037 817 52 21 1933]
1108 818 38 19 113
1148 812 19 35 |
1181 818 27 20 48)
1236 818 60 20 89110
1295 812 23 35 |
1319 816 31 16 —I
1401 818 23 20 38
1493 819 39 19 122
1581 819 33 20 23:
1626 821 24 17 44
1668 818 33 21 125:
1713 820 24 18 92

1222 848 40 20 263

1037 1032 53 20 1933]
1114 1045 27 2 —
1147 1027 24 36 |
1176 1045 27 2 —|
1236 1033 60 20 37110
1305 1027 14 36 |
1319 1046 23 2 —
1399 1033 23 20 öl
1494 1034 38 20 155.
1546 1028 28 36 |
1581 1034 69 20 28:35
1669 1033 33 21 (30:
1713 1035 24 17 79

1037 1127 53 20 1933]
1113 1139 28 2 —
1145 1122 28 36 |
1176 1128 171 20 —|269101—
1399 1128 26 20 55
1502 1140 28 2 —
1548 1123 23 35 |
1581 1128 70 20 28:38
1669 1128 33 20 130:
1714 1130 24 17 88

1038 1223 52 20 1933]
1114 1235 28 2 —
1171 1223 38 20 1192
1229 1224 118 20 —H0O|—
1399 1224 26 20 58
1503 1235 27 3 —
1582 1224 33 20 28:
1626 1225 25 18 38
1669 1223 33 20 130:
1713 1225 25 18 88

1038 1313 53 20 19331
1109 1312 39 21 178]
1176 1325 28 2 —
1204 1308 19 35 |
1230 1313 117 20 —N0|—|
1399 1313 27 20 64
1494 1313 39 20 163
1539 1308 32 36 |
1582 1313 69 21 28:38
1669 1313 33 20 130:
1714 1315 24 17 89

1038 1462 53 20 19331
1108 1461 41 21 220
1154 1457 18 35 |
1177 1474 28 3 —
1206 1457 14 35 I
1230 1475 29 2 —1I
1285 1463 12 19 61
1328 1462 9 20 1
1400 1462 26 20 53
1495 1462 38 20 169
1547 1456 28 36 1
1583 1462 69 20 30:15
1670 1462 33 20 |33:
1716 1464 23 17 10
1750 1462 14 20 dj

1308 1633 2 30 |

1308 1667 2 23 I

1037 1819 53 20 1933]
1107 1819 41 20 229
1153 1814 23 35 |
1176 1831 29 3 —
1212 1814 7 35 I!
1230 1832 28 2 —I
1285 1819 12 20 61
1329 1820 7 19 1
1400 1820 26 20 58
1494 1820 39 20 184
1542 1814 32 35 |
1583 1819 69 20 32:23
1670 1818 34 21 135:
1715 1821 10 17 7
