1857 2358
780 158 222 17 SAKREGISTER
1652 160 40 20 323

1230 233 105 30 Utskotts-
1395 233 68 30 Riks-
1532 256 7 15 $

1025 258 55 34 Kungl.
1134 285 3 3 5
1228 267 117 19 utlåtanden,
1401 263 69 29 dagens
1529 256 118 33 SARA

1028 292 52 18 Maj:ts]
1093 285 92 16 Motioner
1210 297 153 16 menivsalseller
1411 297 46 16 skr.
1520 286 140 19 förhandlingar

974 320 25 15 Är
1027 325 50 14 Iprop:r
1222 327 132 16 betänkanden
1405 327 59 16 velser
1545 316 87 20 (öroknn)

1025 347 46 27 eller
1141 362 45 2 sar

1019 376 62 28 skriver]
1202 373 16 32 é
1244 380 16 18 =
1296 392 5 9 lar
1504 382 65 15 Första
1579 378 19 29 |
1607 382 64 16 Andra

1095 392 33 16 FK
1146 392 35 16 JAK
1202 407 16 23 3
1244 399 16 30 Z
1284 393 90 16 Nummer|
1392 393 90 16 Nummer
1504 405 68 16 färd.
1605 406 68 15 Skarin.

98 441 173 38 Dyrtidstillägg.
1231 445 2 15 |
1588 447 1 7 |

147 480 58 18 samt
217 479 24 19 åt
254 479 80 19 sådana
350 478 36 20 vid
401 479 138 25 bergsskolan
553 479 6 19 i
573 479 68 19 Falun
656 479 59 19 förut
728 479 106 19 anställda
849 478 44 20 ord.
909 478 101 22 be-1931
1231 466 3 63 |
1588 456 1 51 |

147 508 195 26 fattningshavare,
354 514 46 14 som
412 508 5 20 i
429 508 43 20 anl.
484 515 28 13 av
523 508 86 20 skolans
621 508 147 27 nedläggande
779 508 122 20 tillerkänts
912 514 32 14 er-
1588 509 1 25 |

147 538 104 26 sättning,
275 538 72 20 vartill
371 538 76 26 bidrag
468 544 28 14 av
518 538 126 20 statsmedel
667 539 70 25 utgår,
760 538 33 20 för
815 538 128 26 budgetåret
1274 531 1 27 |
1588 536 1 29 I

150 567 116 26 1931/1932
278 569 33 18 ett
322 569 61 18 extra
396 568 165 25 förslagsanslag
572 574 28 13 av
612 568 26 19 32
647 568 41 19 000
699 569 40 22 kr.,
752 568 44 19 dels
807 568 135 23 föreskriver,
1588 571 1 40 |

147 598 34 18 att
195 597 94 20 nämnda
304 597 161 26 dyrtidstillägg
477 597 54 20 skall
545 598 51 25 utgå
610 597 55 20 efter
677 598 26 19 de
716 597 99 26 grunder,
829 603 45 14 som
888 597 55 26 gälla
1588 614 1 7 I

148 627 32 19 för
201 627 161 26 dyrtidstillägg
383 627 68 20 under
470 627 130 26 budgetåret
622 627 116 26 1931/1932
758 627 23 20 åt
801 627 143 26 befattnings-
1138 639 2 11 I
1588 624 1 6 |

149 656 79 20 havare
240 656 5 20 i
257 658 83 18 statens
352 657 45 19 icke
410 656 138 26 nyreglerade
559 657 60 23 verk;
631 657 55 20 dock
698 657 48 19 med
758 657 140 26 iakttagande
910 658 34 19 att

148 686 161 26 dyrtidstillägg
324 686 55 20 skall
395 686 113 24 beräknas,
525 686 136 20 beträffande
677 686 214 26 befattningshavare
907 686 37 20 vid
1139 694 1 9 |

149 716 99 19 tekniska
260 716 75 20 skolan
348 716 6 19 i
367 716 125 20 Stockholm
505 716 39 20 och
556 716 120 20 vävskolan
688 716 6 20 i
706 716 75 23 Borås,
793 716 19 26 ej
826 716 56 20 blott
894 716 11 20 å
919 716 25 20 de
1139 706 1 34 |
1233 720 43 22 Ed

148 745 230 26 avlöningsförmåner,
393 751 46 14 som
454 747 37 18 äro
506 746 33 19 för
553 746 162 20 vederbörande
729 746 215 26 befattningshavare
1234 738 1 45 |
1275 757 1 8 |

148 776 12 18 å
173 776 45 19 stat
232 775 114 26 uppförda,
360 777 52 18 utan
426 777 54 18 även
494 776 11 19 å
519 775 40 20 den
573 775 124 26 förhöjning
709 781 28 14 av
749 775 136 26 avlöningen,
898 781 47 14 som
1234 784 1 25 |

150 804 3 19 i
169 805 55 19 form
239 811 27 13 av
281 805 132 26 provisorisk
428 805 153 26 lönereglering
595 805 50 20 eller
659 805 92 26 tillfällig
765 805 180 26 löneförbättring
1234 816 1 24 |

150 834 33 20 må
200 834 122 20 tillkomma
340 834 49 20 dem
406 840 77 20 genom
501 834 75 26 bidrag
593 841 28 13 av
638 837 51 21 stat,
707 835 116 26 landsting,
840 835 104 20 kommun

148 864 50 19 eller
213 864 47 20 från
277 864 83 20 enskild
377 864 111 24 donation,
505 866 57 18 samt
574 864 136 20 beträffande
723 865 221 26 befattningshavare,

148 899 46 14 som
211 894 58 19 varit
285 894 107 20 anställda
409 893 37 21 vid
463 894 138 26 bergsskolan
618 894 5 20 i
641 894 75 23 Falun,
733 895 11 19 å
762 894 25 20 de
803 900 28 14 av
847 895 99 26 departe-

149 924 147 19 mentschefen
313 924 68 19 under
396 924 72 26 punkt
481 924 40 19 243
537 924 5 19 i
558 924 239 26 statsrådsprotokollet
812 926 51 18 över
878 924 68 20 eckle-
1234 934 2 10 I

148 953 172 20 siastikärenden
335 954 40 19 den
390 953 12 20 3
415 953 44 26 jan.
476 953 52 20 1930
541 953 94 27 angivna
649 954 218 26 ersättningsbelopp;
881 956 65 18 även-
1235 954 1 17 |

148 989 46 13 som
215 983 68 20 under
302 983 84 23 villkor,
406 983 42 20 vad
468 984 68 25 angår
554 984 216 25 befattningshavare
789 984 37 20 vid
845 984 100 20 tekniska
1235 984 1 23 |

148 1013 76 19 skolan
239 1013 6 19 i
260 1013 125 20 Stockholm
400 1013 39 20 och
454 1013 120 20 vävskolan
588 1013 6 20 i
609 1013 74 24 Borås,
698 1015 35 18 att
746 1014 64 20 halva
824 1014 121 20 kostnaden
1235 1021 1 16 I

149 1043 33 19 för
194 1043 161 26 dyrtidstillägg
368 1043 104 19 bestrides
484 1049 28 14 av
524 1043 162 20 vederbörande
698 1044 103 19 kommun
814 1044 50 19 eller
875 1044 71 20 lands-
1235 1040 1 34 |

151 1072 51 25 ting,
215 1074 64 22 samt,
293 1073 42 19 vad
348 1073 67 25 angår
427 1072 222 26 befattningshavare,
662 1079 46 14 som
720 1073 58 20 varit
789 1074 107 19 anställda
909 1074 36 19 vid
1140 1073 1 7 |
1235 1078 43 18 Hog

1140 1106 1 3 I
1235 1102 1 18 I

1235 1202 1 10 I

150 1101 137 26 bergsskolan
304 1102 5 20 i
326 1102 75 23 Falun,
417 1104 34 18 att
467 1103 27 26 ?/;
509 1108 28 14 av
552 1103 120 19 kostnaden
688 1103 34 20 för
737 1103 159 26 dyrtidstillägg
912 1104 35 19 be-

149 1132 79 19 stridas
242 1138 28 13 av
283 1132 159 25 järnkontoret,
457 1132 44 19 dels
515 1132 39 20 ock
569 1132 142 26 bemyndigar
725 1133 63 19 KM:t
800 1134 34 19 att
848 1133 97 20 meddela

149 1161 26 20 de
193 1163 98 18 närmare
309 1161 140 23 föreskrifter,
468 1168 45 13 som
532 1162 34 20 må
584 1162 99 20 befinnas
700 1162 137 26 erforderliga
855 1163 33 19 för
906 1163 41 19 till-

150 1191 111 26 lämpning
277 1197 27 14 av
321 1191 25 20 de
363 1193 53 18 utav
434 1191 42 20 RD
493 1192 122 19 fastställda
632 1192 120 25 grunderna
770 1193 33 19 för
819 1193 128 25 dyrtidstill-

149 1221 86 25 läggens
250 1221 115 25 utgående.

1590 1123 1 55 |

1590 1221 1 50 |

1590 1273 2 23 I

98 1283 21 17 13
135 1280 42 19 RD
199 1280 44 19 dels
264 1275 101 28 besluter,
386 1282 34 18 att
441 1280 136 20 beträffande
598 1280 161 27 dyrtidstillägg
779 1283 23 18 åt
822 1281 67 20 lärare
910 1282 165 20 vid]1931]1:8
1128 1295 57 3 -1—1
1212 1284 12 19 6

149 1310 180 25 privatläroverk,
344 1310 35 19 vid
393 1310 140 20 kommunala
546 1310 125 20 flickskolor
684 1311 38 19 och
736 1311 36 19 vid
786 1311 161 26 folkhögskolor
1026 1313 56 19 pt319

1235 1306 1 25 |
1256 1285 6 18 1
1315 1285 34 19 161
1419 1284 39 19 326
1508 1287 33 19 44:
1553 1289 23 16 53

148 1341 103 18 ävensom
263 1340 24 19 åt
298 1339 67 20 lärare
377 1339 36 20 vid
426 1339 55 20 folk-
492 1340 38 19 och
543 1340 120 20 småskolor
673 1342 58 18 samt
742 1341 203 20 statsunderstödda
1235 1333 1 53 |

1235 1388 1 10 I

1235 1408 1 23 I

1235 1433 1 20 I

1605 1286 33 19 44:
1652 1288 36 16 106

148 1369 224 25 sjukvårdsanstalter
392 1369 38 20 och
451 1370 56 19 vissa
528 1369 111 24 barnhem,
659 1370 64 26 högre
743 1370 124 24 folkskolor,
887 1371 60 20 kom-

149 1399 86 20 munala
254 1399 153 20 mellanskolor
424 1399 39 20 och
481 1399 56 20 vissa
556 1400 233 20 småskoleseminarier
805 1401 59 19 skola
882 1401 64 20 lända

150 1428 30 20 till
195 1429 144 19 efterrättelse
354 1429 26 19 de
395 1429 109 20 allmänna
519 1429 100 26 grunder,
635 1436 45 13 som
695 1430 6 19 i
716 1430 164 26 ifrågavarande
895 1431 52 19 hän-

148 1458 77 20 seende
237 1458 56 26 gälla
305 1458 34 20 för
351 1459 130 25 budgetåret
494 1459 124 25 1930/1931,
631 1460 48 19 med
692 1460 142 26 iakttagande
846 1460 55 20 dock
913 1462 34 18 att
1591 1472 1 5 |

149 1494 34 13 om
208 1488 99 25 gällande
332 1488 264 20 levnadskostnadsindex
619 1489 33 19 för
676 1489 127 26 budgetåret
830 1490 117 26 1931/1932
1235 1498 2 4 I
1591 1487 1 12 |

150 1518 80 25 nedgår
248 1518 68 20 under
333 1518 75 19 siffran
429 1518 37 19 160
484 1518 184 27 dyrtidstillägget
686 1519 66 20 likväl
769 1520 55 19 skall
842 1520 105 20 beräknas
1235 1521 2 15 (Er
1591 1501 1 53 |

149 1548 55 19 efter
216 1548 39 19 sist
268 1548 94 19 nämnda
375 1548 67 23 siffra,
456 1548 44 19 dels
513 1548 142 26 bemyndigar
667 1549 62 20 KM:t
741 1549 60 20 såväl
813 1551 35 18 att
860 1550 86 20 utfärda
1141 1554 1 4 I

150 1577 25 19 de
193 1579 98 18 närmare
309 1577 134 20 föreskrifter
459 1584 45 13 som
522 1578 33 19 för
571 1578 138 26 tillämpning
725 1585 27 13 av
769 1579 124 20 förberörda
911 1580 37 19 all-
1236 1600 1 5 |

150 1609 79 18 männa
243 1607 94 26 grunder
350 1608 34 19 må
398 1608 98 19 befinnas
510 1608 145 26 erforderliga,
669 1614 46 14 som
729 1610 54 18 även
797 1610 34 19 att
844 1609 5 20 i
864 1609 84 20 huvud-
1591 1605 1 17 |

149 1637 69 24 saklig
229 1636 95 26 enlighet
336 1637 48 19 med
397 1637 26 19 de
436 1637 5 19 i
453 1637 79 19 sådant
544 1638 106 19 avseende
663 1644 28 13 nu
703 1638 99 26 gällande
814 1639 134 20 föreskrifter
1278 1651 1 13 |
1591 1623 1 33 |

150 1666 97 20 meddela
260 1668 99 18 närmare
372 1666 162 20 bestämmelser
545 1667 6 19 i
563 1667 60 26 fråga
636 1673 34 14 om
683 1667 161 27 dyrtidstillägg
855 1669 23 19 åt
890 1669 56 19 vissa
1141 1673 1 7 I
1278 1672 1 22 I

150 1696 119 19 lärarinnor
282 1696 35 19 vid
332 1696 125 19 fackskolan
471 1696 33 19 för
517 1696 69 26 huslig
598 1697 101 20 ekonomi
712 1698 5 19 i
732 1698 95 26 Uppsala
841 1700 56 18 samt
911 1699 36 19 vid
1278 1704 1 24 ed

150 1725 24 19 de
197 1726 68 19 under
287 1726 71 25 punkt
379 1725 40 20 319
442 1726 4 19 i
468 1726 240 26 statsrådsprotokollet
730 1729 51 18 över
802 1728 146 20 ecklesiastik-
1236 1738 1 6 I
1591 1727 1 27 |

149 1755 93 19 ärenden
257 1755 40 19 den
311 1755 12 19 3
336 1755 44 25 jan.
397 1755 48 19 1931
461 1756 93 25 angivna
568 1756 152 20 läroanstalter
733 1757 33 19 för
779 1757 127 20 utbildande
919 1764 28 13 av
1278 1755 1 3 |

150 1785 119 19 lärarinnor
280 1785 5 19 i
297 1785 141 23 handarbete,
451 1785 44 20 dels
507 1786 39 19 ock
557 1786 88 20 anvisar
657 1786 31 20 till
700 1787 138 20 bestridande
850 1793 28 14 av
889 1788 59 19 kost-

149 1814 95 20 naderna
256 1815 33 19 för
300 1814 161 26 dyrtidstillägg
472 1815 23 19 åt
507 1815 94 20 nämnda
613 1816 151 26 lärargrupper
775 1817 32 19 för
818 1817 127 25 budgetåret
1141 1812 2 59 |

152 1844 115 19 1931/1932
279 1846 32 17 ett
324 1846 60 18 extra
398 1844 165 27 förslagsanslag
575 1851 28 13 av
616 1845 24 19 19
650 1845 40 20 500
699 1845 40 20 000
751 1847 31 19 kr.

1607 1912 33 19 44:
1655 1915 35 16 106

149 1933 32 19 9:e
197 1933 46 23 HT,
259 1935 34 18 att
307 1933 99 26 gällande
421 1934 109 20 allmänna
544 1935 95 25 grunder
653 1935 33 19 för
700 1935 161 27 dyrtidstillägg
874 1937 23 19 åt
913 1937 35 19 be-
1040 1935 33 14 KÖP
1141 1945 2 11 |
1152 1939 40 19 252]

151 1963 186 25 fattningshavare
356 1963 4 19 i
379 1965 83 18 statens
479 1963 71 26 tjänst
566 1964 60 20 skola
644 1965 134 20 fortfarande
796 1967 39 24 äga
853 1966 94 26 tillämp-
1040 1971 31 14 HT
1141 1968 44 46 280

151 1992 57 26 ning,
225 1993 55 19 dock
296 1993 48 19 med
362 1993 141 25 iakttagande
519 1995 41 21 att,
577 2000 35 13 om
628 1994 98 26 gällande
743 1995 205 21 levnadskostnads-
1044 1992 39 29 RK!

151 2022 63 19 index
226 2022 32 20 för
269 2022 130 26 budgetåret
411 2023 117 25 1931/1932
539 2024 80 25 nedgår
630 2024 68 20 under
708 2024 75 20 siffran
796 2025 45 23 160,
853 2025 95 26 dyrtids-
1038 2024 36 27 frå

151 2052 97 25 tillägget
264 2052 66 20 likväl
347 2052 54 19 skall
420 2053 105 19 beräknas
542 2053 55 20 efter
613 2054 135 20 sistnämnda
766 2055 67 23 siffra,
851 2055 44 20 dels
913 2056 35 19 be-
1033 2064 18 19 pt
1068 2054 8 25 7

1237 1868 1 10 I

99 1906 21 16 14
137 1904 41 19 RD
197 1903 44 20 dels
259 1903 95 20 besluter
372 1904 136 20 beträffande
527 1904 222 26 befattningshavare,
767 1906 95 20 hörande
880 1907 68 19 under]
968 1906 47 21 1931]
1052 1907 8 19 1
1102 1907 90 21 1156|156
1210 1883 28 63 10)
1249 1911 31 11 —
1328 1910 26 18 93
1420 1910 40 19 322
1477 1906 22 33 |
1510 1912 33 19 44:
1554 1913 24 17 54

1237 1947 1 30 |

1237 1979 1 21 |

1237 2001 1 10 I
