1853 2367
172 150 42 34 190
907 164 136 16 SAKREGISTER

1044 218 21 1 |

1068 218 33 2 |

1335 253 95 18 Utskotts-

1164 278 108 31 Motioner
1323 283 112 18 utlåtanden

1299 313 46 17 eller
1358 314 98 17 memorial

1493 262 72 30 dagens
1622 267 118 17 Kamrarnas

1496 293 57 30 skri-
1607 297 146 22 förhandlingar

1595 381 68 17 Första
1677 372 2 23 |
1696 381 66 17 Andra

1591 401 71 31 kamm.
1677 415 1 24 |
1694 405 70 17 kamm.

1060 256 22 145 1883epsxIA

1118 304 17 105 J9S[9AIIYS
1119 245 17 46 199

1137 374 16 55 "doad
1138 302 21 65 sy:fen
1138 248 21 49 Tun

1179 390 87 17 FKIAK

1291 372 18 58 Tueg

1333 378 17 43 PAV

1387 400 17 18 TN

1447 381 17 46 BpIs

1501 392 16 16 N

1548 382 17 45 BvpIS

189 438 168 29 Avsöndringar
372 447 26 14 m.
415 447 26 14 m.

235 470 78 20 Gamla
335 471 66 26 Espet
424 478 25 13 nr
466 471 11 20 1
494 472 7 19 i
524 466 61 26 Åhus
604 472 78 20 socken
701 472 40 20 och
757 472 50 21 med
822 472 149 21 tillträdesrätt
986 473 41 20 den
1043 474 54 20 1927

236 500 27 20 14
284 507 57 14 mars
366 500 56 21 1928
446 501 98 27 försäljas
568 501 34 21 till
625 502 145 26 kronofogden
789 503 25 19 A.
832 502 105 27 Sjöström
953 503 33 20 för
1002 510 25 13 en

234 530 144 27 köpeskilling
393 537 26 14 av
436 531 12 20 3
458 531 42 20 000
516 531 31 20 kr.
565 534 31 18 att
611 532 81 20 betalas
708 532 92 21 kontant
814 532 37 21 vid
868 532 104 21 tillträdet
988 533 38 20 och

233 560 69 21 under
317 561 56 20 vissa
389 561 91 26 angivna
495 561 83 21 villkor.

175 638 25 15 30
217 633 38 20 RD
271 633 115 25 medgiver,
403 635 32 19 att
450 633 37 21 det
502 633 87 21 område
605 640 34 14 om
657 634 63 20 0.556
738 634 76 20 hektar
829 641 26 14 av
871 635 57 20 förra
938 636 89 19 överste-
1031 629 17 33 |
1066 644 7 10 »
1115 636 41 21 1166
1281 637 26 20 10
1386 638 26 20 281!
1460 639 68 20 5143)
1553 644 9 16 slå
1595 639 68 21 19:46]
1696 640 55 20 20:3

232 663 204 27 löjtnantsbostället
453 662 42 29 7!/,
511 664 82 20 mantal
608 664 212 20 Herrevadsklosters
836 664 121 27 kungsgård
973 672 25 13 nr
1015 665 8 20 1
1112 672 46 22 p.10

232 693 8 20 i
255 693 113 26 Riseberga
383 694 85 24 socken,
485 700 46 14 som
547 694 86 26 angives
644 695 13 19 å
667 701 27 13 en
709 701 27 13 av
751 694 241 21 distriktslantmätaren
1007 695 19 20 J.

233 722 117 21 Grenholm
374 724 24 19 år
421 723 57 21 1926
497 724 116 26 upprättad
632 724 66 24 karta,
718 725 36 19 må
769 724 34 20 till
820 724 21 20 C.
858 724 114 27 Dahlqvist
987 725 39 20 för-

232 752 65 28 säljas
320 754 46 19 mot
384 760 26 13 en
426 753 144 27 köpeskilling
585 761 27 13 av
628 754 42 20 550
682 754 31 20 kr.
730 755 32 19 att
777 754 91 20 kontant
883 754 94 26 erläggas
993 755 33 20 till

232 782 152 27 länsstyrelsen
399 784 8 19 i
422 783 156 21 Kristianstads
602 784 36 20 län
656 784 37 20 vid
712 784 104 20 tillträdet
832 784 39 20 och
887 784 68 21 under
970 785 57 20 vissa

233 813 91 26 angivna
339 813 84 20 villkor.

175 889 23 16 31
217 885 38 20 RD
271 885 108 26 medgiver
394 885 127 28 försäljning
537 892 37 14 var
589 886 33 20 för
638 886 31 26 sig
685 892 26 14 av
727 888 31 18 tre
773 886 8 20 i
797 886 231 26 statsrådsprotokollet
1030 881 10 36 |
1065 896 8 10 »
1114 888 42 20 1166
1281 888 26 21 10
1385 889 28 20 281
1460 890 67 20 6143]
1553 896 9 15 så
1594 890 68 21 19:461
1695 891 54 21 20:3

232 915 149 25 omförmälda,
405 915 51 21 med
479 916 39 20 litt.
542 916 24 25 F,
590 916 18 20 G
634 916 38 20 och
692 916 22 20 H
729 916 132 20 betecknade
876 916 63 20 lotter
954 911 50 34 med
1020 916 7 20 i
1112 924 45 22 p.11

232 952 84 14 samma
326 945 106 27 protokoll
443 946 85 26 angivet
539 946 86 20 område
636 946 48 20 från
695 946 199 26 kronoegendomen
906 945 25 28 ?/;
945 946 81 20 mantal

232 975 88 21 Fröslöv
336 982 25 14 nr
379 975 26 20 10
421 976 41 20 litt.
480 976 19 20 A
514 976 8 20 i
536 976 125 26 Valleberga
677 976 85 20 socken.

202 1047 63 20 Inom
281 1046 126 22 Malmöhus
422 1048 45 19 län:

175 1081 25 16 32
217 1076 38 21 RD
271 1077 115 25 medgiver,
404 1080 32 17 att
451 1079 30 18 ett
496 1078 7 19 i
515 1077 232 27 statsrådsprotokollet
757 1077 130 25 omförmält,
900 1078 12 19 å
923 1077 103 21 distrikts-
1030 1072 14 36 |
1066 1088 8 10 »
1115 1080 41 20 1166
1281 1080 27 20 10
1386 1081 27 20 281
1461 1081 67 20 6143)
1554 1087 9 16 81
1595 1081 68 21 19:46]
1696 1082 54 20 20:38

233 1106 144 21 lantmätaren
393 1107 24 20 E.
435 1107 121 26 Sundbergs
572 1108 7 19 i
595 1107 88 20 ärendet
698 1107 110 20 företedda
823 1107 61 21 karta
895 1107 49 20 med
955 1107 40 20 litt.
1008 1108 19 19 A
1112 1115 46 22 p.12

233 1136 114 20 betecknat
370 1137 86 20 område
480 1144 35 13 om
540 1137 63 21 0.373
623 1137 76 20 hektar
714 1138 36 19 må
765 1137 48 20 från
829 1137 198 26 kronoegendomen

233 1166 109 26 Araskoga
365 1173 26 13 nr
406 1166 12 20 3
434 1167 8 19 i
458 1166 130 21 Brandstads
607 1167 77 20 socken
704 1167 98 27 försäljas
818 1167 33 20 till
868 1167 24 20 O.
910 1167 118 20 Oskarsson

233 1198 47 18 mot
299 1203 25 13 en
341 1196 144 26 köpeskilling
500 1203 26 14 av
544 1197 64 20 1000
624 1197 31 20 kr.
672 1198 32 19 att
719 1197 93 26 erläggas
829 1197 90 20 kontant
934 1197 36 20 vid
986 1196 41 21 till-

233 1226 71 20 trädet
319 1228 56 18 samt
391 1226 7 20 i
414 1227 67 25 övrigt
497 1226 67 20 under
580 1226 56 21 vissa
652 1227 91 25 angivna
754 1226 83 21 villkor.

177 1302 24 16 33
218 1297 38 20 RD
272 1297 115 26 medgiver,
404 1299 31 19 att
451 1297 36 21 det
502 1304 16 14 s.
536 1298 19 20 k.
573 1299 57 19 östra
644 1298 138 26 ljungskiftet
792 1305 26 13 av
829 1298 199 26 kronoegendomen|
1067 1307 8 11 »
1115 1300 42 20 1215
1282 1300 26 21 10
1386 1301 28 20 46
1417 1296 14 35 |
1460 1300 68 22 8327)
1554 1308 9 15 s|
1595 1302 68 20 27:13
1666 1296 18 35 |
1697 1303 68 20 28:16

235 1327 27 27 1/,
279 1327 82 21 mantal
377 1327 62 21 Stora
454 1328 105 20 Hammar
574 1334 26 14 nr
617 1327 27 20 14
659 1328 8 20 i
683 1328 61 20 Stora
759 1328 116 20 Hammars
891 1328 78 20 socken
985 1329 43 23 må,
1113 1335 46 22 p.15

233 1357 92 21 fördelat
341 1358 27 26 på
385 1359 42 18 sätt
442 1358 7 19 i
465 1357 232 27 statsrådsprotokollet
712 1359 97 19 närmare
820 1358 85 26 angives
917 1358 6 19 i
935 1358 13 20 8
958 1358 69 25 lotter,

234 1387 104 27 försäljas,
355 1387 69 21 under
438 1387 137 26 iakttagande
591 1394 25 14 av
632 1388 57 20 vissa
704 1388 92 26 angivna
811 1388 84 20 villkor.

177 1457 24 16 34
218 1453 39 20 RD
273 1453 115 26 medgiver,
412 1455 31 18 att
458 1453 7 20 i
482 1453 231 30 statsrådsprotokollet
736 1453 143 21 omförmälda
902 1456 78 27 tomter
1003 1461 26 13 av|
1067 1463 8 11 »
1115 1455 42 21 [215
1282 1455 26 21 10
1386 1456 27 20 461
1460 1457 67 20 91327)
1554 1464 9 15 el
1594 1457 69 20 27:13
1666 1452 19 37 |
1696 1457 69 22 28:16

234 1483 199 26 kronoegendomen
451 1483 10 20 1
479 1483 81 20 mantal
576 1484 94 26 Äspinge
689 1490 25 14 nr
730 1484 19 23 2,
769 1483 26 21 12
811 1484 39 20 och
869 1484 25 20 17
911 1484 7 19 i
935 1484 93 26 Äspinge
1113 1490 46 23 p.16

233 1513 78 20 socken
334 1514 43 19 må
394 1520 37 14 var
449 1513 33 20 för
498 1513 32 26 sig
545 1513 49 20 med
610 1513 85 26 angivet
710 1513 87 21 område
813 1513 39 21 och
868 1513 36 21 vid
922 1513 56 21 1926
995 1514 33 20 års

233 1543 156 26 uppskattning
411 1543 113 26 föreslaget
548 1543 111 21 saluvärde
678 1543 99 27 försäljas
792 1543 50 21 med
858 1543 123 27 skyldighet
996 1544 33 20 för

232 1573 144 21 innehavaren
399 1580 27 13 av
449 1575 82 18 tomten
552 1573 41 20 litt.
613 1573 19 20 D
651 1575 31 19 att
700 1573 34 20 till
750 1573 136 27 begagnande
903 1574 69 20 såsom
989 1576 40 24 väg

232 1602 91 27 upplåta
339 1603 26 20 de
381 1603 7 20 i
404 1604 82 19 tomten
502 1603 110 26 ingående,
629 1603 33 20 för
678 1603 76 20 sådant
769 1603 102 21 ändamål
882 1603 93 21 avsedda
985 1610 43 14 om-

232 1632 66 21 råden
314 1635 56 18 samt
385 1632 51 21 med
451 1632 150 21 hembudsrätt
616 1633 33 20 för
664 1633 26 20 N.
707 1633 88 21 Persson
811 1633 34 20 till
861 1635 82 19 tomten
959 1633 40 20 litt.
1013 1634 15 20 C

235 1662 39 20 och
290 1662 33 20 för
338 1663 26 19 N.
381 1663 102 20 Månsson
498 1662 34 21 till
549 1664 80 19 tomten
646 1662 40 21 litt.
703 1663 24 20 D.

176 1733 24 15 35
219 1728 37 20 RD
282 1728 114 26 medgiver,
421 1729 32 19 att
475 1729 81 19 statens
575 1728 112 20 domäners
706 1728 52 21 fond
777 1730 42 24 må,
836 1729 7 20 i
859 1729 105 20 samband
979 1729 50 20 med|
1066 1738 8 11 »
1115 1730 42 20 |245
1282 1730 26 20 10
1387 1730 27 21 86
1487 1731 42 21 330)
1566 1744 5 5 |
1594 1733 69 20 41:53
1667 1727 14 34 |
1697 1732 69 22 39:58

232 1758 125 20 överlåtelse
373 1758 13 20 å
401 1757 79 21 Ystads
504 1757 47 21 stad
574 1764 27 14 av
624 1758 42 20 den
681 1758 7 20 i
704 1758 13 26 8
735 1758 12 20 2
764 1765 26 14 av
805 1759 223 20 överenskommelsen

233 1787 41 21 den
292 1788 25 20 11
335 1788 39 20 och
392 1787 27 21 15
435 1787 52 21 febr.
521 1787 55 20 1927
601 1787 80 21 mellan
704 1788 61 20 KM:t
788 1789 39 19 och
851 1789 81 20 kronan
951 1795 76 20 genom

232 1817 214 25 kasernkommittén,
463 1818 13 20 å
491 1824 40 13 ena
547 1817 67 24 sidan,
631 1819 56 19 samt
702 1818 79 21 Ystads
793 1818 54 25 stad,
859 1819 13 19 å
882 1818 66 21 andra
959 1819 68 24 sidan,

233 1847 142 21 omförmälda
385 1847 135 26 fastigheten,
532 1847 124 21 nedskrivas
667 1848 50 20 med
728 1850 30 18 ett
768 1850 46 19 mot
825 1848 80 20 dennas
914 1849 114 26 taxerings-

232 1877 64 21 värde
313 1877 103 21 svarande
432 1877 85 27 belopp.

203 1943 63 20 Inom
282 1941 113 22 Hallands
410 1942 45 21 län:

175 1977 25 16 386
218 1972 38 21 RD
272 1972 109 26 medgiver
391 1973 33 20 för
434 1973 34 19 sin
479 1972 40 25 del,
531 1974 32 19 att
573 1972 42 20 den
625 1973 13 19 å
649 1972 261 27 biskopslönehemmanet
923 1973 10 20 1
946 1974 82 20 mantal
1030 1968 14 36 |
1066 1982 8 10 »
1084 1968 28 36 |
1122 1975 27 20 23
1282 1975 26 21 10
1401 1976 13 19 4
1502 1976 26 20 31
1595 1978 39 20 7:8
1696 1977 18 21 6:
1727 1983 23 15 16

233 2003 67 20 krono
324 2002 108 21 Gödestad
455 2009 25 13 nr
500 2002 12 20 3
529 2002 51 20 Lars
604 2002 153 26 Börjesgården
767 2003 13 20 i
796 2003 73 26 Fjärås
893 2004 77 20 socken
995 2004 32 20 be-

232 2032 93 26 löpande
348 2032 91 20 andelen
455 2033 8 19 i
478 2034 70 25 torpet
570 2032 34 20 till
627 2034 59 18 roten
702 2039 26 13 nr
744 2032 26 20 77
788 2032 35 21 vid
839 2033 68 20 Norra
922 2033 106 21 Hallands

232 2062 214 26 båtsmanskompani
453 2063 36 19 må
495 2062 98 26 försäljas
600 2062 33 20 för
640 2069 25 13 en
673 2062 143 27 köpeskilling
824 2070 25 13 av
858 2063 42 20 714
909 2063 30 20 kr.
949 2063 27 21 30
986 2065 41 19 öre.
