1824 2354
1627 71 28 21 85

71 250 257 26 Avlöningsreglementen,
346 249 68 21 civila.

71 287 84 19 statens
168 285 188 23 vattenfallsverk;
370 285 40 20 och
424 285 95 20 besluter
533 285 49 23 RD,
596 286 34 19 att
643 285 37 20 det
693 285 77 26 högsta
784 285 60 20 antal
857 285 56 20 revir
926 285 36 20 vid

72 316 164 23 domänverket,
251 321 46 14 som
311 315 35 20 må
361 315 102 20 hänföras
477 315 33 20 till
523 315 120 26 lönegrupp
659 315 40 22 III,
714 314 54 20 skall
782 316 77 24 utgöra
875 315 31 19 12.

101 357 17 19 1.
136 357 42 19 RD
190 356 142 26 bemyndigar
343 357 63 19 KM:t
416 357 35 19 att
461 356 90 26 vidtaga
562 356 117 26 ändringar
689 356 6 19 i
706 356 26 20 de
743 356 6 20 i
759 357 84 19 statens
853 356 110 20 allmänna

71 386 246 26 avlöningsreglemente
334 386 128 20 meddelade
480 386 192 20 bestämmelserna
689 387 41 18 rör.
745 386 76 19 furirer
834 387 58 19 samt
905 386 59 20 med-

71 416 48 20 dela
132 416 72 20 beslut
216 416 50 20 eller
279 416 162 20 bestämmelser
453 417 41 18 rör.
507 415 57 20 vissa
577 415 224 27 avlöningsförmåner
812 415 33 20 till
857 415 106 26 personal,

71 446 167 26 tjänstgörande
253 445 38 20 vid
306 442 82 23 Ölands
403 446 63 19 södra
481 445 82 26 grunds
578 445 100 26 fyrplats,
693 445 225 26 avlöningsförmåner
932 445 33 20 för

72 476 217 25 befattningshavare
301 475 6 20 i
319 476 84 19 statens
415 475 70 26 tjänst
496 475 37 20 vid
545 475 130 26 deltagande
684 475 6 19 i
699 475 75 20 kurser
783 475 5 19 i
796 475 169 26 företagsdemo-

71 506 58 20 krati
141 512 28 13 m.
180 512 28 13 m.
221 506 40 19 och
272 505 131 26 barntillägg
415 505 32 20 till
458 505 44 20 viss
514 505 99 26 personal
624 505 12 20 å
647 505 160 26 krigsmaktens
816 506 147 19 reservstater.

99 536 20 19 2.
136 535 42 20 RD
191 535 72 20 avslår
275 535 107 20 motioner
394 541 35 14 om
442 535 57 20 vissa
511 534 118 26 ändringar
640 534 6 20 i
658 534 100 26 gällande
769 534 195 26 lönereglementen

72 565 33 19 för
117 565 37 19 det
166 565 88 25 statliga
267 565 40 19 och
319 564 206 20 statsunderstödda
538 564 279 26 undervisningsväsendet.

100 595 19 19 3.
136 594 42 20 RD
191 594 143 26 bemyndigar
344 594 64 20 KM:t
419 595 35 18 att
465 594 88 19 utfärda
564 593 245 26 avlöningsreglemente
820 594 33 19 för
864 593 101 26 övnings-

72 624 68 20 lärare
163 624 40 19 och
226 623 246 27 avlöningsreglemente
494 623 34 20 för
549 623 167 26 kyrkomusiker
738 624 58 19 samt
818 625 35 18 att
875 623 89 26 vidtaga

71 653 118 27 ändringar
200 653 7 20 i
219 653 92 20 sålunda
324 653 116 20 utfärdade
453 653 153 26 reglementen,
619 653 88 20 utfärda
720 653 138 26 erforderliga
871 653 94 20 bestäm-

71 683 77 20 melser
164 689 36 14 om
217 683 109 26 övergång
342 683 33 19 till
392 683 67 26 sagda
476 683 145 26 reglementen
638 684 58 18 samt
712 684 35 18 att
763 682 49 20 med
829 683 107 19 avseende
952 683 12 19 å

71 713 145 20 ämneslärare
234 712 38 20 vid
289 712 165 26 fortsättnings-
472 713 40 19 och
530 712 206 26 ersättningsskolor
753 712 99 20 meddela
870 712 95 20 bestäm-

71 742 77 20 melser
159 749 29 13 av
200 742 6 20 i
219 742 117 20 huvudsak
348 742 42 20 den
403 742 112 23 innebörd,
529 748 46 13 som
588 742 6 19 i
607 742 162 26 propositionen
782 742 101 26 angivits.

99 772 27 20 Se
137 772 40 20 ock
190 772 114 26 Bisysslor,
318 771 135 27 Domkapitel
463 771 80 26 (1944),
553 771 228 26 Löneklassplacering.

71 809 366 28 AVLÖNINGSREGLEMENTET,
453 808 148 29 MILITÄRA;
617 819 22 13 se
655 812 257 26 Avlöningsreglementen,
928 812 37 20 all-

99 844 86 22 männa,
200 843 165 20 Försvarsväsen
380 843 70 25 (1942:
463 842 40 26 22).

71 883 267 21 AVMAGNETISERING
354 890 28 13 av
399 884 80 26 fartyg;
496 889 22 14 se
534 883 58 20 Mät-
608 883 36 20 och
661 883 302 26 avmagnetiseringsstationer.

71 925 204 25 AVSKEDANDE;
286 931 21 14 se
319 925 126 26 Förenings-
455 925 36 20 och
500 924 185 27 förhandlingsrätt
695 924 79 27 (1944),
785 925 89 20 Kvinna
883 925 79 26 (1945).

72 967 200 24 AVSKRIVNING;
285 973 23 13 se
323 966 197 27 Kapitalbudgeten,
533 966 247 27 Kapitalinvesteringar,
789 966 174 26 Kapitalmedels-

99 996 103 27 förluster,
223 996 136 21 Riksbanken
381 996 69 26 (1945:
463 996 26 26 9),
512 996 217 26 Sulfitspritfabriker,
751 996 113 26 Syntetiskt
883 996 79 26 gummi

100 1026 70 26 (1945:
183 1026 26 26 3).

72 1068 228 20 AVSKRIVNINGAR
316 1067 54 21 OCH
386 1067 199 20 EFTERGIFTER.

102 1104 17 19 1.
136 1103 42 20 RD
189 1103 116 27 medgiver,
316 1104 35 19 att
360 1103 28 20 K.
399 1103 25 20 E.
434 1103 88 26 Nygren
533 1103 38 20 och
582 1103 28 20 H.
621 1103 25 20 A.
657 1103 138 23 Ruthström,
805 1103 57 20 båda
872 1102 6 21 i
888 1103 75 20 Holm-

72 1134 63 23 sund,
148 1134 43 22 må,
205 1133 73 20 därest
290 1133 26 20 de
328 1133 45 20 före
386 1133 42 20 den
442 1133 8 19 1
464 1133 45 26 jan.
524 1133 53 20 1942
589 1133 33 19 till
634 1133 221 26 arméförvaltningen
867 1133 96 20 inbetala

72 1164 33 19 ett
114 1163 79 27 belopp
203 1169 28 14 av
242 1163 8 20 1
262 1163 41 20 440
312 1163 40 23 kr.,
363 1162 78 21 befrias
451 1163 48 19 från
509 1162 125 21 återstoden
643 1168 29 14 av
681 1162 49 20 dem
739 1162 88 26 jämlikt
836 1162 128 20 hovrättens

72 1193 33 20 för
118 1189 57 24 Övre
187 1192 109 21 Norrland
309 1192 51 20 dom
373 1192 41 20 den
427 1192 26 20 29
466 1192 45 20 okt.
526 1192 53 20 1940
591 1192 113 26 åliggande
717 1192 247 26 betalningsskyldighet

71 1222 34 21 till
121 1223 92 20 kronan.

100 1252 19 20 2.
136 1252 43 20 RD
193 1252 118 26 medgiver,
325 1253 35 18 att
374 1252 20 20 J.
409 1251 26 20 V.
449 1251 117 20 Marklund
580 1251 35 20 må
629 1251 79 20 befrias
722 1251 48 21 från
784 1252 80 19 honom
877 1251 88 26 jämlikt

72 1282 75 20 KM:ts
162 1282 72 26 utslag
249 1281 41 20 den
305 1281 13 20 4
333 1287 50 14 nov.
401 1281 53 20 1940
469 1281 113 26 åliggande
596 1281 125 26 skyldighet
735 1282 35 19 att
784 1281 34 20 till
831 1281 84 20 kronan
930 1283 35 18 ut-

72 1312 50 25 giva
136 1311 122 26 ersättning
272 1311 50 20 med
336 1311 41 20 500
391 1311 32 20 kr.

100 1341 20 20 3.
137 1341 42 20 RD
193 1341 118 26 medgiver,
326 1342 35 18 att
374 1346 68 14 envar
454 1346 29 14 av
497 1340 28 20 K.
540 1340 25 20 V.
581 1340 25 20 E.
620 1340 85 24 Birath,
720 1340 52 20 Erik
786 1340 124 20 Andersson
925 1341 39 19 och

73 1371 50 20 Elof
135 1371 131 23 Andersson,
279 1370 43 23 må,
336 1370 73 20 därest
421 1370 43 20 han
476 1370 59 20 inom
548 1370 39 23 tid,
601 1376 46 14 som
660 1376 28 14 av
700 1370 64 20 KM:t
775 1370 37 20 må
824 1370 139 23 bestämmas,

72 1400 109 21 inbetalar
198 1401 34 19 ett
250 1400 79 26 belopp
348 1406 28 14 av
396 1400 39 20 150
453 1400 40 23 kr.,
512 1399 79 21 befrias
609 1399 49 21 från
676 1400 139 20 återstående
833 1400 132 26 betalnings-

72 1430 126 26 skyldighet
212 1429 33 21 till
260 1430 85 20 kronan
360 1429 68 26 enligt
442 1429 188 27 krigshovrättens
646 1429 72 27 utslag
734 1429 41 21 den
792 1429 25 20 16
832 1429 55 27 april
904 1429 59 21 1940.

100 1460 19 20 4.
136 1460 43 20 RD
194 1459 118 27 medgiver,
327 1461 35 18 att
377 1459 26 20 R.
419 1459 26 20 A.
461 1459 100 26 Ekeberg
575 1459 36 20 må
626 1459 79 20 befrias
719 1459 48 20 från
782 1459 81 20 honom
877 1459 88 26 jämlikt

72 1489 105 21 särskilda
192 1489 144 26 krigsrättens
350 1489 33 20 för
397 1488 134 21 kustflottan
546 1489 71 26 utslag
631 1489 41 20 den
687 1488 12 21 5
714 1489 54 26 april
784 1488 53 21 1940
851 1489 113 26 åliggande

72 1519 125 26 skyldighet
209 1520 35 19 att
255 1519 33 20 till
300 1519 83 20 kronan
397 1518 75 27 utgiva
484 1519 133 20 skadestånd
629 1519 50 20 med
691 1518 41 21 570
743 1519 32 19 kr.

100 1549 19 20 5.
136 1549 42 20 RD
194 1548 118 27 medgiver,
329 1550 34 18 att
379 1549 25 19 E.
420 1548 137 20 Malmström
572 1549 36 19 må
624 1548 78 20 befrias
718 1548 48 20 från
781 1548 81 20 honom
876 1548 88 26 jämlikt

72 1578 193 27 flygkrigsskolans
277 1578 116 26 krigsrätts
406 1578 71 26 utslag
490 1578 41 20 den
544 1578 26 20 26
582 1578 54 20 febr.
650 1578 53 20 1940
716 1578 112 26 åliggande
841 1578 124 26 skyldighet

72 1610 35 18 att
117 1608 33 20 till
160 1608 85 21 kronan
255 1608 76 26 utgiva
342 1608 134 20 skadestånd
486 1608 50 20 med
546 1608 41 20 200
597 1608 32 20 kr.

100 1638 19 20 6.
137 1638 42 20 RD
192 1638 118 26 medgiver,
323 1639 35 18 att
371 1638 20 20 S.
405 1638 28 20 H.
447 1638 125 19 Pettersson
584 1638 37 19 må
633 1637 79 20 befrias
724 1637 48 20 från
785 1637 80 20 honom
877 1637 88 26 jämlikt

72 1668 239 26 stationskrigsrättens
329 1667 38 20 vid
386 1667 138 21 Stockholms
543 1667 153 26 örlogsstation
715 1667 71 26 utslag
805 1667 41 20 den
867 1667 25 20 12
910 1667 54 26 april

74 1697 53 20 1940
138 1697 114 26 åliggande
264 1697 125 26 skyldighet
400 1698 35 19 att
446 1697 33 20 till
490 1697 84 20 kronan
586 1697 75 26 utgiva
674 1697 133 20 skadestånd
818 1697 50 20 med
880 1697 40 20 688
931 1697 32 20 kr.

100 1727 19 20 7.
136 1727 43 20 RD
192 1726 118 27 medgiver,
323 1728 35 19 att
371 1727 169 20 domänverkets
553 1727 89 20 fordran
655 1727 39 19 hos
702 1726 26 20 A.
743 1726 119 20 Elvstrand
871 1726 7 20 i
887 1726 77 27 Helge-

73 1757 102 20 bodafors
186 1757 36 19 må
234 1756 113 20 nedsättas
359 1756 48 20 från
419 1756 12 20 5
440 1756 41 20 420
492 1756 32 20 kr.
537 1756 26 20 33
576 1758 35 18 öre
622 1756 34 20 till
667 1756 12 20 4
688 1756 41 20 420
740 1756 32 20 kr.
785 1756 26 20 33
823 1757 42 19 öre.

102 1827 17 20 1.
137 1827 41 20 RD
193 1827 117 26 medgiver,
324 1828 35 19 att
373 1827 24 20 O.
413 1827 117 26 Damberg,
544 1826 38 27 Kj.
599 1827 116 26 Ingelsson,
729 1827 21 20 J.
765 1827 26 20 R.
807 1827 104 20 Ställhult
924 1827 40 20 och

72 1857 27 20 N.
114 1857 27 20 R.
156 1856 87 21 Nilsson
257 1857 36 20 må
307 1857 79 20 befrias
400 1857 48 20 från
461 1857 75 20 vidare
550 1856 270 27 skadeståndsskyldighet
835 1856 31 20 till
879 1856 84 21 kronan

72 1887 27 25 på
111 1886 70 27 grund
192 1892 29 14 av
232 1888 33 18 ett
276 1892 28 14 av
315 1882 62 24 Åsele
388 1886 104 26 tingslags
503 1886 126 20 häradsrätt
641 1886 41 20 den
693 1886 26 20 28
731 1886 45 20 okt.
790 1886 53 20 1940
854 1886 110 21 meddelat

73 1916 77 26 utslag,
166 1916 69 20 under
250 1916 158 26 förutsättning
422 1917 35 19 att
472 1916 26 20 de
512 1917 135 25 gemensamt
661 1916 58 20 inom
734 1916 40 23 tid,
789 1922 47 14 som
851 1916 64 20 KM:t
928 1916 34 20 må

72 1946 129 23 bestämma,
215 1945 33 20 till
261 1946 158 20 domänverket
431 1946 96 20 inbetala
540 1947 33 19 ett
584 1945 79 27 belopp
676 1952 28 13 av
718 1945 39 21 150
769 1945 86 20 kronor.

100 1976 19 19 2.
136 1975 42 20 RD
191 1975 118 26 medgiver,
321 1977 36 18 att
368 1975 25 20 A.
406 1975 129 20 Viktorsson
547 1975 36 20 må
595 1975 79 20 befrias
686 1975 48 20 från
746 1975 75 20 vidare
833 1975 132 26 betalnings-

72 2005 125 26 skyldighet
213 2005 34 20 till
262 2005 84 20 kronan
363 2005 28 26 på
407 2005 70 27 grund
494 2011 28 14 av
538 2006 33 19 ett
587 2005 6 20 i
609 2005 241 26 statsrådsprotokollet
866 2006 99 19 närmare

72 2035 127 20 omförmält
214 2035 124 26 virkesköp,
355 2035 69 20 under
438 2035 159 26 förutsättning
612 2036 35 19 att
661 2035 33 20 till
710 2035 134 20 statsverket
858 2034 107 21 inbetalas

72 2064 108 27 tjugufem
192 2066 91 25 procent
295 2071 28 14 av
334 2065 95 19 kronans
441 2065 88 20 fordran
541 2065 12 19 å
565 2065 13 20 3
587 2064 41 21 200
639 2065 32 19 kr.
683 2064 69 26 jämte
768 2066 63 18 ränta
848 2065 40 19 och
899 2066 67 18 rätte-

71 2095 194 26 gängskostnader.

1118 161 80 16 Motione;
1266 160 79 17 Utskott
1424 173 17 9 sker
1508 160 94 17 Protokoll

984 181 25 19 Ar
1010 177 14 33 |
1032 185 53 20 Prop.
1102 197 17 1 |
1200 166 19 32 a
1232 197 12 1 3
1323 166 26 32 a
1365 196 16 2 SA
1390 173 56 39 RN
1506 197 3 1 -S
1528 165 14 11 =
1574 166 14 33 5
1629 197 3 2 S

1113 214 32 16 FK
1152 210 19 30 |
1176 214 34 16 AK
1232 197 85 54 SmilAvdl
1341 215 26 15 Nr
1486 216 32 15 FK
1585 215 34 16 AK

984 356 27 20 501
1042 356 37 20 139
1090 352 26 34 |
1124 368 27 2 —I
1189 368 27 2 —1I
1251 357 60 19 61—]
1349 357 149 20 971169115:
1510 360 23 16 22
1538 352 23 34 |
1568 357 30 20 15:
1610 359 24 17 65

995 541 9 12 »
1054 547 14 2 —
1092 531 14 34 |
1113 535 37 19 147]
1178 535 38 19 172]
1251 535 61 19 61—]
1349 535 27 20 991
1414 536 83 20 —I115:
1509 536 39 20 32dl
1567 536 31 20 15:
1609 536 39 20 84d

995 600 9 12 »
1010 590 22 34 |
1040 594 40 19 234
1111 594 40 19 14691
1176 594 39 20 558]
1251 594 61 19 61—
1309 590 18 34 |
1338 594 37 20 155
1375 590 22 34 I
1400 594 40 20 290
1447 590 14 34 1
1467 595 30 19 19:
1509 595 39 19 56d/
1565 595 33 20 21:
1610 595 38 19 74d

1111 623 40 20 470
1149 619 22 34 |
1175 624 40 19 559

1176 653 40 20 560

983 1103 25 20 411
1040 1104 39 20 120]
1123 1115 28 2 —I
1188 1115 27 2 —1I
1250 1103 61 20 61—]
1349 1104 90 20 7211851
1464 1104 69 20 24:14
1536 1099 23 35 |
1565 1104 68 20 25:28

1038 1137 21 19 pt
1070 1136 8 16 1
1336 1140 15 12 s.
1365 1136 7 16 1

994 1258 9 13 »
1013 1248 22 34 I
1041 1252 39 20 1201]
1123 1263 28 3 —I
1188 1264 27 2 —I]
1250 1252 61 19 61—]
1349 1252 26 20 721
1402 1252 37 20 1851
1464 1252 33 20 24:
1510 1254 23 17 14
1538 1248 22 34 |
1565 1252 32 20 25:
1609 1254 24 18 28

1039 1278 21 27 pt
1070 1284 9 16 2
1336 1289 15 11 s.
1364 1284 9 17 2

994 1346 10 14 »
1016 1336 18 35 |
1041 1341 39 20 120]
1124 1353 28 1 —I|
1188 1352 28 2 —I
1219 1336 6 35 I
1250 1341 61 19 61—]1
1349 1341 26 20 721
1401 1341 38 20 1851
1464 1340 33 21 24:
1510 1343 23 17 14
1534 1336 23 35 |
1565 1341 32 20 25:
1609 1343 24 17 28

1039 1374 20 20 pt
1069 1372 11 17 3
1336 1378 15 11 s.
1363 1372 10 18 3

995 1465 8 14 »
1017 1455 18 35 I
1041 1459 39 20 120]
1124 1471 26 2 —I
1188 1471 28 2 —I
1250 1459 61 20 61—]
1349 1459 90 20 721185]
1464 1459 69 20 24:14
1537 1455 23 35 |
1565 1459 32 21 25:
1609 1461 24 18 28

1039 1493 21 19 pt
1070 1491 10 17 4
1341 1496 15 12 s.
1367 1491 10 17 4

995 1554 8 14 »
1018 1544 18 34 |
1042 1548 38 20 1200]
1124 1560 27 3 —I
1188 1560 28 14 —1I
1250 1548 61 20 61—]1
1349 1549 26 20 721
1401 1548 132 21 185]24:14
1537 1544 22 34 |
1565 1548 33 20 25:
1609 1550 24 18 28

1039 1582 21 20 pt
1070 1580 10 18 5
1336 1586 15 11 s.
1363 1580 11 18 5

995 1643 8 14 »
1041 1638 39 20 [120]
1123 1649 28 2 —|
1188 1649 28 3 —I.
1250 1638 61 19 61]—]
1349 1637 184 21 721185124:14
1540 1633 18 36 |
1564 1637 33 21 25:
1609 1640 24 17 28

1039 1671 21 20 pt
1069 1670 11 17 6
1336 1675 16 13 s,
1363 1669 11 18 6

994 1732 9 13 »
1011 1722 28 35 |
1053 1738 27 3 —JI
1124 1726 187 20 —1|157110!|—1]
1349 1726 91 20 401416
1438 1722 10 35 1
1464 1727 33 20 29:
1508 1727 40 19 38d/
1565 1726 32 21 30:
1609 1727 39 19 40d

1349 1756 26 20 66
1464 1756 33 20 35:
1508 1757 25 18 54
1540 1752 18 34 |
1565 1756 32 20 35:
1609 1758 24 17 97

1464 1786 54 20 42:1
1564 1786 54 20 |42:1

984 1827 27 20 421)
1053 1827 27 20 321
1123 1838 28 3 —I
1188 1827 124 20 —HOl—|
1362 1827 12 20 41
1413 1827 27 20 381
1478 1827 55 20 9:15
1537 1823 36 35 |:
1578 1827 55 20 9:16

995 1981 8 14 »
1015 1971 22 35 1
1054 1975 26 20 33]
1124 1987 28 2 —I
1189 1975 123 20 —l1101)—1
1363 1975 12 20 51
1413 1975 27 20 391
1478 1975 55 20 9:15
1537 1971 28 35 |
1578 1975 55 20 9:16
