1857 2369
818 145 136 37 SAKREGISTER
1648 152 40 22 211

1051 218 17 18 2
1409 225 53 18 Riks-

1026 236 36 16 er

1026 251 36 25 leg
1120 260 9 16 3
1242 238 94 42 Utskotts-
1386 248 86 33 dagens
1529 256 117 19 Kamrarnas

973 278 17 13 x
1027 274 11 9 |”
1084 272 95 18 Motioner
1230 268 111 32 utlåtanden
1425 286 12 17 kr
1514 286 95 18 förhandli

973 295 12 9 &
1027 293 40 21 RE
1218 302 36 18 iller
1266 302 98 18 memorial
1415 291 45 12 Are
1522 289 137 20 SESANONDEAr

973 308 18 28 -
1027 306 41 33 2.2.
1206 308 11 12 2
1405 315 64 18 velser

968 340 17 24 3
1026 337 40 41 Jörg
1199 362 17 12 I

973 368 65 12 SLA
1230 364 28 31 bd
1360 365 6 30 np
1456 372 17 18 21
1502 370 67 18 Första
1576 366 20 31 |
1603 371 42 17 And

973 384 11 9 A
1026 379 36 41 23
1088 380 87 18 SS
1199 376 17 44 E
1241 388 18 28 å
1295 380 17 27 7
1355 391 17 25 ;
1405 377 21 42 är
1457 392 16 24 .
1499 376 70 35 fal.
1600 377 43 35 kem

100 433 165 27 Avsöndringar
281 440 27 14 m.
325 440 26 14 m.

143 464 113 27 Lindqvist
272 464 33 20 till
321 464 67 21 lotten
404 464 40 20 litt.
462 464 22 24 C,
501 464 33 20 för
549 464 68 20 Maria
632 464 112 21 Albertina
759 464 128 21 Gustafsson
904 464 33 20 till

143 494 66 20 lotten
225 494 41 20 litt.
283 494 26 25 D,
325 494 33 20 för
374 494 22 20 T.
414 494 76 20 Olsson
509 494 33 20 till
561 494 68 20 lotten
648 494 40 21 litt.
705 494 24 24 E,
746 494 34 20 för
795 494 33 21 W.
845 494 91 21 Jansson

142 524 34 20 till
192 524 67 20 lotten
275 524 40 20 litt.
332 524 16 20 F
364 524 39 20 och
419 524 33 20 för
468 524 24 20 G.
510 524 63 20 Lund
589 524 33 20 till
638 524 68 20 lotten
721 524 40 20 litt.
779 524 25 20 G.

84 594 24 15 14
127 590 38 19 RD
184 589 108 26 medgiver
309 589 127 27 försäljning
455 596 26 14 av
500 592 31 18 tre
550 590 7 19 i
576 589 232 26 statsrådsprotokollet
826 589 50 21 med
894 589 42 21 litt.
951 589 56 21 19291
1023 591 42 19 225
1190 589 26 21 10
1294 589 28 21 64!
1368 591 68 20 71283
1502 592 53 20 29:5
1596 592 82 21 136:111

142 619 25 24 D,
184 619 17 20 F
217 619 39 20 och
273 619 18 20 G
307 619 131 20 betecknade
454 619 103 26 ägolotter
572 626 37 13 var
624 619 33 20 för
673 619 31 26 sig
718 619 50 20 med
779 619 7 20 i
797 626 84 13 samma
891 626 46 20 pro-
1027 625 34 22 p.5

141 648 68 21 tokoll
226 649 89 26 angiven
332 649 56 20 areal
406 649 48 20 från
473 649 199 26 kronoegendomen
690 649 11 20 1
718 649 82 20 mantal
819 649 117 26 Skånstorp

142 685 25 14 nr
184 679 12 19 3
212 679 7 19 i
235 678 124 21 Hällestads
377 679 84 20 socken.

85 743 23 15 15
126 738 38 20 RD
180 738 108 26 medgiver
304 738 128 27 försäljning
447 745 26 14 av
489 738 199 26 kronoegendomen
705 737 28 29 !/,
743 739 82 20 mantal
841 739 60 20 Sätra
912 745 25 14 nr|
975 747 8 10 »
1023 740 42 20 1225
1189 739 27 20 10
1294 738 28 21 64
1326 734 14 36 |
1369 740 67 20 71283
1502 740 53 21 29:5
1596 741 82 21 |36:111

143 768 10 20 1
171 768 6 20 i
194 763 58 25 Åsbo
268 768 84 21 socken.
1027 775 34 22 p.6

111 828 62 20 Inom
189 826 135 28 Jönköpings
339 828 46 20 län:

84 862 24 16 16
125 857 38 21 RD
180 857 114 26 medgiver,
311 859 32 19 att
358 857 200 26 kronoegendomen
574 856 27 28 ?/,
616 857 82 21 mantal
710 858 75 20 Gestra
796 865 25 13 nr
832 858 12 20 2
856 858 79 21 Krono-|
975 866 8 11 >»
991 852 28 36 |
1031 859 27 20 94
1189 858 27 20 10
1294 858 27 20 36
1325 854 18 35 |
1369 859 68 21 31154
1495 860 33 20 21:
1540 865 38 16 104|
1596 861 33 20 28:
1641 866 39 15 1238

140 887 52 26 gård
208 887 50 20 med
273 887 162 26 underlydande
452 887 76 20 Gestra
542 894 26 13 nr
579 887 13 20 4
603 887 52 21 eller
665 887 128 27 Lövrödjan,
813 894 26 14 en
855 888 80 26 utjord,
1028 894 32 22 p.6

140 917 8 20 i
168 917 113 20 Skärstads
301 917 78 20 socken
398 917 36 20 må
452 917 105 27 försäljas,
577 918 101 25 antingen
696 917 34 21 till
748 917 19 21 J.
785 918 24 19 A.
826 918 110 25 Engdahls

141 947 199 26 stärbhusdelägare
358 947 34 20 för
407 953 26 14 en
449 947 143 26 köpeskilling
608 954 26 13 av
650 947 23 20 51
687 947 42 20 300
746 947 31 21 kr.
793 949 57 18 samt
868 947 68 21 under

142 977 56 20 vissa
217 977 92 26 angivna
327 976 78 21 villkor
423 976 57 25 eller,
500 976 70 21 därest
588 977 133 20 förbemälda
739 977 197 26 stärbhusdelägare

142 1006 47 21 icke
208 1006 95 26 begagna
321 1007 32 25 sig
372 1013 26 13 av
419 1006 152 26 medgivandet
594 1008 30 19 att
648 1007 98 20 förvärva
768 1007 137 26 egendomen,
924 1008 13 19 å

142 1036 97 26 offentlig
255 1036 89 20 auktion
360 1036 33 20 till
410 1036 40 20 den
467 1036 178 26 högstbjudande.

85 1100 24 16 17
127 1096 38 20 RD
184 1096 114 26 medgiver,
315 1098 38 23 att,
372 1095 66 21 sedan
456 1096 199 26 kronoegendomen
674 1094 28 29 !/;
719 1096 81 20 mantal
819 1096 117 27 Dumstorp|
974 1105 8 10 »
992 1090 28 37 |
1031 1097 28 20 94
1190 1097 26 21 10
1295 1096 27 21 36
1327 1092 18 36 |
1370 1097 68 21 41154
1495 1098 33 20 21:
1540 1103 39 16 104]
1597 1099 33 20 28:
1642 1104 38 16 1238

142 1133 25 13 nr
184 1126 10 20 1
212 1126 7 20 i
236 1126 56 26 Säby
308 1126 79 20 socken
403 1126 79 20 blivit
467 1122 14 34 i
493 1126 94 26 enlighet
602 1126 49 20 med
665 1126 271 26 uppskattningsmännens
1027 1133 34 22 p.7

144 1156 78 26 förslag
237 1156 97 20 fördelad
350 1156 6 20 i
372 1156 43 24 två,
432 1156 6 19 i
455 1156 231 27 statsrådsprotokollet
701 1156 149 25 omförmälda,
865 1156 49 20 med
925 1157 11 19 I

142 1186 39 20 och
198 1186 22 20 II
237 1185 131 21 betecknade
384 1185 69 24 lotter,
470 1186 149 20 förstnämnda
634 1186 40 20 lott
689 1187 36 19 må
740 1186 106 27 försäljas.

85 1250 24 16 18
127 1246 37 20 RD
182 1245 107 27 medgiver
304 1245 128 27 försäljning
448 1252 26 14 av
489 1245 183 27 tomtlägenheten
687 1241 123 25 Åkerslund
824 1253 34 13 om
871 1246 63 21 0.875
936 1237 16 39 |
975 1255 8 10 »
992 1237 30 39 |
1031 1247 28 20 94
1190 1247 27 20 10
1295 1246 28 21 36
1326 1242 14 35 |
1370 1246 68 21 5154
1496 1248 32 19 21:
1541 1252 38 16 104|
1597 1248 33 21 28:
1642 1254 39 15 1238

142 1276 76 20 hektar
233 1276 47 19 från
296 1275 200 26 kronoegendomen
515 1273 49 30 21!/,
581 1275 82 21 mantal
678 1275 115 27 Upplanda
804 1283 25 13 nr
841 1275 19 25 1,
872 1277 14 19 4
897 1277 39 19 och
1028 1282 33 22 p-8

144 1306 11 19 5
172 1307 57 18 samt
243 1304 27 28 !/,
282 1305 81 20 mantal
376 1305 114 27 Upplanda
500 1312 26 13 nr
537 1306 12 19 3
561 1305 151 26 Kronogården
723 1306 6 19 i
743 1305 105 21 Vetlanda
858 1306 78 20 socken

143 1335 49 20 med
208 1335 149 21 hembudsrätt
372 1335 34 20 för
421 1336 25 19 A.
462 1335 127 21 Johansson.

85 1400 24 15 19
127 1395 37 20 RD
184 1394 109 26 medgiver
311 1394 128 27 försäljning
455 1401 26 14 av
496 1394 199 27 kronoegendomen
714 1392 28 30 ?/,
759 1395 81 20 mantal
859 1395 77 20 Eskils-|
976 1404 8 10 »
993 1388 29 38 |
1032 1396 28 20 94
1190 1395 27 21 10
1296 1395 27 21 36
1328 1391 14 36 |
1370 1396 67 20 5154
1496 1397 33 20 21:
1540 1402 39 16 104/
1597 1397 33 21 28:
1642 1402 39 16 1238

142 1427 47 23 torp
206 1431 25 13 nr
248 1424 11 20 3
277 1424 105 26 Norrgård
399 1424 6 20 i
421 1424 107 27 Järstorps
545 1424 83 21 socken.
1028 1431 34 22 p.9

84 1488 26 16 20
127 1484 37 20 RD
181 1484 114 25 medgiver,
312 1485 32 19 att
363 1490 26 14 av
408 1483 198 26 kronoegendomen
626 1483 28 28 3/,
673 1484 82 20 mantal
776 1484 117 26 Borragård
913 1491 25 13 nr|
976 1493 8 10 »
993 1479 28 36 |
1032 1485 28 20 94
1191 1484 26 21 10
1296 1485 27 20 36!
1370 1485 69 20 61154
1496 1486 33 20 21:
1541 1491 38 16 104|
1597 1487 34 20 28:
1642 1492 39 15 123

144 1513 9 20 1
175 1514 7 19 i
200 1513 77 21 Alseda
299 1513 77 21 socken
396 1514 36 19 må
449 1513 100 27 försäljas
568 1513 45 21 dels
632 1516 31 18 ett
680 1514 7 20 i
707 1514 231 26 statsrådsprotokollet
1023 1520 46 22 p.10
1227 1537 2 5 |

143 1544 85 25 angivet
243 1543 87 20 område
346 1550 35 13 om
398 1543 63 21 0.076
480 1543 76 21 hektar
571 1543 33 20 till
621 1544 135 20 handlanden
777 1544 24 20 V.
819 1544 120 26 Lindeborg
1227 1551 2 12 I

143 1576 46 17 mot
205 1580 25 13 en
247 1573 143 27 köpeskilling
406 1580 25 14 av
448 1573 42 20 200
507 1573 38 26 kr.,
562 1573 46 20 dels
624 1574 39 20 ock
682 1574 205 26 huvudgårdslotten
901 1581 36 13 an-

143 1603 72 26 tingen
234 1603 34 20 till
287 1603 85 20 avlidne
392 1603 25 21 G.
434 1604 25 19 A.
477 1603 72 20 Stures
568 1603 198 26 stärbhusdelägare
784 1604 33 20 för
836 1610 26 14 en
876 1604 61 26 köpe-

143 1633 89 26 skilling
248 1640 25 13 av
290 1633 27 20 25
327 1632 42 21 800
386 1633 32 20 kr.
435 1633 57 24 eller,
508 1633 71 20 därest
594 1633 134 21 förbemälda
740 1633 198 27 stärbhusdelägare

143 1663 47 20 icke
206 1663 95 26 begagna
317 1663 31 26 sig
364 1669 26 14 av
405 1662 151 27 medgivandet
572 1664 31 19 att
618 1663 98 21 förvärva
731 1663 74 25 lotten,
817 1664 13 20 å
842 1664 97 26 offentlig

144 1693 88 20 auktion
248 1693 33 20 till
298 1693 41 20 den
356 1693 178 26 högstbjudande.

86 1757 23 15 21
128 1753 38 20 RD
183 1752 115 26 medgiver,
316 1754 31 19 att
363 1754 70 24 torpet
448 1752 62 20 Stora
525 1752 109 21 Hallafors
650 1753 36 20 må
701 1753 49 20 med
766 1753 7 20 i
790 1753 148 27 statsrådspro-|
976 1761 8 11 »
1025 1754 42 20 |225
1192 1752 27 21 10
1297 1753 28 20 64
1328 1749 14 35 |
1371 1753 68 21 81283
1504 1754 54 20 29:5.
1598 1755 83 21 |36:111

143 1782 90 20 tokollet
252 1782 85 26 angivet
355 1782 87 20 område
461 1782 124 27 frånskiljas
604 1782 199 26 kronoegendomen
824 1782 11 21 1
857 1783 81 20 mantal
1029 1788 34 23 Då

144 1812 81 20 Holma
240 1819 25 13 nr
283 1812 9 19 1
311 1812 6 19 i
334 1811 114 27 Tofteryds
466 1812 77 20 socken
562 1812 39 20 och
621 1812 49 20 med
689 1812 148 21 tillträdesrätt
852 1813 41 20 den
911 1813 27 20 14

144 1848 57 14 mars
219 1841 56 20 1930
292 1841 99 26 försäljas
407 1841 49 21 med
472 1841 150 21 hembudsrätt
637 1842 33 20 för
686 1842 25 20 G.
728 1843 89 25 Byman.

87 1906 24 15 22
129 1901 37 20 RD
183 1901 108 30 medgiver
307 1901 127 26 försäljning
449 1907 26 14 av
491 1901 199 26 kronoegendomen
706 1900 27 29 !/,
750 1902 82 20 mantal
848 1902 56 20 Hult
914 1909 25 13 nr|
978 1910 7 10 »
1026 1902 42 20 |225
1192 1902 27 20 10
1297 1902 28 20 64
1328 1898 14 35 |
1372 1902 67 21 81283
1504 1902 55 22 29:5
1599 1903 83 21 |36:111

146 1930 10 20 1
174 1931 39 20 och
231 1931 12 19 2
260 1932 68 19 Öster-
344 1931 40 20 och
401 1930 127 26 Västergård
544 1931 7 19 i
567 1931 109 26 Rogberga
691 1931 84 21 socken.
1030 1936 34 23 p.8

115 1990 62 20 Inom
195 1989 136 27 Kronobergs
347 1990 45 20 län:

88 2025 24 15 23
130 2020 38 20 RD
192 2019 114 27 medgiver,
331 2021 32 19 att
385 2026 26 14 av
431 2020 177 26 Kronobergshed
624 2020 96 27 följande
736 2021 13 20 å
765 2027 26 14 en
806 2021 7 20 i
830 2021 109 20 statsråds-|
978 2028 8 11 »
1027 2020 40 21 |127
1193 2021 26 20 10
1298 2020 27 21 29
1399 2021 41 21 195
1498 2022 33 21 21:
1543 2027 39 16 103|
1599 2023 33 20 28:
1644 2027 40 16 110

146 2049 128 27 protokollet
285 2049 112 27 åberopad,
410 2056 26 15 av
447 2049 239 22 distriktslantmätaren
697 2050 20 20 S.
731 2050 106 21 Svensson
848 2051 22 20 år
882 2050 56 21 1923
