1857 2361
165 152 42 20 372
862 150 223 18 SAKREGISTER

184 445 71 20 Enkla
268 445 76 26 frågor.

184 475 39 20 FK

184 505 31 20 Nr
230 505 13 19 4
259 505 57 26 (herr
333 505 96 25 Brandt):
446 504 55 26 Ang.
517 504 121 20 eventuella
654 504 101 26 åtgärder
770 504 33 20 för
818 505 34 18 att
867 504 55 19 lätta
939 503 82 20 bördan

210 535 34 20 för
262 535 57 20 vissa
338 534 108 20 inkallade
464 534 147 26 värnpliktiga
631 534 39 20 och
688 534 191 23 landstormsmän,
897 533 59 20 vilka
975 533 46 19 icke

210 565 62 20 torde
285 565 74 19 kunna
372 565 96 26 påräkna
482 564 113 26 avlösning
608 564 68 20 under
688 564 50 25 lång
750 563 32 21 tid
795 563 87 20 framåt.

183 625 31 19 Nr
231 625 13 19 5
262 625 59 25 (herr
337 620 84 30 Öman):
440 624 115 20 Huruvida
573 624 235 26 polismyndigheterna
827 623 5 20 i
850 623 77 26 förväg
944 623 78 19 under-

210 656 81 19 rättats
307 660 35 14 om
357 654 143 26 upphörande
515 660 29 14 av
558 655 73 19 rätten
647 655 34 18 att
696 653 53 26 sälja
765 653 75 20 bensin
856 659 29 14 m.
894 659 29 14 m.

183 714 31 20 Nr
226 714 13 20 6
252 714 59 26 (herr
321 714 116 23 Petersson,
450 714 77 25 Knut):
541 714 54 26 Ang.
609 713 117 26 tillgången
740 714 11 19 å
765 713 73 26 fartyg
850 713 34 20 för
896 712 126 20 territorial-

210 745 104 19 vattnens
328 744 105 20 effektiva
449 743 130 26 bevakning.

182 804 31 20 Nr
226 803 12 20 7
251 804 58 25 (herr
322 803 100 26 Wohlin):
435 803 56 26 Ang.
504 803 101 26 åtgärder
617 803 6 20 i
636 803 56 26 syfte
705 804 34 19 att
751 802 146 27 åvägabringa
910 808 25 14 en
949 802 73 19 demo-

209 833 130 26 kratisering
352 839 29 14 av
395 833 37 20 det
445 833 93 20 svenska
552 833 207 20 försvarsväsendet.

182 893 31 20 Nr
227 893 13 20 8
255 893 58 26 (herr
328 893 100 25 Wohlin):
444 893 54 26 Ang.
514 893 158 26 överflyttning
685 892 33 20 till
734 892 85 26 Sverige
834 898 28 14 av
876 891 146 26 befolknings-

209 923 94 20 element
318 922 130 21 tillhörande
465 922 40 20 den
522 923 92 19 svenska
631 922 153 20 folkstammen
801 922 6 19 i
824 922 98 20 Estland.

182 983 31 19 Nr
227 983 12 20 9
254 983 58 26 (herr
326 983 95 25 Herlitz):
437 982 30 20 På
481 982 73 20 vilken
568 982 70 26 grund
653 982 38 20 har
706 982 63 20 KM:t
783 983 83 19 ansetts
880 981 92 26 befogad
987 982 34 19 att

209 1014 54 19 utan
285 1012 62 20 RD:s
368 1013 133 19 medverkan
523 1012 119 20 föreskriva
664 1012 181 26 inskränkningar
866 1012 6 19 i
893 1013 72 18 rätten
987 1012 34 19 att

208 1042 105 20 framföra
328 1042 150 20 motorfordon
493 1044 57 17 samt
565 1042 6 19 i
586 1042 153 25 försäljningen
756 1042 39 19 och
810 1041 167 26 användningen
993 1047 28 13 av

209 1072 76 20 bensin
300 1077 29 15 m.
339 1077 29 15 m.

181 1131 31 20 Nr
226 1131 25 20 10
264 1131 59 26 (herr
335 1131 127 26 Hagström):
476 1131 55 25 Ang.
545 1131 41 20 den
599 1133 61 18 extra
674 1131 155 20 värnskattens
842 1130 125 26 beräkning.

181 1220 31 20 Nr
231 1221 21 19 11
272 1220 58 26 (herr
345 1220 138 26 Lindhagen):
501 1220 55 26 Ang.
575 1220 60 20 RD:s
653 1220 129 26 orientering
799 1226 35 13 om
851 1215 170 30 Ålandsfrågans

208 1250 47 26 läge
270 1256 29 14 m.
309 1256 29 14 m.

180 1310 32 19 Nr
226 1310 25 20 12
264 1309 58 26 (herr
333 1309 140 26 Lindhagen):
487 1309 55 26 Ang.
555 1309 210 26 grundlagsändring
777 1309 7 20 i
797 1309 57 26 syfte
867 1310 35 18 att
914 1308 105 26 befrämja

208 1339 87 20 samråd
309 1339 78 20 mellan
402 1339 97 26 regering
514 1339 39 20 och
568 1339 42 19 RD
625 1339 6 19 i
646 1339 185 26 utrikespolitiska
846 1338 77 26 frågor.

180 1399 32 20 Nr
228 1399 24 19 13
269 1399 58 26 (herr
340 1398 139 27 Lindhagen):
495 1398 55 26 Ang.
566 1398 37 20 det
618 1398 92 26 tidigare
725 1398 6 20 i
747 1398 70 20 utsikt
832 1398 78 20 ställda
926 1397 94 20 tillfället

207 1428 34 21 till
251 1434 26 14 en
288 1428 132 26 behandling
431 1428 58 20 inom
501 1428 42 20 RD
554 1434 28 14 av
593 1428 37 20 det
641 1428 184 26 utrikespolitiska
837 1428 64 26 läget,
912 1427 6 20 i
929 1427 43 20 vad
984 1427 37 20 det

208 1459 63 19 berör
283 1458 50 20 vårt
346 1458 57 20 land.
503 1470 5 6 .

180 1518 31 20 Nr
221 1518 24 19 14
255 1518 58 26 (herr
322 1518 143 25 Holmström):
475 1518 54 26 Ang.
539 1518 119 20 eventuellt
668 1518 100 25 uppskov
777 1518 48 19 med
835 1517 186 20 ikraftträdandet

207 1554 29 14 av
249 1547 155 26 arbetstidslag
418 1547 33 20 för
465 1547 169 26 detaljhandeln.

178 1625 50 21 AK.

179 1655 32 20 Nr
223 1655 24 20 15
259 1655 58 25 (herr
329 1655 122 25 Senander):
465 1655 8 19 I
484 1655 43 20 anl.
539 1660 28 15 av
577 1655 164 19 framträdande
752 1654 115 20 tendenser
877 1654 33 20 till
921 1654 100 26 spekula-

206 1685 47 20 tion
269 1685 39 19 och
323 1684 85 26 jobberi
423 1684 48 20 med
487 1684 83 26 viktiga
585 1684 226 20 förnödenhetsvaror.

179 1744 31 20 Nr
223 1744 24 20 16
260 1744 58 26 (herr
330 1744 127 26 Brädefors):
470 1744 55 26 Ang.
538 1744 101 26 åtgärder
650 1744 33 20 till
694 1743 155 21 förhindrande
860 1749 29 14 av
900 1743 121 26 hamstring

206 1780 29 14 av
255 1774 241 25 nödvändighetsvaror
516 1774 39 19 och
575 1779 49 21 ang.
645 1773 113 20 införande
778 1779 28 14 av
826 1773 195 26 ransoneringsför-

206 1803 97 20 farande.

179 1857 32 20 Nr
225 1857 24 20 17
262 1857 58 26 (herr
333 1857 122 26 Skoglund):
472 1857 55 26 Ang.
541 1857 81 26 ökning
638 1863 28 14 av
678 1856 243 27 träkolsproduktionen
934 1856 34 20 för
979 1856 41 26 fyl-

207 1887 63 19 lande
285 1893 28 14 av
328 1888 215 25 gasgeneratorernas
558 1887 164 19 bränslebehov.

179 1940 32 20 Nr
231 1940 25 20 18
275 1940 59 26 (herr
352 1940 83 20 Janson
455 1940 6 20 i
481 1940 135 26 Frändesta):
637 1940 54 26 Ang.
711 1940 135 20 anställande
866 1946 29 14 av
913 1940 107 20 avlönade

207 1970 206 26 luftskyddschefer.

179 2024 32 20 Nr
223 2024 25 20 19
260 2024 58 25 (herr
330 2024 122 26 Senander):
467 2024 8 19 I
487 2024 42 20 anl.
542 2030 28 14 av
581 2024 74 26 kungl.
667 2024 141 26 kungörelsen
821 2024 41 20 den
874 2024 12 20 8
898 2025 55 25 sept.
967 2023 52 21 1939

207 2053 35 27 (nr
255 2053 49 26 642)
319 2059 35 14 om
368 2053 138 27 tillämpning
519 2053 37 20 vid
571 2054 105 19 förstärkt
690 2053 216 26 försvarsberedskap
921 2053 39 20 och
975 2059 45 14 mo-

1309 224 106 29 Utskotts-
1488 227 55 17 Riks-

1092 250 60 30 Kungl.
1213 276 3 4 i
1295 252 130 30 utlåtanden,
1480 258 71 20 dagens
1609 241 119 42 SEARtrAraR

1093 272 67 34 Maj:ts]
1160 272 103 29 Motioner
1290 288 95 16 memorial
1398 288 44 16 eller
1498 288 25 16 Er
1600 271 140 29 förhandlingar

1052 309 26 20 År
1105 318 51 14 Iprop:r
1301 311 132 32 betänkanden
1473 311 70 33 velser
1626 305 87 21 (BESEnE

1104 340 46 26 eller
1293 365 5 4 -

1105 374 55 14 Skrivit]
1173 384 34 16 pk
1225 384 35 16 AR
1281 378 16 44 5
1323 378 16 43 z
1363 384 90 17 Nummer
1450 367 14 49 |
1470 384 92 16 Nummer
1561 367 13 49 |
1584 372 69 40 bomer
1659 367 19 49 |
1684 371 70 41 fam

1040 503 105 20 10800)
1179 516 81 2 fel
1524 516 10 2 oh
1611 504 38 20 61

1055 533 19 20 U
1668 529 2 18 |

1041 623 52 20 19398
1117 636 27 2 —
1158 617 23 36 |
1181 617 48 36 —|
1233 617 105 36 —]——
1400 638 14 1 5
1506 636 28 1 —
1611 623 59 20 fran

1055 653 18 20 U

1039 712 54 20 1939]
1117 726 27 1 —
1154 706 25 39 1
1178 725 28 2 —1
1233 725 117 2 —]—-—
1400 727 27 2 —
1506 725 28 2 AA
1611 713 42 19 8:
1634 709 16 40 4

1055 742 19 20 U

1039 802 54 20 1939]
1117 815 27 2 —
1158 797 15 36 I]
1179 815 27 2 —]
1233 814 117 3 —]——
1399 816 28 2 —
1528 814 6 2 z
1600 802 50 19 10:1

1055 832 19 20 U

1039 891 54 21 NE
1117 904 88 2 siilastl
1233 904 27 2 or
1281 904 69 2 ses
1400 906 27 1 Ge
1503 887 31 34 —-
1600 891 52 20 10:2
1723 904 6 1 ?

1055 921 19 20 U

1039 981 105 20 1939]
1119 973 32 42 —
1150 973 27 42 |
1178 993 28 2 —|
1247 993 103 2 —l——
1405 995 7 2 -
1516 993 18 2 SES
1538 977 56 42 ARE
1599 981 51 19 RA

1055 1011 18 20 U

1039 1130 53 20 19390]
1116 1143 20 1 —
1148 1125 32 35 |
1178 1142 28 2 —!
1232 1142 114 2 —]——
1407 1143 19 2 =
1527 1141 7 2 -
1600 1129 50 19 1554
1712 1141 13 1 -

1054 1160 19 20 U

1039 1219 53 20 190
1232 1231 28 2 ae
1280 1231 28 2 SN
1322 1232 104 2 nn
1506 1230 27 2 jeep
1582 1206 23 43 nå
1610 1218 41 19 Bai

1055 1249 18 20 U

1667 1273 2 29 |

1039 1309 104 19 1989)-E
1177 1320 29 3 fe
1239 1320 21 2 ica
1289 1320 60 3 lean
1416 1321 10 2 bee
1505 1319 27 2 —
1548 1298 29 45 |
1596 1303 73 31 22:8
1650 1298 23 45 |

1055 1338 18 20 U
1667 1337 1 12 |

1667 1351 1 23 I

1039 1398 53 20 1939]
1116 1410 15 2 —-
1148 1393 32 35 |
1178 1410 27 1 —I|
1232 1409 117 3 —I——]
1398 1410 6 2 -
1509 1409 6 1 8
1596 1397 53 19 22:4
1667 1377 1 57 |

1667 1445 1 46 |

1040 1517 52 20 1980
1116 1528 190 3 TI]
1520 1527 13 2 =
1596 1515 73 26 fer

1054 1547 19 20 U
1668 1542 1 22 |

1040 1655 52 19 19390]
1116 1667 17 1 —
1151 1646 25 40 I
1178 1666 27 2 —]
1232 1665 114 3 —]——
1398 1666 17 2 —-
1667 1642 1 53 |
1710 1652 41 19 4:1

1055 1685 17 19 U
1667 1705 1 13 I

1040 1744 52 19 (000)
1181 1754 118 3 Fosfor
1403 1755 8 3 5
1510 1737 13 34 —-
1667 1741 83 19 rd

1054 1773 19 20 U
1667 1760 1 44 |

1039 1839 52 49 1939
1177 1867 172 4 sffr
1351 1837 36 57 Su
1419 1868 6 2 TA
1505 1867 7 2 fakes
1575 1867 1 2 A
1667 1841 1 49 gl)
1710 1854 42 20 653

1054 1886 19 20 U
1667 1892 1 23 |

1039 1940 53 20 1889)
1177 1936 248 32 lr
1505 1950 27 3 —
1623 1932 128 25 JR

1054 1970 19 20 U
1213 1971 2 40 |
1351 1966 2 33 |
1667 1956 1 33 |

1038 2023 53 20 1939]
1115 2035 27 2 —
1177 2011 38 58 sel
1279 2020 73 17 ——
1398 2034 27 2 —
1505 2034 27 2 —
1624 2022 127 21 +öl110
1735 2014 12 44 6

1053 2053 19 19 U
1213 2066 2 14 |
1667 2056 1 16 |
