1802 2337
148 67 36 33 138
832 70 221 19 SAKREGISTER

1201 162 89 17 Motioner
1347 158 81 31 Utskott
1590 162 92 17 Protokoll

1478 174 56 17 Skriv.]

1069 183 25 20 År
1091 179 18 33 |
1117 186 53 21 Prop.
1495 204 21 11 fr

1201 216 30 16 FK
1235 212 21 31 |
1265 216 32 17 AK
1317 216 87 17 ISmllAvd!
1428 217 26 16 Nr
1573 216 30 17 FK
1674 216 31 17 AK

161 286 229 23 BESTRAFFNING,
404 285 177 24 KOLLEKTIV;
606 292 23 14 se
640 285 203 26 Interpellationer
858 286 78 22 (1953:
949 286 47 23 49).

160 332 327 22 BESTÄLLNINGSTRAFIK
498 332 58 21 FÖR
566 333 266 24 GODSBEFORDRAN;
855 339 23 14 se
888 333 161 20 Automobiler|
1071 334 29 22 60

211 363 79 24 (1954:
302 369 19 18 4,
333 363 65 21 1960:
411 364 33 23 4),
455 363 149 25 Uppskjutna
614 363 101 20 ärenden
729 363 79 23 (1960:
820 363 33 23 6).

160 410 214 21 BESVÄRSRÄTT.

208 441 39 20 RD
262 441 142 23 hemställer,
419 442 33 19 att
467 441 26 20 K.
508 441 44 20 M:t
566 441 8 20 i
587 441 113 20 samband
715 441 51 20 med
781 441 43 20 den
839 440 118 26 pågående
971 441 77 20 'utred-|
1070 442 27 21 51)
1141 444 160 20 —121512791
1342 444 11 20 7|
1378 456 26 2 —I
1433 444 145 21 541287121:
1593 449 10 15 8
1642 444 36 20 121:
1694 448 10 16 5

207 471 86 25 ningen
304 471 45 20 rör.
360 471 38 20 det
409 471 187 20 administrativa
606 471 213 20 besvärsinstitutet
828 471 44 19 och
882 471 95 20 därmed
988 476 60 14 sam-

206 501 180 25 manhängande
406 500 79 25 frågor
504 500 87 25 jämväl
612 501 53 20 ville
686 500 46 21 låta
752 500 126 21 verkställa
897 500 125 26 utredning
1041 500 7 19 i

208 530 27 21 de
247 530 149 21 hänseenden
409 536 50 15 som
471 530 99 25 angivits
583 531 6 20 i
601 530 137 25 anslutning
749 530 34 20 till
795 531 115 19 motioner
921 536 38 14 om
971 531 77 19 utred-

207 560 56 25 ning
280 561 45 19 rör.
343 560 73 25 regler
432 566 38 14 om
487 561 33 19 ett
536 560 115 25 opartiskt
669 560 135 20 förfarande
821 560 36 20 för
873 560 131 25 avgörande
1020 566 28 14 av

207 590 82 20 tvister
298 590 7 20 i
315 590 183 20 varuskattemål
509 596 30 14 m.
549 596 30 14 m.

209 637 39 20 RD
261 637 63 25 giver
336 637 7 20 i
357 637 110 20 skrivelse
480 638 34 19 till
528 638 26 19 K.
568 638 44 20 M:t
625 638 115 20 tillkänna
752 638 44 20 vad
810 638 73 19 andra
896 637 151 25 lagutskottet
1050 633 13 33 |
1070 639 30 21 55|
1141 653 25 2 —
1194 641 39 20 1171
1257 641 44 20 1200]
1342 641 13 20 9)
1389 641 12 20 2!
1433 641 144 21 381386130:
1593 645 10 16 9
1642 641 36 20 130:
1693 645 23 16 23

208 667 79 21 anfört
297 667 7 20 i
315 667 45 20 anl.
371 673 29 14 av
410 667 114 20 motioner
533 673 39 14 om
582 667 171 20 besvärsrätten
764 668 7 19 i
782 667 212 25 sjukförsäkrings-
1004 667 43 20 och
1258 671 43 20 210

208 697 221 25 pensionsärenden,

207 727 29 20 Se
244 727 44 19 ock
296 726 152 25 Rättsskydd,
458 733 24 14 se
492 726 149 26 Uppskjutna
650 727 102 19 ärenden
765 726 78 23 (1955:
855 727 33 22 6).

161 773 186 21 BESVÄRSTID.

208 803 39 20 RD
264 804 96 24 antager
376 804 36 25 lag
427 810 37 13 om
480 804 129 20 besvärstid
625 804 37 20 vid
679 804 63 20 talan
758 805 48 19 mot
822 803 145 21 förvaltande
983 809 64 20 myn-]|
1070 805 30 22 541
1122 808 41 20 201
1192 808 44 20 I528|
1277 819 26 3 —I
1342 807 13 21 9
1390 808 9 19 11
1433 807 91 21 281331
1542 808 72 20 121:159
1642 807 74 21 |23:105

208 833 91 25 dighets
311 833 83 24 beslut,
407 834 36 24 lag
454 840 38 13 om
504 834 89 19 ändrad
606 834 86 24 lydelse
703 840 28 14 av
742 834 13 20 8
767 834 53 24 käp.
833 834 26 20 10
873 834 9 23 8
896 833 152 21 föräldrabal-

208 863 53 23 ken,
275 863 36 25 lag
324 869 37 14 om
375 863 88 21 ändrad
477 863 86 25 lydelse
576 870 28 13 av
618 863 25 20 17
659 864 9 22 8
682 863 142 25 brandlagen
837 864 44 20 den
896 864 25 20 15
934 863 44 25 juli
992 863 56 20 1944

211 893 40 23 (nr
267 893 64 23 521),
347 893 36 25 lag
399 898 51 20 ang.
466 893 89 20 ändrad
571 893 86 25 lydelse
673 899 28 14 av
715 893 25 21 81
760 893 9 23 $8
787 893 9 20 1
814 893 43 20 och
873 893 13 20 4
900 899 77 18 mom.,
992 893 27 21 82
1037 893 9 23 $

208 924 62 19 samt
281 923 28 20 84
322 922 9 23 $
346 923 9 20 1
368 923 44 20 och
423 922 12 21 2
448 929 69 14 mom.
529 923 66 25 lagen
607 923 44 20 den
663 923 12 20 6
686 923 52 24 juni
751 923 56 20 1924
821 923 39 23 (nr
871 923 53 23 361)
939 929 37 14 om
988 929 60 14 sam-

207 953 84 19 hällets
305 952 131 20 barnavård
450 953 44 20 och
508 953 191 25 ungdomsskydd
717 952 215 25 (barnavårdslag),
947 953 36 25 lag
996 958 51 20 ang.

208 983 89 19 ändrad
311 982 87 25 lydelse
410 989 28 13 av
451 982 28 20 24
490 982 44 20 och
546 982 27 20 25
588 982 24 23 $$
627 983 65 24 lagen
706 983 44 20 'den
764 983 24 20 11
802 982 52 25 juni
868 982 55 21 1943
939 983 39 22 (nr
991 982 53 24 382)

207 1018 37 13 om
256 1012 168 25 förskottering
434 1018 28 13 av
472 1012 219 25 underhållsbidrag
700 1012 35 20 till
746 1012 57 20 barn
818 1012 230 24 (bidragsförskotts-

208 1041 57 25 lag),
281 1041 37 25 lag
332 1047 51 19 ang.
398 1042 89 19 ändrad
502 1041 86 25 lydelse
602 1048 28 13 av
646 1042 25 20 15
685 1042 43 19 och
744 1042 25 20 16
785 1041 24 23 $$
825 1041 66 25 lagen
905 1042 43 20 den
963 1042 27 20 26
1003 1041 44 25 juli

209 1071 54 20 1947
281 1071 39 22 (nr
333 1071 53 23 529)
403 1077 38 13 om
454 1071 119 20 allmänna
585 1071 148 24 barnbidrag,
747 1071 36 25 lag
796 1076 50 20 ang.
860 1071 88 20 ändrad
962 1071 86 25 lydelse

208 1106 29 14 av
249 1100 26 20 78
289 1100 10 23 $
314 1101 19 22 1,
345 1100 14 20 4
370 1101 43 19 och
426 1100 12 20 5
451 1106 76 18 mom.,
541 1101 26 19 79
581 1101 9 22 $
604 1102 60 18 samt
676 1101 25 19 81
717 1101 9 22 $
742 1101 7 19 I
764 1101 43 19 och
819 1101 12 20 2
844 1106 69 14 mom:
926 1101 66 24 lagen
1003 1101 44 19 den

209 1130 26 19 14
250 1130 52 24 juni
320 1130 55 20 1918
394 1130 39 23 (nr
449 1130 52 23 422)
520 1136 38 14 om
574 1130 164 25 fattigvården,
753 1130 37 25 lag
804 1136 38 14 om
857 1131 89 19 ändrad
962 1130 86 25 lydelse

208 1165 28 14 av
249 1160 26 19 32
291 1159 9 23 $
315 1159 168 25 epidemilagen
496 1160 44 19 den
555 1160 26 19 19
593 1159 52 25 juni
660 1160 55 19 1919
732 1160 39 23 (nr
784 1159 63 24 443),
860 1160 138 25 förordning
1010 1165 37 15 om

207 1189 89 19 ändrad
309 1189 86 25 lydelse
406 1195 28 14 av
446 1189 26 20 15
485 1189 9 22 $
507 1189 305 25 tuberkulosförordningen
824 1190 44 19 den
879 1189 25 20 31
918 1195 62 14 mars
992 1189 55 20 1939

211 1219 38 22 (nr
266 1218 63 23 113),
344 1218 138 25 förordning
497 1224 51 19 ang.
564 1219 88 19 ändrad
668 1219 86 24 lydelse
769 1224 28 14 av
811 1219 27 20 33
855 1219 9 22 $
881 1218 166 26 förordningen

207 1248 44 20 den
262 1248 27 20 29
301 1254 62 14 mars
376 1248 54 20 1946
444 1248 39 23 (nr
493 1248 39 24 99)
545 1254 38 14 om
594 1248 173 25 familjebidrag
777 1248 23 20 åt
810 1248 157 25 värnpliktiga
977 1254 30 15 m.
1018 1254 29 14 m.

210 1277 348 25 (familjebidragsförordning)
577 1278 44 19 och
637 1277 137 26 förordning
789 1283 51 20 ang.
857 1278 89 20 ändrad
962 1278 86 25 lydelse

208 1313 27 14 av
249 1307 27 20 30
292 1307 9 22 $
317 1307 167 25 förordningen
498 1307 44 20 den
555 1307 25 20 21
596 1307 48 20 dec.
659 1307 55 20 1945
731 1308 39 21 (nr
783 1307 53 24 823)
853 1313 38 14 om
904 1307 142 25 nöjesskatt;

207 1336 43 20 och
271 1337 96 24 antager
387 1336 39 21 RD
447 1336 36 20 för
503 1336 36 20 sin
559 1337 35 20 del
615 1336 36 25 lag
670 1342 37 14 om
727 1337 89 20 ändrad
837 1337 86 25 lydelse
942 1343 28 14 av
989 1337 25 20 21
1037 1337 10 23 8

206 1366 201 25 värnpliktslagen
423 1367 44 19 den
484 1366 27 20 30
527 1366 48 20 dec.
593 1366 53 20 1941
667 1367 40 22 (nr
723 1366 53 24 967)
799 1366 169 25 (ändringarna
984 1367 64 20 inne-

207 1396 57 20 bära
277 1396 35 20 att
325 1396 159 20 besvärstiden
498 1396 38 20 vid
550 1396 63 20 talan
628 1397 48 19 mot
690 1396 146 20 förvaltande
850 1396 147 26 myndighets
1011 1397 37 20 be-

207 1426 48 20 slut
270 1426 67 22 skall,
353 1432 37 13 om
406 1425 21 25 ej
444 1427 72 19 annat
532 1426 69 25 följer
616 1432 28 13 av
659 1426 37 24 lag
710 1426 55 20 eller
780 1426 148 25 författning,
943 1432 55 14 vara
1013 1427 35 20 tre

206 1455 85 20 veckor
308 1455 52 20 från
377 1455 161 25 delgivningen
556 1457 60 18 samt
632 1456 36 19 för
685 1456 116 24 menighet
818 1455 46 21 fem
880 1456 91 23 veckor,
987 1457 61 19 samt

206 1485 164 20 bestämmelse
384 1491 38 14 om
437 1491 89 14 samma
541 1485 128 20 besvärstid
685 1485 36 20 för
735 1485 61 20 vissa
810 1485 76 20 beslut
900 1491 28 14 av
942 1486 106 19 kommu-

206 1515 54 20 nala
269 1515 136 23 nämnder).

160 1558 174 21 BETALNING.

208 1588 39 20 RD
261 1589 95 24 antager
369 1588 37 25 lag
418 1593 51 20 ang.
482 1589 95 20 fortsatt
589 1589 105 25 giltighet
706 1595 28 14 av
747 1589 65 25 lagen
824 1590 44 19 den
882 1590 26 19 16
921 1589 57 20 febr.
992 1589 56 21 19341
1071 1588 27 22 51]
1138 1590 26 20 37
1173 1584 26 34 |
1212 1602 25 2 —!|
1277 1602 25 2 —I
1343 1590 13 20 9)
1391 1591 9 19 11
1435 1590 26 21 101
1499 1590 28 20 461
1557 1590 58 20 8::54
1623 1584 26 34 |
1658 1590 58 20 8:109

211 1618 39 22 (nr
263 1618 37 23 19)
316 1624 37 13 om
367 1618 145 25 fullgörande
524 1619 6 19 i
542 1618 61 20 vissa
616 1618 40 20 fall
668 1625 28 13 av
707 1618 265 26 betalningsskyldighet
983 1620 7 19 i
1002 1619 45 20 för-
1240 1630 2 2 f

207 1647 110 20 hållande
329 1647 35 20 till
377 1648 106 20 utlandet
496 1654 29 14 m.
539 1654 30 14 m;

208 1688 39 20 RD
260 1689 96 24 antager
369 1689 36 24 lag
418 1694 51 20 ang.
482 1689 95 20 fortsatt
589 1689 105 25 giltighet
706 1696 27 13 av
746 1690 65 25 lagen
824 1690 44 20 den
883 1690 25 20 16
921 1690 57 20 febr.
992 1690 55 20 19341
1070 1689 30 22 53|
1137 1691 29 20 461
1211 1703 26 2 —I|
1277 1703 25 2 —I
1342 1691 13 20 91
1392 1691 8 20 11
1435 1690 26 21 131
1498 1691 28 21 601
1557 1690 20 21 8:
1593 1695 22 16 52
1658 1691 21 20 1.8:
1695 1695 22 15 64

210 1718 40 23 (nr
263 1718 37 23 19)
315 1724 38 14 om
366 1718 146 25 fullgörande
523 1719 7 19 i
542 1718 61 21 vissa
615 1719 41 19 fall
668 1725 28 13 av
707 1719 265 25 betalningsskyldighet
983 1720 6 19 i
1002 1719 45 20 för-

206 1747 109 20 hållande
325 1748 34 19 till
369 1748 106 20 utlandet
485 1754 29 14 m.
525 1754 29 14 m.

208 1789 39 19 RD
260 1790 96 24 antager
369 1789 36 25 lag
417 1794 52 20 ang.
482 1789 95 21 fortsatt
589 1790 105 24 giltighet
706 1796 28 14 av
746 1790 65 25 lagen
824 1790 44 20 den
882 1790 26 20 16
921 1790 57 20 febr:
992 1789 108 22 19341'55|
1137 1792 28 20 231
1212 1804 25 2 —1
1277 1804 26 2 —T1
1342 1792 13 20 9!
1391 1792 9 20 11
1449 1792 12 20 51
1499 1792 27 20 551
1557 1792 58 20 4:117
1623 1785 27 35 |
1658 1792 21 20 5:
1695 1796 10 15 8

210 1819 40 22 (nr
263 1818 37 23 19)
315 1824 38 14 om
366 1818 146 25 fullgörande
523 1819 7 20 i
542 1819 61 20 vissa
616 1819 40 20 fall
668 1825 27 14 av
707 1819 264 26 betalningsskyldighet
983 1820 6 20 i
1001 1820 46 20 för-

206 1847 109 21 hållande
325 1848 34 20 till
370 1848 106 20 utlandet
486 1854 29 14 m.
525 1854 30 14 m.

208 1897 39 19 RD
260 1897 96 24 antager
369 1897 36 24 lag
418 1902 51 20 ang.
482 1897 95 20 fortsatt
589 1897 105 25 giltighet
706 1903 27 14 av
746 1897 65 25 lagen
824 1897 44 20 den
883 1897 25 20 16
920 1897 58 20 febr.
992 1897 55 20 19341
1071 1897 29 22 57]
1139 1899 26 20 17.1]
1212 1911 26 2 —I
1277 1911 26 2 —1
1342 1899 58 21 91-11:
1449 1899 12 20 51
1499 1899 79 20 6615:
1595 1904 19 15 11
1623 1893 21 33 :|
1658 1899 21 20 5:
1696 1903 21 15 19

210 1927 40 22 (nr
263 1926 37 24 19)
315 1932 38 14 om
366 1926 146 25 fullgörande
524 1927 6 19 i
542 1927 61 19 vissa
616 1927 40 19 fall
668 1933 28 13 av
707 1926 282 26 betalningsskyldighet
968 1922 27 34 i
1002 1926 45 21 för-

206 1955 110 21 hållande
325 1956 35 20 till
370 1956 106 20 utlandet
486 1962 29 14 m.
526 1962 29 14 m.

208 2004 39 20 RD
261 2005 95 24 antager
370 2004 36 25 lag
418 2009 51 19 ang.
483 2004 94 20 fortsatt
589 2004 105 25 giltighet
706 2010 28 13 av
746 2004 65 25 lagen
824 2004 44 20 den
883 2004 25 20 16
921 2003 57 21 febr.
992 2003 55 21 19341
1071 2003 30 23 59]
1140 2006 26 21 131
1213 2018 25 2 —I
1278 2018 26 2 —JI
1343 2006 13 20 9)
1392 2006 9 20 11
1450 2006 12 21 31
1500 2006 27 20 621
1558 2006 20 20 3:
1594 2010 22 16 25
1625 1999 23 35 |
1659 2006 21 20 3:
1696 2010 20 16 51

211 2034 39 22 (nr
263 2034 37 23 19)
316 2039 37 14 om
366 2033 146 25 fullgörande
523 2033 6 20 i
542 2034 61 19 vissa
616 2033 39 20 fall
668 2039 27 14 av
707 2033 264 25 betalningsskyldighet
983 2034 6 19 i
1002 2033 45 20 för-

207 2063 109 20 hållande
326 2063 34 20 till
370 2063 105 20 utlandet
486 2069 29 13 m.
526 2069 29 13 m.

209 2093 27 20 Se
246 2093 43 19 ock
299 2092 109 25 Sjölagen
422 2092 90 23 (1953).
