1835 2352
171 146 28 21 14
903 151 136 15 SAKREGISTER

1499 221 54 17 Riks-

1489 246 72 31 dagens
1618 251 119 17 Kamrarnas

1493 277 56 30 skri-
1604 281 145 22 förhandlingar

1495 311 63 17 velser

1332 239 95 17 Utskotts-

1161 264 108 32 Motioner
1320 268 112 18 utlåtanden

1296 299 47 17 eller
1355 298 99 18 memorial

1057 244 23 145 1BSTLPsAIA

1592 365 68 17 Första
1664 360 24 32 |
1694 364 66 18 Andra

1589 389 71 17 kamm.
1663 385 24 30 |
1690 389 72 17 kamm.

1116 291 17 105 T9S[9ATIIYS
1116 232 17 47 199

1135 361 17 54 "dozd
1135 289 22 65 sy:lem
1135 214 22 70 ung

1177 376 87 17 FKIAK

1330 365 17 47 "PAy

1384 376 17 16 A

1384 393 12 10 2

1289 358 17 57 TUBS

1444 366 17 44 eps

1497 376 17 27 IN

1546 366 17 45 BpIS

187 428 152 22 Alkoholister.

233 458 34 21 till
283 459 138 21 anordnande
437 466 26 14 av
478 460 94 20 erkända
587 460 218 21 alkoholistanstalter
821 462 30 19 ett
866 462 61 19 extra
937 467 89 14 reserva-
1043 459 55 21 1923

232 489 132 26 tionsanslag
377 496 27 14 av
418 489 26 21 10
454 489 42 21 000
508 490 39 24 kr.,
558 492 57 19 samt
625 490 33 21 till
670 491 131 26 sakkunnigt
811 491 83 20 biträde
905 491 38 20 hos
954 491 72 20 social-

232 519 105 26 styrelsen
357 519 33 20 för
408 519 93 21 ärenden
519 521 39 19 rör.
579 520 195 21 alkoholistvården
790 522 30 19 ett
836 522 60 19 extra
911 521 75 25 anslag
1001 528 26 13 av

233 548 65 25 3,600
314 549 39 24 kr.;
370 549 40 20 och
426 549 109 26 medgiver
550 550 37 20 RD
604 550 44 20 dels
665 552 32 18 att
710 557 26 13 av
748 550 151 21 ovannämnda
909 551 74 25 anslag
993 550 34 21 till

233 579 94 20 erkända
337 579 40 20 och
388 579 98 20 enskilda
496 579 228 21 alkoholistanstalters
735 580 167 21 driftkostnader
910 581 36 19 må
954 580 74 20 kunna

232 608 33 21 till
282 609 94 20 erkända
391 609 223 21 alkoholistanstalten
629 610 103 20 Hemmet
745 610 141 26 Gunnarskog
897 610 33 20 för
941 610 85 26 budget-

232 639 45 19 året
293 637 127 29 1923/1924
435 640 51 25 utgå
502 639 74 26 bidrag
591 639 33 21 till
640 639 196 21 driftkostnaderna
852 640 49 20 med
912 640 20 27 ej
944 640 83 20 mindre

234 670 31 18 ett
282 668 79 27 belopp
377 675 26 14 av
419 675 26 14 en
461 669 66 20 krona
542 669 33 20 för
591 669 41 27 dag
647 670 40 20 och
703 670 116 26 vårdplats,
836 672 27 18 än
879 672 53 18 även
949 672 30 18 ett
994 670 33 20 be-

232 698 51 27 lopp
299 699 33 20 för
347 698 100 26 vårddag,
464 705 46 14 som
526 699 50 20 med
592 706 26 14 en
634 699 67 21 krona
716 700 133 26 understiger
865 700 36 20 det
911 700 33 20 till
956 700 71 26 övriga

233 728 94 20 erkända
342 728 218 21 alkoholistanstalter
576 729 105 26 utgående
697 730 156 25 statsbidraget,
869 729 46 21 dels
931 732 31 18 att
975 736 51 19 upp-

232 758 103 20 kommen
350 758 125 26 behållning
490 759 28 26 på
531 759 36 20 det
577 760 12 19 å
601 759 57 20 1922
669 760 33 20 års
713 760 88 20 riksstat
811 761 109 25 upptagna
930 759 96 26 förslags-

232 788 102 27 anslaget,
353 788 69 26 högst,
440 788 42 20 100
492 788 42 21 000
551 789 38 25 kr.,
606 789 34 20 till
655 789 117 21 understöd
787 790 22 19 åt
827 789 199 27 nykterhetsnämn-

232 818 66 20 derna
313 825 28 13 m.
358 825 28 13 m.
403 819 37 19 må
455 818 33 20 för
500 825 83 14 samma
593 819 100 20 ändamål
704 819 109 21 användas
824 819 68 20 under
902 819 125 26 budgetåret

233 847 134 29 1923/1924,
387 850 57 18 samt
460 850 31 19 att
506 848 54 27 jord,
578 855 46 14 som
640 850 43 19 står
698 849 69 20 under
782 849 93 20 kronans
891 849 136 20 omedelbara

231 877 128 27 disposition
375 878 51 20 eller
442 885 46 13 som
503 878 74 21 tillhör
592 879 69 25 någon
677 885 27 14 av
719 879 27 20 de
761 879 68 20 under
844 879 56 20 bruk
915 879 39 20 och
969 879 57 26 berg-

231 908 52 20 verk
298 908 34 20 för
347 908 75 26 nödigt
438 908 113 27 skogsfång
566 909 105 26 upplåtna
686 909 157 26 allmänningar
859 909 51 20 eller
920 909 70 26 någon
1000 916 27 13 av

231 938 27 20 de
268 944 76 20 genom
356 938 195 26 domänstyrelsens
561 938 81 27 försorg
652 939 164 20 utarrenderade
824 939 202 26 kronoegendomar,

231 968 60 20 vilka
305 968 47 20 icke
366 968 105 26 upplåtits
483 968 34 20 till
527 968 100 21 förenade
638 969 318 24 mötespassevolanskassornas
966 968 60 25 fond,

231 998 127 20 stuterierna
373 998 52 20 eller
440 998 109 20 Vadstena
564 998 221 26 krigsmanshusfond,
802 999 43 24 må,
861 999 54 20 efter
930 1005 26 13 av
966 998 61 20 KM:t

231 1028 7 20 i
255 1028 58 26 varje
329 1028 87 20 särskilt
430 1028 39 20 fall
485 1028 117 21 verkställd
617 1029 111 25 prövning,
744 1031 53 17 utan
808 1028 91 21 särskild
910 1029 117 25 ersättning

232 1056 33 20 till
288 1057 83 20 kronan
395 1057 28 26 på
441 1057 25 20 de
482 1057 78 20 villkor
575 1058 8 19 i
599 1058 74 25 övrigt,
689 1058 62 20 KM:t
766 1058 43 20 kan
824 1058 60 20 finna
899 1057 79 26 skäligt
994 1057 32 20 be-

231 1088 100 22 stämma,
348 1087 100 26 upplåtas
464 1087 33 19 till
510 1087 115 26 landsting,
637 1087 111 25 kommun,
759 1087 104 26 förening,
875 1087 89 21 stiftelse
976 1087 51 20 eller

231 1123 72 13 annan
319 1116 33 20 för
368 1116 137 21 anordnande
521 1123 26 14 av
563 1117 81 20 allmän
660 1117 200 20 alkoholistanstalt.

190 1198 7 15 1
216 1193 43 20 Till
282 1193 168 21 driftkostnader
473 1194 33 19 för
528 1195 80 18 statens
631 1193 132 21 vårdanstalt
785 1194 33 20 för
836 1194 137 20 alkoholister
990 1193 36 21 vid
1040 1192 115 22 1924]1:5
1294 1189 53 23 6:14
1400 1192 12 20 15)
1446 1192 82 21 ISA
1565 1185 26 37 1.
1594 1192 135 20 20:88:19:
1740 1195 24 15 81

232 1223 95 26 Svartsjö
351 1223 85 20 anvisas
457 1223 33 20 för
516 1223 124 26 budgetåret
664 1222 125 28 1924/1925
809 1225 30 19 ett
855 1225 59 18 extra
929 1223 97 26 förslags-
1111 1227 46 22 p.18

232 1252 74 27 anslag
322 1259 26 14 av
364 1252 27 20 15
401 1252 43 21 000
460 1253 31 20 kr.

189 1335 9 14 2
216 1329 43 20 Till
274 1329 167 21 driftkostnader
456 1330 33 20 för
505 1331 79 19 statens
595 1330 133 20 vårdanstalt
737 1330 34 20 för
781 1330 138 20 alkoholister
929 1330 7 20 i
947 1330 79 20 Lands-|
1064 1338 9 10 »
1114 1328 41 21 |1:5
1293 1327 12 20 6
1337 1328 10 20 1-1]
1401 1328 11 20 --51
1446 1329 82 20 1t7|5A|
1553 1328 74 21 Sf20
1638 1326 90 23 519:

232 1359 66 21 krona
314 1360 84 20 anvisas
412 1360 34 20 för
461 1359 126 27 budgetåret
605 1358 124 29 1924/1925
746 1362 31 18 ett
792 1361 60 19 extra
863 1360 164 26 förslagsanslag
1111 1363 45 23 p.19

233 1396 26 13 av
275 1389 12 20 2
298 1389 41 20 000
356 1390 31 20 kr.

190 1471 9 15 3
217 1467 42 20 För
277 1467 124 25 budgetåret
420 1465 126 29 1924/1925
566 1467 84 20 anvisas
669 1467 34 20 till
721 1467 125 26 avlöningar
861 1467 40 20 och
917 1467 108 20 vikariats-|
1063 1474 9 11 »
1113 1466 41 20 |1:5
1294 1464 11 20 6!)
1336 1465 11 20 1|
1399 1465 12 20 5|
1445 1470 24 16 1815
1488 1466 75 20 Al10o]
1593 1465 69 20 20:52
1695 1463 68 21 19:21

233 1497 140 25 ersättningar
388 1497 22 20 åt
425 1497 209 26 befattningshavare
650 1496 37 21 vid
700 1498 79 19 statens
790 1496 133 21 vårdanstalt
933 1497 12 19 å
957 1497 68 19 Venn-
1110 1501 46 22 p-20

231 1532 52 19 garn
306 1527 33 19 för
361 1526 138 21 alkoholister
516 1528 31 18 ett
562 1528 60 18 extra
637 1526 74 26 anslag
726 1533 26 13 av
768 1526 27 20 41
806 1526 42 20 445
864 1526 39 24 kr.,
920 1528 57 18 samt
992 1526 34 20 till

232 1556 74 25 bidrag
321 1556 34 20 till
370 1556 206 20 driftskostnaderna
590 1557 7 19 i
611 1556 68 26 övrigt
694 1556 37 20 vid
741 1562 83 14 samma
835 1556 80 20 anstalt
925 1557 31 19 ett
967 1558 59 18 extra

231 1586 165 26 förslagsanslag
411 1593 26 13 av
454 1586 27 20 32
491 1586 42 20 300
549 1586 32 20 kr.

188 1661 10 16 4
216 1657 41 20 För
281 1657 124 26 budgetåret
430 1656 125 27 1924/1925
579 1657 85 21 anvisas
688 1658 69 19 såsom
782 1657 74 26 bidrag
879 1657 33 20 till
932 1656 94 21 erkända
1030 1652 9 36 |
1063 1664 10 11 »
1113 1656 42 20 |1:5
1293 1655 53 20 6/11
1399 1656 13 20 51
1445 1656 55 20 1815
1509 1656 55 20 Al1o0]
1593 1654 69 21 20:52)
1696 1654 67 21 19:21

231 1687 40 20 och
287 1687 97 20 enskilda
399 1687 229 20 alkoholistanstalters
641 1687 167 20 driftkostnader
818 1688 31 19 ett
859 1688 60 19 extra
929 1686 96 26 förslags-
1111 1690 45 23 p.21

231 1717 75 26 anslag
323 1723 27 14 av
368 1716 79 21 90000
466 1717 39 24 kr.,
524 1716 34 21 till
575 1716 135 21 bestridande
725 1723 27 14 av
768 1718 80 19 statens
863 1716 115 20 kostnader
993 1716 33 20 för

230 1746 76 26 farliga
321 1746 144 25 alkoholister,
481 1746 168 26 handräckning,
666 1746 192 25 läkarutlåtanden,
874 1747 151 20 vittnesersätt-

230 1777 76 25 ningar
322 1783 28 13 m.
365 1783 28 14 m.
406 1778 30 18 ett
452 1778 59 18 extra
526 1776 164 26 förslagsanslag
706 1783 26 14 av
744 1776 11 20 5
766 1776 41 21 000
819 1776 38 25 kr.,
870 1777 70 19 såsom
953 1776 74 25 bidrag

230 1806 34 20 till
280 1806 137 20 anordnande
433 1813 26 13 av
475 1806 94 20 erkända
585 1806 217 20 alkoholistanstalter
818 1808 30 18 ett
863 1808 60 18 extra
936 1812 90 14 reserva-

230 1836 132 26 tionsanslag
369 1843 27 13 av
406 1836 26 20 10
442 1835 42 21 000
493 1836 38 24 kr.,
540 1836 34 20 till
581 1836 131 26 sakkunnigt
721 1836 81 20 biträde
810 1836 39 20 hos
856 1835 169 27 socialstyrelsen

230 1866 33 20 för
273 1866 93 20 ärenden
376 1865 90 21 rörande
477 1865 195 21 alkoholistvården
682 1867 32 19 ett
724 1868 60 18 extra
795 1866 74 26 anslag
877 1872 26 14 av
913 1866 12 19 3
935 1865 42 21 600
987 1865 38 24 kr.;

230 1896 40 20 och
286 1896 109 26 medgiver
410 1896 38 20 RD
464 1895 46 21 dels
525 1897 32 19 att
572 1902 27 14 av
614 1896 96 25 anslaget
725 1895 34 20 till
773 1895 94 21 erkända
877 1896 40 19 och
928 1895 98 20 enskilda

230 1925 231 21 alkoholistanstalters
484 1925 168 20 driftkostnader
670 1926 36 19 må
721 1925 74 20 kunna
811 1925 33 21 till
861 1925 93 20 erkända
970 1925 56 20 alko-

230 1955 172 21 holistanstalten
425 1955 103 20 Hemmet
550 1955 142 26 Gunnarskog
709 1955 33 20 för
757 1955 126 26 budgetåret
900 1953 125 29 1924/1925

229 1986 51 25 utgå
296 1985 75 26 bidrag
386 1985 34 20 till
436 1984 195 21 driftkostnaderna
646 1985 50 20 med
706 1985 19 26 ej
738 1985 83 20 mindre
833 1986 30 19 ett
873 1985 78 25 belopp
963 1991 26 13 av
1000 1990 26 14 en

230 2015 66 20 krona
312 2015 34 20 för
361 2014 41 27 dag
412 2015 40 20 och
463 2014 116 26 vårdplats,
592 2016 26 18 än
629 2016 54 19 även
694 2016 30 19 ett
736 2015 78 26 belopp
825 2015 32 19 för
867 2014 101 26 vårddag,
980 2020 46 14 som

229 2045 51 20 med
295 2051 26 14 en
337 2045 67 20 krona
414 2044 133 26 understiger
558 2044 35 20 det
604 2044 33 20 till
648 2045 72 25 övriga
730 2044 94 20 erkända
834 2043 192 21 alkoholistanstal-
