1841 2356
156 144 51 62 |:

173 144 13 20 oo

185 150 24 9 ee”

893 152 135 16 SAKREGISTER

1105 216 41 35 HA
1486 223 47 17 Riks

1052 246 17 27 2
1105 249 36 26 ER
1204 270 3 4 :
1319 237 94 42 Utskotte:
1476 245 72 35 dagens
1606 253 117 18 Kamrarnas

1052 277 16 12 x
1105 272 11 9 |”
1163 270 94 18 [Motioner
1307 266 112 32 utlåtanden
1502 283 27 17 ER
1591 283 95 17 förhandli

1051 293 18 26 2
1105 291 40 25 FR
1283 300 47 18 eller
1342 301 99 17 memorial
1491 288 9 12 FE
1612 289 123 17 Seiler

1051 323 12 11 »
1105 313 40 24 [32
1483 313 62 18 velser

1046 338 17 24 3
1104 335 40 30 JE
1277 360 17 12 e

1051 366 17 12 &
1104 364 36 12 lag
1277 366 58 19 Tr
1436 360 6 32 op
1533 368 17 19 el
1579 367 67 17 Första
1652 362 22 29 |
1680 367 65 18 Andra

1051 382 11 9 =
1104 377 32 40 28
1165 378 87 17 ARE
1277 386 16 32 2
1318 384 18 31 å
1376 374 9 44 Zz
1436 385 13 33 rr
1486 378 16 27 4
1533 389 17 25 &
1549 385 13 33 |
1576 391 70 18 kamm.
1646 385 26 33 |
1677 392 70 17 kamm.

175 427 188 28 Hospitalsväsen.

177 464 9 15 4
204 458 42 21 Till
270 459 65 27 inköp
354 466 26 14 av
397 459 43 21 viss
456 459 102 26 fastighet
573 460 33 20 för
622 460 115 26 Strängnäs
753 461 104 26 hospitals
873 461 91 26 räkning
980 468 34 13 an-
1029 462 56 21 1928]
1102 463 41 20 145
1281 464 12 20 61
1324 464 74 20 11106
1473 464 40 20 192
1579 464 69 20 28:22)
1681 464 68 21 31:78

218 489 56 20 visas
297 489 33 20 för
349 489 125 26 budgetåret
494 488 125 29 1928/1929
636 492 30 19 ett
682 492 60 19 extra
757 491 216 26 reservationsanslag
989 498 25 14 av

220 518 78 21 27500
315 519 31 20 kr.

176 589 10 16 5
204 585 38 20 RD
259 585 96 20 anhåller
370 591 35 14 om
422 585 145 27 övervägande
583 586 40 20 och
639 586 121 21 eventuella
775 586 79 26 förslag
865 586 88 21 rörande
964 587 49 20 fort-
1014 581 14 35 |
1052 596 9 10 »
1173 589 28 20 58|
1227 588 27 21 991
1281 589 11 20 61
1323 589 75 21 11145
1471 589 41 21 278
1578 589 33 20 36:
1623 595 24 15 49
1652 585 19 35 |
1679 589 33 20 39:
1724 594 24 15 44

219 615 104 26 sättande,
347 615 120 26 respektive
492 615 127 27 utvidgning
643 623 26 13 av
692 616 41 20 den
755 616 33 20 för
811 616 202 27 sinnessjukvården

218 645 147 26 organiserade
384 645 213 21 lantbrukskolonien
613 646 36 21 vid
665 646 120 26 Korsberga
800 647 7 19 i
820 646 134 27 Jönköpings
970 646 42 21 län.

176 716 9 15 6
204 711 37 20 RD
264 711 94 21 besluter
373 713 32 19 att
421 711 35 21 det
472 718 26 15 av
514 712 167 20 Västmanlands
697 712 99 26 trängkår
811 712 89 26 tidigare
916 712 96 26 dispone-|
1051 721 9 11 »
1101 713 41 21 1165
1158 714 94 21 /303/517]
1280 715 12 20 6|
1324 715 74 21 1/170
1470 715 40 20 287
1563 715 33 20 37:
1607 715 90 20 108d/19:
1708 715 48 20 112d

219 741 50 21 rade
284 741 260 21 kasernetablissementet
559 742 7 20 i
582 742 49 20 Sala
647 742 55 20 skall
717 742 33 20 för
766 748 25 14 en
804 742 107 20 beräknad
922 742 91 21 kostnad
1664 745 32 20 40:
1708 745 41 20 45d

219 778 26 14 av
260 771 63 26 högst
339 771 65 21 1264
413 771 42 21 000
471 772 31 20 kr.
514 771 113 21 omändras
638 772 34 20 till
683 772 79 20 anstalt
773 772 33 20 för
817 772 94 26 manliga
922 772 91 20 asociala

219 801 114 25 imbecilla,
350 801 79 21 avsedd
448 802 32 20 för
496 802 67 20 minst
579 801 41 21 370
637 802 138 26 vårdplatser,
792 804 56 18 samt
863 804 31 19 att
909 802 57 27 förty
977 802 37 21 det

219 831 33 20 för
267 831 95 21 nämnda
378 832 79 20 anstalt
473 831 93 21 avsedda
581 832 96 20 området
687 833 67 26 jämte
766 832 51 20 därå
828 832 115 26 befintliga,
952 832 62 20 KM:t

219 861 39 20 och
275 862 80 20 kronan
372 862 108 26 tillhöriga
496 861 122 27 byggnader
628 874 25 2 —
663 862 50 20 med
729 862 56 21 vissa
801 862 92 26 angivna
903 862 110 26 undantag

219 903 29 3 —
264 891 55 21 skall
335 892 25 20 fr.
377 898 18 14 o.
413 899 27 13 m.
457 892 41 20 den
516 892 10 20 1
543 892 41 27 juli
603 892 55 20 1928
674 892 106 20 överföras
791 892 47 20 från
849 892 163 21 försvarsväsen-

220 921 44 24 det;
289 922 39 20 och
346 922 92 20 besluter
453 922 45 25 RD,
515 923 31 19 att
562 922 35 20 det
613 929 26 14 av
655 922 54 21 Svea
724 922 100 26 trängkår
840 922 88 26 tidigare
944 922 69 27 dispo-

219 951 77 21 nerade
320 952 260 20 kasernetablissementet
602 952 8 20 i
634 948 78 25 Örebro
736 952 55 20 skall
814 953 34 19 för
863 959 26 13 en
905 952 108 20 beräknad

220 981 91 21 kostnad
327 988 26 14 av
369 982 61 26 högst
448 981 64 21 1354
520 981 42 21 000
578 982 31 20 kr.
626 982 113 20 omändras
755 982 34 21 till
804 982 80 21 anstalt
896 982 33 20 för
939 982 74 21 kvinn-

219 1011 43 26 liga
285 1012 92 20 asociala
395 1012 115 25 imbecilla,
527 1011 79 21 avsedd
622 1012 33 20 för
670 1013 67 19 minst
753 1012 42 20 350
811 1012 132 27 vårdplatser
959 1013 56 19 samt

220 1043 31 19 att
267 1042 56 25 förty
339 1042 36 20 det
390 1042 33 20 för
438 1042 106 20 anstalten
556 1041 93 21 avsedda
659 1042 96 20 området
765 1043 67 25 jämte
844 1042 51 20 därå
905 1041 110 26 befintliga

219 1071 62 20 KM:t
296 1071 40 20 och
352 1071 82 20 kronan
449 1071 108 25 tillhöriga
569 1071 121 26 byggnader
701 1083 29 3 —
740 1071 55 21 dock
806 1071 50 21 med
867 1072 52 20 visst
930 1072 85 25 angivet

219 1100 111 27 undantag
346 1112 28 3 —
390 1101 55 20 skall
461 1101 25 20 fr.
504 1107 19 14 o.
540 1108 28 13 m.
586 1100 41 21 den
644 1101 11 20 1
672 1101 41 27 juli
731 1101 56 20 1928
799 1101 106 21 överföras
916 1101 47 20 från
974 1101 39 20 för-

219 1130 170 25 svarsväsendet;
414 1131 40 20 och
474 1130 93 21 besluter
582 1131 38 20 RD
636 1133 32 19 att
683 1131 35 21 det
735 1138 26 14 av
777 1131 102 26 Västgöta
894 1133 120 24 regemente

219 1160 89 26 tidigare
324 1160 140 27 disponerade
480 1160 259 22 kasernetablissementet
753 1161 7 20 i
772 1161 133 26 Vänersborg
916 1160 54 21 skall
981 1161 33 19 för

219 1196 26 14 en
263 1190 108 20 beräknad
386 1190 92 21 kostnad
494 1197 26 14 av
536 1190 62 26 högst
614 1191 12 19 2
637 1191 42 20 525
689 1191 42 20 000
748 1191 31 20 kr.
796 1190 113 21 omändras
925 1190 34 20 till
973 1191 40 20 sin-

220 1220 174 26 nessjukanstalt,
411 1220 79 21 avsedd
506 1220 33 20 för
555 1220 66 20 minst
636 1220 43 21 850
695 1220 138 26 vårdplatser,
850 1222 56 19 samt
916 1222 32 18 att
957 1220 57 26 förty

219 1249 36 20 det
278 1250 33 20 för
329 1250 106 21 anstalten
452 1250 93 21 avsedda
560 1250 97 21 området
671 1251 68 26 jämte
755 1250 51 21 därå
822 1250 115 26 befintliga,
953 1250 61 20 KM:t

219 1280 40 20 och
274 1280 82 20 kronan
373 1280 108 26 tillhöriga
497 1279 122 28 byggnader
635 1280 54 20 skall
705 1281 25 19 fr.
748 1287 18 13 o.
783 1287 29 13 m.
824 1280 41 20 den
878 1280 10 20 1
903 1280 41 27 juli
957 1279 56 21 1928

220 1310 106 20 överföras
347 1310 48 20 från
416 1309 203 25 försvarsväsendet;
644 1311 39 20 och
706 1310 69 21 avslår
794 1310 37 20 RD
847 1310 72 20 KM:ts
935 1309 79 26 förslag

219 1346 35 13 om
273 1339 134 27 uppförande
424 1346 26 14 av
465 1341 31 19 ett
511 1339 94 27 hospital
621 1340 12 20 å
648 1340 57 21 vissa
720 1340 149 21 ecklesiastika
885 1339 105 21 boställen
1006 1340 7 19 i

219 1369 69 20 Umeå
303 1370 84 24 socken;
403 1370 41 20 och
460 1370 84 20 anvisas
555 1369 69 21 under
635 1370 33 21 5:e
678 1370 47 26 HT,
737 1369 141 27 avdelningen
889 1369 122 21 medicinal-

220 1401 68 18 staten
305 1401 56 19 samt
376 1400 67 20 hälso-
460 1400 41 20 ooh
517 1399 137 27 sjukvården,
671 1399 210 27 underavdelningen
892 1399 120 27 sjukvårds-

220 1429 136 25 anstalterna,
381 1429 33 21 till
438 1430 227 26 hospitalsbyggnader
686 1430 33 20 för
743 1429 124 27 budgetåret
886 1428 126 29 1928/1929

220 1461 30 18 ett
265 1461 60 19 extra
340 1459 214 27 reservationsanslag
571 1466 26 14 av
613 1459 65 21 3500
688 1459 42 21 000
741 1460 31 20 kr.

205 1513 53 25 Ang.
283 1513 97 26 åtgärder
402 1513 33 20 till
457 1513 71 27 skydd
549 1514 7 19 i
580 1514 56 20 vissa
655 1513 38 21 fall
709 1514 33 20 för
758 1514 91 21 svenska
865 1513 148 26 medborgares
1014 1509 10 35 |
1051 1520 8 11 >

219 1543 73 24 frihet;
310 1549 22 14 se
343 1542 189 27 Interpellationer
547 1542 35 29 (8).

178 1606 7 16 1
205 1602 37 20 RD
266 1602 45 21 dels
334 1603 110 24 förklarar,
469 1605 31 18 att
523 1603 208 25 befattningshavare
754 1602 36 21 vid
810 1602 40 20 den
867 1609 26 14 av
908 1602 56 20 1928
980 1603 33 19 års
1028 1601 113 22 |1929]1:5]|
1173 1601 25 20 211
1226 1602 26 20 411
1280 1602 12 20 61
1323 1602 9 20 11]
1385 1603 12 19 51
1429 1607 25 15 4815
1473 1603 74 19 Aj20]
1577 1603 69 19 22:19
1647 1597 57 36 129:
1715 1602 41 20 23d

219 1632 87 26 riksdag
321 1632 111 21 beslutade
447 1632 107 21 anstalten
570 1633 7 19 i
593 1632 49 21 Sala
656 1633 33 20 för
699 1632 94 26 manliga
804 1632 91 20 asociala
905 1632 109 20 imbecilla
1099 1636 45 23 p.46

220 1662 61 20 skola
302 1662 7 20 i
333 1662 154 27 anställnings-,
511 1662 117 26 avlönings-
651 1663 39 20 och
714 1662 221 26 pensionshänseende
953 1668 61 14 anses

220 1692 85 20 tillhöra
322 1692 124 27 personalen
464 1692 35 21 vid
515 1692 93 26 hospital
624 1692 39 21 och
679 1692 75 27 asyler;
767 1692 39 20 och
819 1692 93 21 besluter
923 1692 37 20 RD
971 1692 43 20 viss

220 1721 90 27 ändring
333 1722 7 20 i
364 1722 26 20 de
409 1729 26 14 av
452 1722 56 20 1922
525 1723 33 19 års
574 1722 86 26 riksdag
675 1722 113 26 godkända
803 1722 105 20 särskilda
924 1722 89 20 bestäm-

220 1751 106 21 melserna
349 1752 132 21 beträffande
503 1753 130 26 tjänstemän
657 1752 37 21 vid
713 1752 93 27 hospital
823 1752 39 20 och
879 1751 78 27 asyler;
974 1751 39 21 och

220 1781 123 26 godkänner
358 1782 38 20 RD
412 1784 42 19 stat
470 1782 33 20 för
513 1782 93 26 hospital
617 1782 39 20 och
668 1782 75 26 asyler,
755 1784 31 18 att
797 1782 109 26 tillämpas
917 1782 25 20 fr.
955 1787 18 14 o.
986 1788 28 13 m.

221 1811 125 27 budgetåret
370 1810 133 30 1929/1930;
527 1812 40 20 och
590 1812 61 27 höjes
668 1812 36 20 det
719 1812 44 20 ord.
780 1811 186 27 förslagsanslaget
981 1811 33 20 till

220 1841 94 27 hospital
337 1842 40 20 och
400 1842 69 26 asyler
493 1842 50 20 med
566 1841 95 21 800000
685 1842 30 20 kr.
736 1842 33 20 till
786 1841 63 21 9900
859 1841 43 20 000
918 1841 39 24 kr.;
975 1841 38 20 och

221 1871 108 26 medgiver
344 1872 45 24 RD,
406 1874 32 18 att
448 1872 33 20 till
492 1871 331 21 Fredrika-Bremer-förbundets
834 1871 134 21 Lundakrets
979 1871 35 20 må

221 1901 33 20 för
264 1901 126 26 budgetåret
402 1900 127 28 1929/1930
541 1909 25 14 av
577 1901 161 26 ifrågavarande
749 1901 74 26 anslag
833 1902 51 25 utgå
895 1903 31 18 ett
937 1901 77 26 belopp

220 1938 26 14 av
269 1931 64 21 6000
357 1931 31 21 kr.
413 1932 69 20 såsom
506 1931 74 27 bidrag
599 1931 33 21 till
649 1931 107 21 utövande
771 1938 27 14 av
814 1931 64 21 social
894 1930 120 28 hjälpverk-

220 1962 84 19 samhet
319 1961 33 20 för
368 1961 142 27 sinnessjuka.

1430 2024 24 15 6515
1474 2019 72 20 Al26
1547 2014 13 34 |
1578 2014 33 34 22:
1622 2024 25 15 20
1649 2014 18 34 |
1678 2014 33 34 29:
1722 2024 24 15 28

1386 2020 12 19 An

178 2025 9 15 2
206 2020 42 20 Till
264 2021 130 26 psykiatrisk
410 2021 70 20 klinik
496 2022 7 19 i
519 2021 62 20 Lund
597 2021 84 20 anvisas
697 2021 33 20 för
747 2020 124 27 budgetåret
888 2018 126 30 1929/1930|
1053 2027 8 11 >»
1103 2019 40 22 11:5
1281 2019 12 20 Bh
1323 2019 9 20 1

221 2051 30 19 ett
262 2052 60 18 extra
332 2051 215 26 reservationsanslag
562 2058 26 14 av
604 2050 95 21 424100
716 2051 31 20 kr.
1100 2054 45 22 p.48
