1859 2365
824 159 136 16 SAKREGISTER

1650 154 43 20 375

976 252 22 145 1BSBEPSAIY

1191 240 1 15 |
1248 246 95 18 Utskotts-

1237 276 112 18 utlåtanden

1213 306 47 18 eller
1273 306 98 18 memorial

1091 276 94 18 Motioner

1406 258 72 23 dagens

1420 288 47 18 skri-

1412 319 63 17 velser

1415 228 54 18 Riks-

1534 259 119 17 Kamrarnas

1520 288 145 23 förhandlingar

1034 299 17 104 198[9ATIYS
1033 240 18 47 I9]9

1052 370 17 54 "doxd
1053 289 22 73 s:lel
1053 222 22 65 [ung
1067 214 4 1 |

1303 384 16 16 :
1341 368 2 3 I

1302 403 12 8 R

1362 375 17 44 BvpIs

1416 384 16 28 IN

1509 373 67 17 Första

1505 397 71 18 kamm.

1609 373 66 18 Andra

1606 397 70 18 kamm.

83 342 2 32 |

104 436 178 28 Dyrtidstillägg.

149 467 70 21 vartill
238 468 239 26 statstjänstemännens
493 467 158 26 dyrtidstillägg
667 468 67 25 utgår,
751 467 41 20 blir
807 467 89 21 föremål
912 468 33 20 för

148 497 96 26 ändring,
264 497 106 24 förordna,
387 499 32 18 att
434 497 36 20 det
485 497 34 20 till
535 497 26 20 de
576 497 7 20 i
599 497 68 27 tjänst
682 496 93 21 varande
792 498 152 25 prästmännen

83 536 1 15 |
148 527 105 26 utgående
269 527 180 27 dyrtidstillägget
465 527 55 21 skall
536 527 95 26 undergå
647 527 68 25 skälig
730 527 119 26 jämkning.

92 599 22 15 10
132 593 38 20 RD
187 593 99 23 besluter,
303 594 31 19 att
350 592 26 21 de
391 593 33 20 för
440 592 126 26 budgetåret
583 590 127 29 1923/1924
727 592 97 26 gällande
835 592 109 21 allmänna

148 622 92 26 grunder
259 623 33 19 för
310 622 157 27 dyrtidstillägg
486 623 22 19 åt
525 622 209 25 befattningshavare
751 622 7 20 i
774 624 80 19 statens
870 623 73 26 tjänst,

148 653 7 19 i
172 652 40 21 vad
237 653 64 25 angår
325 652 210 26 befattningshavare
560 652 36 20 vid
620 652 85 20 flottans
725 652 164 26 pensionskassa
904 653 40 19 och

148 684 80 19 statens
252 682 79 20 anstalt
354 682 32 20 för
408 682 150 26 pensionering
574 688 26 14 av
616 681 162 21 folkskollärare
794 688 28 14 m.
839 682 28 24 fl.,
885 682 59 20 skola

147 712 57 26 gälla
224 712 81 26 jämväl
328 712 32 20 för
379 712 126 26 budgetåret
523 710 135 28 1924/1925;
676 712 39 20 och
732 711 115 26 medgives,
864 713 31 19 att
910 712 34 20 till

83 738 2 30 I
148 742 208 25 befattningshavare
373 741 36 21 vid
425 742 86 20 flottans
528 741 164 27 pensionskassa
707 743 57 19 samt
775 743 80 19 statens
865 742 79 20 anstalt

149 772 31 20 för
199 772 150 26 pensionering
367 778 26 14 av
409 771 162 21 folkskollärare
588 778 28 14 m.
634 771 20 20 fl.
671 771 158 26 dyrtidstillägg
844 771 33 20 för
893 771 50 21 bud-

83 782 1 37 |
147 802 80 25 getåret
244 799 125 30 1924/1925
388 802 34 19 må
438 802 51 25 utgå
505 808 25 13 av
547 801 26 20 de
590 801 76 24 medel,
678 808 26 13 av
715 801 58 20 vilka
784 801 160 20 institutionens

83 829 1 29 |
147 831 152 20 omkostnader
314 832 7 19 i
337 831 69 26 övrigt
422 831 110 21 bestridas.

83 871 1 37 |

83 915 1 13 I

93 897 18 15 11
133 891 37 21 RD
186 891 123 26 godkänner
325 891 79 26 förslag
420 891 33 20 till
469 891 125 26 kungörelse
611 897 47 19 ang.
676 891 55 20 vissa
747 890 114 27 ändringar
873 891 7 20 i
892 891 51 20 kun-

83 946 2 4 I
147 921 95 26 görelsen
259 920 41 21 den
319 921 25 20 13
361 921 46 27 juni
427 921 55 20 1923
499 921 33 26 (nr
548 921 51 25 266)
614 920 50 21 med
680 921 110 20 allmänna
804 921 92 25 grunder
911 921 33 20 för

83 957 2 12 I
147 950 158 28 dyrtidstillägg
328 951 21 20 åt
369 951 14 20 f.
404 951 19 20 d.
443 951 209 26 befattningshavare
671 951 5 19 i
696 952 80 19 statens
792 951 66 26 tjänst
876 958 28 13 m.
922 951 21 20 fl.

83 979 2 26 I
149 981 141 26 pensionärer.

90 1024 25 46 2
134 1041 37 20 RD
188 1041 98 23 besluter,
304 1042 31 18 att
351 1040 25 20 de
393 1041 32 19 för
445 1040 124 26 budgetåret
587 1039 125 28 1923/1924
726 1040 98 26 gällande
835 1040 109 21 allmänna

84 1072 1 29 |
148 1070 92 27 grunder
256 1071 32 20 för
304 1070 158 27 dyrtidstillägg
477 1071 22 19 åt
515 1070 233 26 pensionsberättigade
764 1070 67 21 änkor
841 1070 39 20 och
892 1070 51 20 barn

84 1102 1 17 I
149 1101 52 20 efter
217 1100 209 26 befattningshavare
442 1100 7 20 i
465 1102 80 18 statens
561 1101 66 25 tjänst
644 1107 27 13 m.
688 1100 20 20 fl.
726 1100 61 20 skola
797 1100 56 26 gälla
864 1100 80 27 jämväl

149 1131 32 20 för
200 1130 125 26 budgetåret
342 1128 132 26 1924/1925.

85 1188 30 34 13
134 1190 37 20 RD
196 1190 99 24 besluter,
319 1192 32 18 att
375 1189 131 21 beträffande
530 1189 26 20 de
576 1189 67 21 under
659 1189 285 27 jordbruksdepartementet

85 1224 1 11 |
148 1219 95 21 hörande
259 1220 209 25 befattningshavare
483 1219 26 21 de
525 1219 33 20 för
574 1219 124 26 budgetåret
710 1218 126 28 1923/1924
847 1219 97 34 gällande

149 1250 110 20 allmänna
274 1249 92 26 grunder
381 1249 33 20 för
425 1249 158 27 dyrtidstillägg
593 1250 23 19 åt
627 1249 225 26 befattningshavare
834 1245 22 35 i
864 1251 80 19 statens

150 1280 66 26 tjänst
232 1279 60 21 skola
307 1279 56 26 gälla
378 1279 81 26 jämväl
475 1279 33 20 för
524 1279 125 26 budgetåret
666 1277 132 29 1924/1925;
816 1279 39 20 och
866 1279 78 26 medgi-

150 1316 41 18 ves,
209 1311 31 18 att
256 1309 32 20 till
305 1309 209 26 befattningshavare
531 1308 36 22 vid
582 1310 80 19 statens
676 1308 101 21 domäner
788 1308 157 27 dyrtidstillägg

150 1340 31 20 för
200 1339 125 26 budgetåret
342 1337 125 29 1924/1925
485 1339 35 20 må
531 1339 51 25 utgå
592 1345 26 14 av
629 1338 26 21 de
667 1338 76 25 medel,
755 1345 26 14 av
792 1338 59 21 vilka
862 1339 83 21 verkets

86 1378 1 6 |
150 1369 150 21 omkostnader
316 1369 7 20 i
339 1369 68 26 övrigt
425 1369 113 23 bestridas;
559 1369 39 20 och
618 1369 84 20 anvisas
718 1368 33 21 till
768 1368 136 21 bestridande
919 1376 26 13 av

150 1399 143 21 kostnaderna
312 1399 33 20 för
364 1398 158 27 dyrtidstillägg
541 1399 22 20 åt
582 1399 209 26 befattningshavare
811 1398 36 21 vid
866 1400 79 19 statens

150 1429 244 27 reproduktionsanstalt
410 1429 68 20 under
495 1429 32 20 9:e
543 1429 40 19 HT
598 1429 33 20 för
641 1428 126 26 budgetåret
780 1427 124 29 1924/1925
916 1431 30 18 ett

150 1461 59 18 extra
228 1459 165 26 förslagsanslag
411 1465 26 14 av
453 1458 66 21 4060
535 1458 31 20 kr.
584 1460 31 19 att
630 1459 51 25 utgå
697 1459 7 20 i
720 1459 66 20 första
801 1458 58 21 hand
875 1465 26 14 av
916 1459 29 20 in-

150 1489 95 21 komster
267 1496 26 13 av
316 1489 115 24 anstalten;
456 1489 40 20 och
520 1489 84 20 anvisas
627 1488 33 20 till
684 1488 135 21 bestridande
842 1495 26 14 av
891 1488 54 21 kost-

87 1528 1 8 |
151 1519 93 20 naderna
267 1519 33 20 för
323 1518 159 27 dyrtidstillägg
500 1519 22 20 åt
538 1518 208 26 befattningshavare
761 1518 37 21 vid
814 1518 67 21 andra
896 1516 60 23 verk
940 1512 19 37 |

87 1541 1 23 |
152 1549 38 20 och
210 1549 145 20 institutioner
373 1550 27 19 än
419 1550 80 19 statens
516 1548 244 26 reproduktionsanstalt
775 1548 67 20 under
858 1548 33 20 9:e
907 1549 39 19 HT

87 1584 1 4 I
152 1579 32 20 för
195 1578 124 26 budgetåret
333 1577 125 29 1.924/1925
470 1580 30 19 ett
511 1580 60 18 extra
581 1578 164 26 förslagsanslag
754 1585 25 14 av
790 1577 10 20 1
811 1578 41 20 350
862 1578 43 21 000
914 1578 30 21 kr.

87 1628 30 53 j14
136 1639 38 19 RD
191 1638 113 26 medgiver,
321 1640 32 18 att
369 1637 68 21 under
453 1637 58 21 tiden
529 1637 11 21 1
557 1638 40 26 juli
612 1637 115 21 1924—30
739 1638 47 26 juni
800 1637 54 21 1925
867 1639 35 19 må
913 1638 33 20 till

152 1668 233 27 lantbruksingenjörer
409 1668 38 20 och
472 1669 60 19 extra
547 1663 234 42 lantbruksingenjörer
796 1669 101 19 ävensom
913 1668 33 20 till

153 1697 258 27 lantbruksstipendiater,
438 1697 56 20 vilka
518 1697 110 21 förordnas
651 1699 31 19 att
700 1698 7 19 i
726 1697 221 27 lantbruksingenjörs

153 1728 61 20 ställe
233 1728 71 20 utföra
319 1728 134 25 förrättning,
470 1728 32 20 för
518 1727 41 21 den
575 1727 30 20 tid
622 1727 152 21 förordnandet
790 1734 66 18 varar,
873 1729 84 19 utöver

153 1757 157 27 dyrtidstillägg
326 1758 27 26 på
369 1757 69 26 grund
454 1764 25 13 av
496 1757 35 20 lön
547 1757 51 20 eller
615 1757 83 25 arvode,
715 1764 26 14 av
757 1757 124 21 statsmedel
897 1755 60 29 utgå
942 1751 19 37 |

153 1787 93 21 tillskott
268 1787 71 21 därtill
365 1788 25 25 på
414 1787 69 26 grund
499 1794 26 13 av
541 1787 118 21 inkomster
674 1788 33 20 för
722 1787 72 21 arbete
810 1787 66 27 enligt
891 1773 56 44 taxa,
955 1777 2 20 |

154 1817 119 21 beräknade
296 1818 33 20 för
352 1824 26 14 en
402 1824 37 14 var
463 1818 208 25 befattningshavare
695 1817 32 21 till
749 1817 64 21 2600
830 1817 30 21 kr.
877 1817 33 21 för
926 1819 22 19 år

153 1848 83 25 räknat,
260 1847 45 21 dels
329 1848 39 20 ock
390 1848 32 20 för
446 1854 29 14 nu
497 1848 92 26 angivna
605 1847 100 21 ändamål
721 1848 69 20 såsom
807 1847 92 21 tillskott
914 1847 34 21 till

154 1877 158 35 dyrtidstillägg
334 1878 33 20 för
389 1877 234 27 lantbruksingenjörer
642 1878 39 20 och
697 1877 252 27 lantbruksstipendiater

154 1908 85 20 anvisas
262 1908 32 20 för
319 1907 125 27 budgetåret
467 1906 124 29 1924/1925
616 1909 31 19 ett
670 1909 59 19 extra
744 1907 164 26 förslagsanslag
923 1914 35 14 av|

154 1938 27 20 25
191 1937 43 21 000
250 1937 38 24 kr.;
305 1937 40 21 och
361 1937 109 26 medgiver
486 1937 43 25 RD,
547 1939 31 19 att
593 1937 68 21 under
677 1937 59 21 tiden
754 1937 10 20 1
781 1937 40 27 juli
839 1937 109 21 1924—30

153 1968 48 26 juni
220 1967 55 20 1925
292 1968 35 19 må
344 1967 32 21 till
393 1967 226 21 distriktslantmätare
635 1968 39 20 och
691 1969 60 19 extra
761 1967 127 21 lantmätare
900 1967 49 21 med

154 1997 83 25 arvode,
257 1999 75 19 utöver
350 1997 158 27 dyrtidstillägg
528 1998 28 25 på
575 1997 69 26 grund
663 2004 26 14 av
704 1997 36 21 lön
756 1997 51 20 eller
823 1997 83 24 arvode,
923 2004 26 14 av

89 2035 1 16 I
154 2027 124 21 statsmedel
294 2027 51 26 utgå
360 2027 93 20 tillskott
469 2027 71 20 därtill
552 2028 27 25 på
590 2027 69 26 grund
670 2034 26 14 av
707 2027 117 21 inkomster
835 2027 33 20 för
879 2027 81 21 arbete
946 2023 18 35 |

89 2071 1 10 I
154 2057 66 26 enligt
236 2057 97 26 gällande
350 2056 179 25 lantmäteritaxa,
547 2057 120 21 beräknade
684 2057 32 20 för
727 2055 233 28 distriktslantmätare
945 2051 15 37 |

960 468 9 20 4

964 475 31 7 eo

988 469 12 20 ND

1002 469 14 20 Ng

1046 595 12 19 5

1303 596 11 19 a

1318 596 10 19 -

1094 618 33 42 201
1137 618 55 42 1322-1
1233 621 2 50 |

1137 656 55 19 1325
1180 647 14 36 |

1137 673 97 33 fee

1190 800 1 9 |
1274 789 2 17 I

1190 812 1 13 I

1241 820 24 63 SR

1037 892 27 20 43
1083 892 55 26 252)
1137 862 54 69 357)
1210 893 12 21 8
1301 893 27 21 59

1137 911 55 44 401)

1274 973 1 10 |

1274 1064 1 18 |

1274 1085 1 16 I

1274 1119 1 11 I

1302 1043 27 20 60

1047 1192 11 19 5
1084 1193 45 18 1195

1033 1221 17 20 1:
1061 1221 12 20 9
1094 1223 32 18 [201

1024 1255 63 23 p-124,/

1036 1280 51 33 158
1070 1276 21 41 |

1148 1194 34 17 319

1143 1224 50 17 322-|

1148 1254 34 17 325

1198 1150 36 66 ab)

1040 1640 27 20 38
1304 1639 27 21 68

1500 893 33 20 41:
1545 893 46 30 77d|
1609 894 33 19 41:

1589 1012 2 7 I

1508 1043 34 20 41:
1546 1039 31 34 79
1576 1039 13 34 |

1508 1192 33 20 41:
1553 1187 38 25 87
1577 1183 15 39 |
