1827 2354
1622 83 38 21 101

73 263 166 27 Avsöndringar,
256 263 153 26 försäljningar
425 262 36 21 och
478 262 127 27 upplåtelser
621 268 25 14 av
663 261 110 27 kronojord
788 268 28 14 m.
833 268 28 14 m.

103 300 32 20 10.
152 300 42 19 RD
210 299 117 26 medgiver,
343 300 35 19 att
393 298 38 20 det
445 298 33 20 till
493 298 204 26 kronoegendomen
711 298 27 27 2/,
753 297 85 21 mantal
853 298 115 21 Havstena

74 335 24 14 nr
105 329 13 20 4
125 329 169 26 Mellomgården
303 329 6 20 i
317 328 87 21 Skövde
411 328 51 20 stad
470 328 96 20 hörande
573 327 128 21 hemskiftet
708 328 128 26 (stadsägan
844 334 25 13 nr
876 328 49 27 139)
933 334 35 14 om

73 359 59 21 cirka
142 359 36 23 8,4
184 359 78 20 hektar
269 359 42 23 må,
320 358 66 20 sedan
395 358 122 20 detsamma
524 357 136 27 avstyckats,
669 357 99 26 försäljas
776 357 33 20 till
817 357 87 21 Skövde
911 358 56 20 stad.

104 401 61 20 Inom
180 396 74 25 Örebro
269 400 44 20 län:

103 431 32 19 11.
152 430 43 20 RD
208 429 118 27 medgiver,
339 431 36 18 att
387 429 57 20 vissa
458 429 95 26 angivna
566 429 69 20 under
647 430 52 25 väg-
712 429 41 20 och
765 429 203 26 vattenbyggnads-

73 460 117 26 styrelsens
201 459 134 26 förvaltning
346 459 90 20 stående
447 459 128 26 fastigheter
586 458 6 20 i
604 458 115 26 Degerfors
730 458 82 27 köping
822 458 36 21 må
869 459 99 26 försäljas

74 490 33 20 för
119 496 26 14 en
158 489 145 27 köpeskilling
315 489 18 26 ej
348 488 170 26 understigande
530 489 24 20 81
566 488 41 20 000
619 488 32 20 kr.

104 531 62 21 Inom
185 530 183 22 Västernorrlands
383 530 44 21 län:

104 562 32 19 12.
153 561 42 20 RD
209 560 117 26 medgiver,
340 561 35 19 att
387 566 28 14 av
427 560 153 25 kronoparken
594 560 90 25 Spikarö
697 559 7 20 i
717 559 55 20 Alnö
786 560 78 19 socken
878 560 35 19 må
926 560 42 20 för-

74 590 65 26 säljas
151 590 76 20 femtio
239 589 136 27 avstyckade
387 589 178 20 bostadstomter.

104 632 61 20 Inom
184 631 150 21 Västerbottens
349 631 45 21 län:

104 662 31 20 13.
152 661 42 20 RD
205 661 117 26 medgiver,
333 662 35 19 att
377 662 33 18 ett
420 660 79 26 utbyte
509 666 28 14 av
546 660 128 26 fastigheter
683 660 80 20 mellan
772 660 84 20 kronan
866 662 58 18 samt
933 661 35 20 Mo

74 691 40 21 och
135 690 92 27 Domsjö
238 690 39 20 AB
293 690 36 20 må
340 692 40 24 äga
392 696 48 14 rum
451 690 28 26 på
491 690 26 20 de
528 690 84 23 villkor,
625 696 46 13 som
682 689 72 21 finnas
765 689 94 27 angivna
870 690 7 20 i
888 691 33 19 ett
931 690 37 21 vid

74 720 163 27 propositionen
253 720 67 26 fogat,
337 720 79 20 mellan
432 720 84 20 kronan
532 720 40 19 och
588 719 87 26 bolaget
690 720 123 25 upprättat,
830 720 41 19 den
888 720 25 20 18
929 720 39 20 och

76 751 24 20 19
113 750 45 21 dec.
173 750 53 20 1944
239 750 134 26 dagtecknat
385 749 133 26 bytesavtal.

102 780 26 21 Se
140 780 40 20 ock
190 779 118 20 Postverket
319 778 70 25 (1945:
402 779 26 26 7).

104 821 61 20 Inom
180 820 159 21 Kristianstads
354 820 44 20 län:

103 851 18 20 1.
138 850 42 21 RD
197 850 117 26 medgiver,
331 851 36 19 att
381 850 7 20 i
404 849 242 27 statsrådsprotokollet
661 851 52 19 över
729 849 191 21 försvarsärenden
936 849 32 22 för

74 881 42 20 den
129 880 26 21 12
167 880 45 20 okt.
227 880 52 20 1945
292 879 126 21 omförmält
430 879 88 20 område
530 879 35 20 må
577 878 100 27 försäljas
688 878 33 21 till
734 878 117 27 Riseberga
862 879 106 20 kommun

74 910 33 21 för
117 916 26 14 en
153 909 145 27 köpeskilling
307 915 29 14 av
345 909 13 20 9
367 909 41 21 000
418 909 31 20 kr.
461 909 41 20 och
511 909 28 26 på
549 909 7 20 i
565 908 116 21 huvudsak
692 909 27 19 de
728 908 79 20 villkor
816 908 6 21 i
833 909 77 26 övrigt,
921 915 47 14 som

74 946 28 14 av
115 939 158 27 föredragande
286 939 120 20 statsrådet
419 939 6 19 i
438 938 241 27 statsrådsprotokollet
691 938 102 27 angivits.

105 981 62 20 Inom
183 977 111 30 Älvsborgs
309 980 45 21 län:

103 1012 19 19 2.
139 1011 43 20 RD
194 1010 118 27 medgiver,
325 1012 35 18 att
371 1011 85 19 tomten
470 1016 25 14 nr
506 1010 13 20 3
531 1009 6 21 i
549 1010 113 20 kvarteret
673 1009 78 27 Tigern
764 1009 6 20 i
782 1009 138 21 Trollhättan
932 1010 35 20 må

75 1041 100 26 försäljas
189 1040 28 27 på
233 1040 26 21 de
273 1040 84 24 villkor,
373 1046 46 14 som
433 1039 91 28 angivas
538 1039 7 21 i
559 1040 38 20 det
610 1039 38 21 vid
662 1039 242 27 statsrådsprotokollet
917 1041 51 19 över

75 1070 299 21 kommunikationsärenden
388 1070 34 20 för
437 1070 41 20 den
495 1069 24 21 19
535 1069 45 20 okt.
598 1069 52 21 1945
665 1069 78 27 fogade
757 1069 85 20 avtalet
856 1074 28 15 av
899 1069 42 21 den
955 1069 13 20 4

74 1100 48 26 juni
136 1100 52 21 1945
200 1101 59 19 samt
270 1101 35 19 att
316 1099 132 27 fastigheten
460 1099 89 21 Klöstre
560 1099 21 20 6!
593 1098 6 21 i
610 1099 69 26 Torps
690 1099 80 20 socken
781 1099 36 20 må
829 1098 100 27 försäljas
940 1099 28 27 på

76 1130 26 20 de
111 1130 85 23 villkor,
206 1136 46 14 som
262 1129 90 27 angivas
361 1129 7 20 i
378 1129 37 20 det
424 1129 37 20 vid
471 1129 91 20 berörda
571 1128 217 27 statsrådsprotokoll
798 1128 77 27 fogade
884 1129 84 20 avtalet

75 1166 28 14 av
115 1160 41 20 den
168 1159 25 21 19
205 1159 40 20 och
256 1159 42 20 den
309 1159 26 21 22
346 1160 55 25 sept.
415 1159 59 20 1945.

105 1201 62 20 Inom
184 1200 127 27 Skaraborgs
326 1200 44 21 län:

103 1231 20 20 3.
140 1230 42 21 RD
203 1230 118 27 medgiver,
342 1231 35 19 att
397 1230 7 20 i
424 1229 242 27 statsrådsprotokollet
686 1231 52 18 över
757 1229 211 21 kommunikations-

75 1260 95 21 ärenden
181 1260 34 21 för
225 1260 42 20 den
279 1259 25 21 19
315 1260 46 20 okt.
375 1259 52 21 1945
439 1259 150 23 omförmälda,
601 1259 168 27 telegrafverket
779 1259 109 27 tillhöriga
898 1259 70 21 stads-

75 1292 41 25 äga
131 1290 7 20 i
153 1289 122 27 Falköping
289 1290 36 19 må
341 1290 65 25 bytas
421 1290 48 19 mot
483 1290 110 19 tomterna
609 1294 25 15 nr
650 1289 25 20 10
690 1289 41 20 och
747 1288 23 20 11
787 1288 7 21 i
808 1288 113 21 kvarteret
936 1289 33 20 S:t

76 1319 87 21 Staffan
177 1319 7 21 i
198 1325 84 14 samma
296 1319 50 20 stad
360 1319 28 26 på
403 1319 6 20 i
423 1319 116 20 huvudsak
554 1319 26 20 de
594 1318 85 24 villkor,
694 1324 46 14 som
755 1318 90 27 angivas
859 1318 6 20 i
880 1318 37 20 det
931 1318 37 21 vid

76 1349 242 27 statsrådsprotokollet
329 1348 78 27 fogade
419 1348 91 21 avtalet.

106 1391 62 20 Inom
187 1389 163 22 Västmanlands
365 1390 45 20 län:

104 1420 20 21 4.
141 1420 42 21 RD
198 1419 144 27 bemyndigar
355 1420 65 20 KM:t
433 1420 35 20 att
481 1419 116 27 godkänna
612 1419 79 21 mellan
705 1419 103 21 Västerås
822 1419 56 23 stad,
893 1419 12 20 å
920 1425 47 17 ena,

76 1451 59 19 samt
163 1449 430 27 Stockholm—Västerås—Bergslagens
621 1455 43 20 nya
691 1448 236 27 järnvägsaktiebolag,
956 1449 12 20 å

76 1480 68 20 andra
155 1479 69 24 sidan,
236 1479 41 20 den
290 1479 25 20 14
325 1479 40 20 och
376 1479 41 20 den
429 1479 25 20 18
463 1478 48 27 juni
523 1479 52 20 1945
586 1479 84 23 träffat,
681 1478 37 21 vid
728 1478 241 26 statsrådsprotokollet

76 1511 52 19 över
139 1509 298 21 kommunikationsärenden
449 1509 34 20 för
495 1509 41 19 den
549 1508 25 21 19
586 1508 45 20 okt.
646 1507 52 22 1945
710 1508 61 26 fogat
782 1508 67 20 avtal.

105 1539 26 21 Se
145 1539 40 20 ock
196 1538 139 21 Landsstaten
349 1538 64 26 (1945
423 1538 27 20 H:
464 1538 26 26 2).

107 1575 61 20 Inom
184 1574 127 21 Stockholms
326 1574 45 20 län:

106 1605 18 20 1.
141 1604 42 21 RD
194 1604 118 26 medgiver,
323 1605 35 19 att
368 1610 29 14 av
408 1604 41 20 den
461 1603 6 21 i
478 1603 134 21 Stocksunds
623 1603 81 27 köping
714 1603 91 26 belägna
817 1603 61 21 delen
890 1603 79 27 (stads-

77 1636 55 25 ägan
143 1640 25 14 nr
177 1634 49 26 308)
236 1640 28 14 av
274 1634 203 26 kronoegendomen
489 1633 38 28 1!/,
536 1633 84 21 mantal
629 1633 78 27 Mörby
716 1639 26 14 nr
752 1633 9 20 1
772 1633 36 20 må
817 1632 34 21 till
860 1633 108 27 köpingen

77 1666 53 18 utan
141 1664 122 26 ersättning
272 1663 109 21 överlåtas
391 1663 45 21 dels
446 1663 41 21 den
497 1663 69 24 mark,
577 1669 46 14 som
633 1663 68 27 enligt
709 1663 34 21 för
751 1662 109 27 köpingen
869 1662 100 27 gällande

77 1694 113 26 stadsplan
205 1695 84 19 avsetts
303 1693 34 21 för
350 1694 51 26 gata
416 1693 51 20 eller
481 1693 80 20 allmän
576 1693 57 27 plats
647 1694 58 19 samt
719 1692 129 21 betecknats
861 1692 51 21 med
925 1692 43 20 litt.

78 1723 40 24 Ob,
128 1723 26 23 E,
164 1723 28 23 K,
203 1723 17 20 P
229 1723 40 20 och
279 1723 27 23 Y,
315 1723 55 20 allt
359 1718 19 36 i
380 1723 41 20 den
430 1723 51 20 mån
491 1728 83 15 samma
583 1722 62 20 mark
654 1722 47 21 icke
710 1722 102 21 besväras
821 1728 28 14 av
858 1723 110 22 tomträtt,

77 1753 45 20 dels
138 1753 39 20 ock
193 1753 41 20 den
249 1754 52 22 rätt,
316 1753 84 20 kronan
414 1752 44 21 kan
473 1754 40 25 äga
528 1752 33 20 till
575 1752 7 20 i
596 1752 144 20 förevarande
753 1752 63 20 mark
830 1751 139 27 framdragna

78 1784 87 19 vatten-
180 1782 40 21 och
235 1782 212 27 avloppsledningar;
464 1782 40 20 och
518 1781 111 27 medgiver
644 1782 42 20 RD
702 1783 34 18 att
751 1781 68 21 sådan
833 1781 63 20 mark
910 1781 59 20 inom

78 1812 143 20 förevarande
236 1812 34 20 del
284 1818 28 14 av
326 1812 211 26 kronoegendomen,
552 1817 46 15 som
612 1811 88 27 jämlikt
714 1811 67 20 redan
795 1810 110 22 fastställd
920 1810 50 21 eller

78 1841 102 21 blivande
195 1841 219 27 stadsplaneändring
428 1841 112 21 frånskilts
554 1841 51 20 eller
619 1841 54 20 skall
688 1840 123 27 frånskiljas
826 1842 64 21 tomt,
905 1841 43 22 må,
963 1840 6 20 i

79 1872 40 19 den
138 1872 51 19 mån
208 1871 23 20 så
250 1871 97 20 befinnes
365 1871 87 26 skäligt,
471 1877 28 14 av
517 1871 64 20 KM:t
599 1872 54 19 utan
671 1870 122 26 ersättning
810 1869 109 22 överlåtas
937 1870 33 20 till

78 1901 116 26 köpingen,
207 1901 66 20 sedan
286 1900 125 26 erforderlig
421 1900 115 27 jämkning
547 1900 106 27 vidtagits
664 1906 29 14 av
705 1900 26 20 de
742 1900 80 20 mellan
833 1900 84 20 kronan
930 1900 40 20 och

78 1930 300 27 Tjänstemannasamhällets
386 1930 6 20 i
400 1930 78 26 Mörby
485 1930 216 27 egnahemsförening
708 1936 28 14 m.
747 1930 20 20 b.
778 1936 20 20 p.
808 1936 20 14 a.
837 1930 133 26 upprättade

80 1960 210 21 tomträttsavtalen.

107 1991 19 19 2.
143 1990 42 20 RD
198 1990 118 26 medgiver,
329 1991 35 19 att
375 1996 28 14 av
416 1990 203 27 kronoegendomen
633 1990 9 20 1
655 1989 85 21 mantal
752 1989 97 26 Rundby
862 1989 71 20 Nedre
945 1995 25 14 nr

81 2020 7 20 1
104 2020 38 26 (1!)
156 2020 5 20 i
175 2020 45 20 Eds
232 2020 86 23 socken,
332 2021 33 19 ett
378 2020 88 20 område
479 2026 35 14 om
527 2019 58 21 cirka
598 2020 26 20 28
633 2019 41 21 000
685 2019 166 21 kvadratmeter
862 2031 28 3 —
901 2019 70 20 vilket

79 2052 99 18 närmare
187 2049 96 27 angivits
293 2050 11 20 å
315 2056 26 14 en
351 2050 41 20 den
402 2050 27 19 26
439 2055 49 14 nov.
501 2049 52 21 1945
563 2049 59 21 inom
630 2049 210 27 järnvägsstyrelsen
850 2048 120 27 upprättad

79 2079 106 21 kartskiss
200 2091 28 3 —
242 2080 43 22 må,
301 2080 67 20 sedan
384 2079 100 20 området
498 2079 7 20 i
520 2079 135 26 vederbörlig
671 2079 91 26 ordning
777 2079 135 26 avstyckats,
928 2079 42 20 för-

79 2109 66 26 säljas
155 2109 34 20 till
200 2109 39 20 AB
250 2109 211 27 Vägförbättringar.

1036 198 55 20 ES
1123 170 91 30 Motioner
1235 174 116 38 FSDEERS
1395 169 58 60 Skriv.
1502 168 107 31 Protokoll

1118 228 33 16 FK
1153 224 23 29 |
1181 228 35 16 AK
1237 228 86 17 |ISmllAvd]
1346 228 27 16 Nr
1493 227 32 16 FK
1591 226 36 17 AK

989 299 27 20 451
1044 299 41 21 2021
1129 311 27 3 —|
1194 300 123 20 —l1101—]1
1356 299 148 21 701410128:
1519 302 36 17 103]
1572 297 69 20 28:65

1043 332 22 20 pt
1075 331 10 17 4
1337 336 15 12 s.
1360 332 24 17 18

998 436 8 13 »
1059 430 27 20 821
1130 442 27 3 —|
1195 443 27 2 —]
1257 431 61 20 61—1]
1356 431 23 20 611
1409 432 38 20 1441
1474 432 82 20 16:-148|
1574 433 31 20 16:
1616 435 24 17 67

998 567 8 12 »
1059 561 26 19 631
1130 573 27 2 —|
1195 563 122 19 —J]10l—]
1358 563 168 20 151159117:9-
1573 564 31 20 116:
1616 566 24 17 97

1043 594 22 20 pt
1075 592 11 18 4
1347 594 33 17 s.3

999 667 8 13 »
1043 662 41 20 12021
1129 674 27 3 —I|
1194 663 123 20 —J]101-—]
1354 663 149 20 281182118:
1518 666 34 17 1211
1573 664 31 20 18:
1618 667 37 17 172

1043 695 22 20 pt
1074 693 11 17 5
1336 694 47 18 s.14

988 851 28 20 451
1043 851 41 20 340
1093 847 23 35 I
1128 863 28 3 —!I
1193 864 27 2 —I
1255 852 12 20 6
1289 864 27 2 /—]
1340 852 40 20 2761
1404 852 41 20 5541
1469 853 33 20 35:
1515 855 23 17 12.
1548 847 14 35 |
1570 853 33 20 37:
1614 856 25 17 36

991 880 21 20 H

998 1017 9 13 »
1043 1011 41 21 1362]
1128 1024 27 2 —I
1193 1024 27 3 —IJ
1255 1013 61 19 61—]
1339 1013 41 20 2801
1404 1013 40 20 558
1450 1007 15 36 |
1469 1013 32 20 35:
1514 1016 23 16 12
1545 1007 19 36 |
1569 1014 33 20 37:
1614 1016 24 17 36

998 1237 8 13 »
1022 1227 18 35 |
1043 1231 38 20 361]
1128 1243 27 3 —I
1193 1244 27 2 —]
1255 1233 60 19 61—]1
1339 1232 40 20 2791
1404 1232 40 20 5571
1468 1232 33 21 35:
1514 1235 23 17 12
1545 1227 18 35 |
1569 1233 33 20 37:
1613 1235 25 17 386

998 1426 8 14 »
1019 1417 22 34 I
1043 1421 40 20 359
1096 1417 26 34 I
1128 1433 27 2 —!I
1192 1433 28 3 —J]
1254 1422 62 19 61—1
1339 1421 40 21 2781
1404 1421 40 21 556
1444 1417 14 34 1
1469 1422 68 20 35:12
1569 1422 33 20 137:
1613 1424 25 18 36

988 1604 28 20 461
1046 1605 36 20 171
1092 1600 27 36 |
1129 1617 27 3 —|
1193 1606 123 20 —l110!—]
1353 1606 185 21 241153115:58
1544 1600 19 36 |
1571 1607 32 20 15:
1617 1609 36 17 106

1043 1638 21 20 pt
1076 1637 7 17 1
1335 1637 46 18 s.27

1000 1996 9 13 »
1022 1986 18 35 |
1046 1990 36 20 171
1092 1986 27 35 |
1129 1991 188 20 —1435110!—]
1353 1991 185 21 241153115:58
1563 1991 89 21 I15:106d

1044 2024 21 19 pt
1075 2022 10 18 2
1336 2028 14 12 s.
1358 2023 24 17 29
