1827 2352
1609 74 40 20 391

71 253 171 20 Försvarsväsen.

70 288 170 33 nings-)havare,
255 294 46 14 som
316 288 46 20 icke
376 288 43 20 kan
434 288 130 26 överflyttas
579 288 31 21 till
625 288 88 27 lämplig
728 288 129 42 bestllmng
871 289 91 26 (befatt-

70 317 74 26 ning)
129 313 23 35 i
154 318 42 20 den
205 324 43 20 nya
257 318 181 26 organisationen.

97 348 34 20 21.
150 348 41 19 RD
207 347 103 23 anmäler,
326 349 35 19 att
377 348 42 20 RD
434 347 47 21 icke
496 347 73 21 funnit
583 348 117 26 anledning
715 348 32 20 till
763 348 85 20 erinran
864 349 47 19 mot
926 349 37 20 det

71 377 80 26 förslag
168 379 40 18 rör.
226 377 123 21 ordnandet
365 383 28 14 av
410 377 232 21 befälsförhållandena
659 378 59 20 inom
734 378 31 20 VI
782 378 181 20 militärområdet

70 413 28 14 m.
109 413 29 14 m.
148 413 46 14 som
205 407 239 26 departementschefen
455 407 98 20 förordat
562 407 6 20 i
577 407 127 26 anslutning
714 407 32 20 till
756 408 41 19 den
807 414 28 14 av
845 408 75 20 chefen
930 408 33 20 för

70 437 75 20 armén
155 436 6 20 i
171 437 90 20 ärendet
270 436 133 21 verkställda
413 437 151 26 utredningen.

98 467 33 19 22.
148 466 40 20 Till
206 462 145 42 provisoriska
369 466 101 26 åtgärder
486 466 33 20 till
536 467 152 20 förbättrande
704 473 28 14 av
750 467 137 20 tandvården
904 467 58 20 inom

71 496 203 20 försvarsväsendet
287 496 86 20 anvisas
387 496 41 20 850
430 492 45 34 000
491 496 31 20 kr.
537 496 34 26 (r).

98 526 34 20 23.
150 526 41 20 RD
210 526 117 26 medgiver,
345 527 35 19 att
397 526 147 20 kostnaderna
563 526 33 20 för
607 520 127 32 ersättning
751 526 24 20 åt
781 522 112 41 frivilliga
912 526 50 21 fält-

70 555 88 20 artister
167 555 37 20 vid
214 555 101 26 sjukdom
325 555 51 20 eller
385 555 113 26 olycksfall
508 555 31 20 till
550 555 53 26 följd
613 562 28 13 av
650 556 160 26 tjänstgöring
796 551 23 35 i
820 556 71 20 denna
900 561 63 21 egen-

71 585 54 26 skap
136 584 37 21 vid
185 585 202 20 försvarsväsendet
397 585 35 20 må
444 585 107 20 bestridas
561 591 29 14 av
600 585 190 26 förslagsanslaget
800 585 32 20 till
844 585 75 26 bidrag
929 585 33 20 till

71 614 122 26 ersättning
208 614 6 20 i
229 614 43 20 anl.
289 620 28 14 av
332 614 157 27 kroppsskada,
506 614 94 27 ådragen
616 614 68 20 under
699 614 235 27 militärtjänstgöring.

99 644 33 20 24.
149 644 40 20 Till
201 644 126 26 ytterligare
339 644 70 20 medel
421 644 32 20 till
464 644 44 20 viss
520 644 179 26 krigsindustriell
711 644 130 27 anläggning
852 644 87 21 anvisas
950 645 12 19 å

72 673 132 27 tilläggsstat
215 673 40 20 264
264 674 41 20 000
317 674 31 19 kr.
361 673 35 26 (r).

99 703 33 20 25.
148 703 41 20 Till
200 703 126 27 ytterligare
337 703 69 20 medel
418 703 31 20 till
461 703 53 20 vård
526 703 39 20 och
577 703 112 20 underhåll
700 710 28 13 av
738 703 225 27 adresseringsmaski-

71 739 38 14 ner
118 739 28 14 m.
157 739 28 14 m.
196 733 87 20 anvisas
293 733 11 20 å
316 733 131 26 tilläggsstat
456 733 27 20 50
491 733 41 20 000
542 733 31 20 kr.
584 733 34 26 (r).

99 763 33 19 26.
148 762 40 20 Till
205 762 136 27 uppförande
355 769 27 14 av
397 762 251 27 lagringsanläggningar
662 763 33 20 för
709 762 118 21 drivmedel
842 769 28 14 m.
882 769 28 14 m.
926 769 37 14 an-

71 792 57 20 visas
139 793 12 19 å
164 792 131 26 tilläggsstat
305 793 13 19 2
328 792 40 20 715
376 792 42 20 000
428 792 32 20 kr.
472 792 34 26 (r).

99 822 34 20 27.
149 822 40 20 Till
198 822 126 26 ytterligare
332 822 69 20 medel
410 822 32 20 till
450 822 156 26 anläggningar
613 822 34 20 för
654 822 57 20 vissa
720 822 192 26 krigsindustriella
921 821 42 21 till-

71 851 132 26 verkningar
211 851 87 21 anvisas
308 852 12 19 å
330 851 132 27 tilläggsstat
471 852 41 20 980
520 851 42 20 000
570 852 32 19 kr.
613 851 35 26 (r).

99 881 33 20 28.
150 881 42 20 RD
202 881 117 26 medgiver,
330 883 35 18 att
374 881 131 26 förefintliga
516 881 69 20 medel
595 881 12 20 å
617 881 96 26 följande
723 881 6 20 i
739 881 117 20 riksstaten
866 881 34 20 för
910 881 53 20 bud-

71 911 85 26 getåret
172 911 90 25 1939/40
276 911 51 19 eller
341 911 155 26 tilläggsstater
510 910 32 21 till
557 911 71 20 denna
642 911 91 20 riksstat
747 911 107 26 uppförda
869 917 94 14 reserva-

71 940 141 26 tionsanslag,
226 940 108 26 nämligen
347 940 26 20 de
386 940 69 20 under
467 940 33 20 4:e
513 940 40 20 HT
566 940 107 27 uppförda
685 940 103 27 anslagen
802 941 27 19 D.
842 940 33 20 24.
889 940 74 21 inven-

72 970 66 20 tarier
150 970 33 20 för
195 970 189 26 förläggningarna
397 970 11 20 å
422 970 140 23 Järvafältet,
576 970 24 20 E.
614 970 33 20 36.
661 970 132 26 utflyttning
804 976 28 14 av
845 970 57 20 vissa
915 970 48 20 bat-

72 1000 64 19 terier
152 999 5 20 i
174 1000 120 26 Göteborgs
310 1000 110 26 skärgård,
438 1000 24 19 E.
479 1000 27 20 36
516 1000 19 20 b.
552 1000 141 20 anordnande
708 1006 28 14 av
752 999 55 20 visst
822 1000 139 23 kustbatteri,

72 1030 24 19 E.
108 1029 34 21 43.
154 1029 105 27 flyttning
268 1036 28 13 av
306 1029 61 20 svårt
377 1029 141 20 kustartilleri
528 1035 28 14 m.
566 1035 37 17 m.,
614 1030 25 19 E.
650 1029 26 20 43
685 1035 19 14 a.
715 1029 57 20 vissa
783 1029 180 20 fortifikatoriska

71 1059 157 26 anläggningar
238 1065 29 14 m.
277 1065 28 14 m.
318 1059 39 20 och
369 1059 23 20 F.
404 1059 27 20 20
440 1065 18 14 e.
469 1060 62 19 extra
543 1059 238 26 materielanskaffning
792 1059 33 20 för
835 1059 129 27 flygvapnet

72 1090 58 19 samt
138 1089 26 20 de
173 1089 69 20 under
249 1089 195 26 kapitalbudgeten
452 1089 104 20 anvisade
564 1089 102 26 anslagen
678 1089 39 20 III.
726 1089 20 20 6.
755 1089 133 26 nybyggnad
896 1089 33 20 för
937 1089 26 20 de

72 1118 94 21 militära
180 1119 150 26 högskolorna,
344 1119 49 19 VII.
407 1118 19 20 4.
440 1119 156 20 förberedande
608 1119 102 26 åtgärder
721 1119 33 20 för
767 1118 137 21 Stockholms
915 1124 48 21 gar-

72 1148 72 20 nisons
155 1148 135 26 utflyttande
301 1148 32 20 till
343 1148 134 20 Järvafältet
487 1148 40 20 och
537 1148 49 20 VII.
597 1148 19 20 9.
627 1148 58 21 vissa
695 1148 158 24 markförvärv,
864 1149 35 19 må
908 1148 55 27 jäm-

71 1178 35 20 väl
122 1178 69 20 under
206 1178 130 26 budgetåret
352 1178 89 26 1943/44
457 1178 125 26 disponeras
597 1178 33 20 för
645 1178 26 20 de
685 1178 50 20 med
749 1178 102 27 anslagen
866 1178 97 20 avsedda

71 1208 138 22 ändamålen;
219 1209 35 19 att
261 1214 28 14 av
299 1208 37 20 det
344 1208 12 19 å
366 1207 131 27 tilläggsstat
508 1208 7 20 I
525 1207 31 20 till
566 1207 117 21 riksstaten
693 1208 33 19 för
734 1208 130 26 budgetåret
873 1208 90 26 1939/40

73 1238 69 19 under
152 1237 32 20 4:e
196 1237 40 20 HT
246 1237 107 26 uppförda
366 1237 243 26 reservationsanslaget
619 1237 11 20 å
644 1237 38 20 135
691 1237 41 20 000
742 1237 31 20 kr.
785 1237 32 20 till
828 1237 57 20 vissa
896 1238 66 26 bygg-

72 1267 64 20 nads-
150 1267 40 20 och
204 1267 218 20 materielkostnader
435 1267 33 20 för
481 1267 185 20 försvarsstabens
680 1267 144 20 radioanstalt
837 1268 34 19 ett
884 1267 78 27 belopp

71 1303 28 14 av
110 1297 24 20 16
141 1297 41 20 500
181 1293 41 34 kr.
227 1297 34 20 må
272 1297 125 26 disponeras
405 1297 33 20 för
446 1297 108 20 täckande
562 1303 28 14 av
598 1297 147 20 kostnaderna
753 1297 34 20 för
794 1297 169 26 telefonanlägg-

72 1326 52 26 ning
137 1326 37 20 vid
188 1326 212 21 försvarsväsendets
414 1326 145 20 radioanstalt
572 1328 58 18 samt
642 1328 35 18 att
690 1326 136 20 sistnämnda
839 1326 75 27 anslag
927 1327 35 20 må

72 1356 56 20 intill
140 1356 95 20 nämnda
247 1356 78 26 belopp
336 1356 12 20 å
362 1356 24 20 16
395 1356 41 20 500
446 1356 32 20 kr.
490 1356 33 20 för
533 1356 89 26 angivet
632 1356 102 20 ändamål
745 1356 125 26 disponeras
880 1356 82 26 jämväl

73 1386 69 20 under
155 1386 130 26 budgetåret
300 1385 95 26 1943/44.

100 1415 34 20 29.
152 1415 41 20 RD
203 1415 73 20 avslår
285 1415 82 20 motion
378 1420 48 21 ang.
438 1415 165 26 tjänstgörings-
613 1415 39 20 och
662 1415 140 20 ekonomiska
813 1415 149 20 förhållanden

72 1445 34 20 för
115 1445 99 26 personal
224 1445 26 26 på
260 1445 166 26 övergångsstat
435 1444 37 21 vid
481 1445 74 20 armén
565 1445 40 19 och
614 1445 104 20 marinen.

100 1475 33 19 30.
152 1475 40 19 RD
208 1474 117 27 medgiver,
340 1476 35 19 att
390 1474 135 26 uppförande
540 1480 28 14 av
583 1474 102 21 bostäder
699 1474 34 20 för
746 1475 86 19 arméns
847 1474 39 21 och
901 1474 62 20 verk-

71 1504 185 20 stadsnämndens
265 1504 99 26 personal
372 1504 69 26 jämte
449 1504 137 26 erforderliga
594 1504 152 20 markförvärv
754 1504 42 23 må,
806 1504 58 20 inom
873 1510 26 14 en
907 1510 56 14 sam-

72 1534 102 26 manlagd
185 1534 154 20 kostnadsram
350 1540 28 14 av
388 1534 13 20 3
410 1534 41 20 000
460 1534 41 20 000
511 1534 31 19 kr.
554 1535 58 19 samt
622 1533 7 20 i
640 1534 40 20 den
692 1534 50 20 mån
753 1534 73 21 medel
834 1534 73 20 därför
917 1533 46 21 icke

72 1564 74 20 äskats
158 1564 5 20 i
175 1565 70 19 annat
255 1564 165 26 sammanhang,
432 1565 40 25 äga
484 1569 47 14 rum
543 1564 49 20 med
603 1563 111 21 anlitande
726 1570 27 13 av
765 1563 37 20 det
813 1563 6 20 i
830 1564 57 19 årets
898 1565 65 18 stats-

72 1593 200 27 verksproposition
287 1593 212 27 (kapitalbudgeten,
514 1593 70 26 bilaga
598 1594 19 22 2,
632 1593 97 26 punkten
746 1593 19 26 1)
779 1593 68 20 under
860 1594 104 19 försvars-

72 1623 117 20 väsendets
202 1623 176 27 fastighetsfond,
392 1623 232 26 arméförvaltningens
637 1623 88 20 delfond
739 1623 74 23 därav,
827 1623 33 20 för
873 1623 91 26 budget-

71 1653 48 20 året
141 1653 88 25 1943/44
250 1653 87 23 äskade,
358 1659 27 14 av
406 1653 110 20 utskottet
535 1652 120 27 tillstyrkta
675 1652 242 27 investeringsanslaget
935 1659 28 14 av

72 1683 25 20 24
107 1683 42 20 000
157 1683 42 20 000
211 1683 32 20 kr.
256 1683 33 19 till
301 1683 57 20 vissa
371 1683 204 26 byggnadsarbeten
587 1689 28 13 m.
625 1689 37 17 m.,
675 1684 35 19 att
721 1682 57 21 vissa
790 1682 95 27 angivna
897 1682 67 27 bygg-

71 1713 147 20 nadsarbeten
236 1719 28 13 m.
275 1718 28 14 m.
322 1712 34 20 för
374 1712 154 26 Hårsfjärdens
546 1712 54 26 depå
619 1712 40 20 och
677 1712 119 20 Vaxholms
813 1712 151 20 kustartilleri-

71 1743 123 25 regemente
204 1744 103 18 ävensom
318 1742 135 26 uppförande
463 1742 6 20 i
478 1742 71 26 övrigt
558 1748 28 14 av
595 1742 102 20 bostäder
705 1742 34 20 för
747 1742 108 20 marinens
865 1742 98 26 personal

71 1772 70 25 jämte
151 1771 139 27 erforderliga
301 1772 151 20 markförvärv
463 1772 35 19 må
508 1771 59 20 inom
577 1778 26 14 en
613 1772 150 26 sammanlagd
773 1772 153 20 kostnadsram
935 1778 28 14 av

71 1802 12 19 3
92 1802 42 20 000
143 1802 41 20 000
195 1802 39 22 kr.,
245 1803 40 24 äga
295 1807 48 14 rum
353 1801 49 20 med
412 1801 112 20 anlitande
535 1807 28 14 av
574 1801 38 20 det
623 1801 6 20 i
637 1802 57 19 årets
707 1801 256 27 statsverksproposition

72 1831 212 26 (kapitalbudgeten,
304 1831 71 26 bilaga
392 1831 20 22 2,
428 1831 98 26 punkten
540 1831 22 25 6)
577 1831 68 20 under
658 1831 212 20 försvarsväsendets
889 1830 74 27 fastig-

72 1861 110 23 hetsfond,
203 1860 245 27 marinförvaltningens
467 1860 87 20 delfond
574 1861 75 22 därav,
669 1861 33 19 för
724 1861 130 26 budgetåret
874 1860 90 26 1943/44

72 1890 88 22 äskade,
181 1896 28 14 av
230 1890 109 20 utskottet
358 1890 120 26 tillstyrkta
492 1890 241 26 investeringsanslaget
748 1896 28 14 av
792 1890 26 20 10
826 1886 39 34 000
869 1886 47 34 000
931 1890 31 20 kr.

72 1920 32 19 till
119 1919 57 20 vissa
194 1920 202 26 byggnadsarbeten
412 1926 28 13 m.
456 1926 29 13 m.
500 1921 58 19 samt
572 1921 35 18 att
621 1920 136 25 uppförande
772 1926 28 13 av
816 1919 102 21 bostäder
931 1920 33 19 för

72 1949 140 26 flygvapnets
230 1949 98 26 personal
345 1949 69 26 jämte
432 1949 137 26 erforderliga
584 1949 151 20 markförvärv
751 1949 35 20 må
798 1949 58 20 inom
867 1955 26 14 en
904 1949 60 20 kost-

72 1979 102 20 nadsram
190 1985 28 14 av
234 1980 12 19 3
256 1979 41 20 000
305 1979 41 20 000
357 1979 32 20 kr.
401 1980 58 19 samt
470 1978 6 20 i
488 1979 41 20 den
541 1979 50 20 mån
603 1979 69 20 medel
684 1979 73 20 därför
768 1979 46 20 icke
831 1978 132 21 beräknats
945 1974 14 36 i

71 2010 70 18 annat
155 2009 165 26 sammanhang,
337 2010 39 24 äga
392 2014 48 14 rum
455 2009 49 19 med
519 2008 112 21 anlitande
643 2015 29 13 av
681 2008 37 20 det
726 2015 29 13 av
764 2008 42 20 RD
816 2008 103 21 anvisade
932 2008 32 20 in-

72 2038 220 27 vesteringsanslaget
304 2044 29 14 av
346 2038 26 20 25
381 2038 41 20 000
431 2038 41 20 000
484 2038 32 20 kr.
531 2038 32 20 till
577 2038 57 20 vissa
648 2038 202 26 byggnadsarbeten
864 2044 29 14 m.
904 2044 28 14 m.

100 2068 33 20 31.
151 2068 42 20 RD
205 2068 126 26 godkänner
341 2068 95 26 grunder
444 2068 33 20 för
485 2068 123 26 avlönings-
617 2068 39 20 och
666 2068 211 26 pensionsförmåner
885 2068 24 20 åt
917 2073 47 21 per-

72 2098 60 20 sonal
145 2098 5 20 i
162 2098 92 23 arméns,
267 2098 108 20 marinens
387 2098 40 20 och
438 2098 140 26 flygvapnets
589 2103 95 15 reserver
694 2099 58 19 samt
763 2098 33 20 för
807 2098 156 26 avlöningsför-

983 185 101 24 FSA
1117 164 90 17 Motioner
1230 201 15 2 S
1299 161 45 46 KOM
1384 161 61 59 Skriv.
1494 160 106 31 Protokoll

1112 218 33 16 FK
1147 214 23 30 |
1174 218 35 16 AK
1231 219 85 15 ISmllAvd!
1339 219 27 16 Nr
1484 218 32 16 FK
1582 218 35 16 AK

982 349 28 20 431
1037 349 40 20 235
1087 345 27 35 |
1121 360 29 4 —I
1186 349 71 20 —JI111
1297 349 7 19 1
1360 348 12 20 41
1396 349 38 20 3211
1461 349 33 20 24:
1505 351 25 17 93
1537 344 19 35 |
1562 348 33 21 24:
1606 351 25 17 38

1037 382 21 20 pt
1068 381 10 17 2
1334 386 14 11 s.
1360 380 79 18 5]s.10

993 474 8 12 »
1037 467 40 20 [2351
1122 480 27 2 —I
1187 467 70 20 —JI11]
1298 468 6 19 1
1360 467 13 20 41
1397 467 38 21 321
1438 463 18 34 |
1461 467 33 21 24:
1506 469 23 18 97
1534 463 22 34 |
1562 467 33 20 24:
1606 469 25 18 38

1028 505 15 11 s.
1055 499 37 18 143]
1328 505 15 11 s.
1351 499 88 18 731s.44

993 533 8 12 »
1013 522 19 36 |
1037 527 40 20 2251
1122 539 27 2 —|
1187 539 27 2 —I
1248 527 55 19 61—]
1335 527 38 20 1591
1397 527 40 20 3241
1461 527 33 20 24:
1506 529 24 18 99
1535 522 19 36 |
1562 526 33 21 24:
1606 529 25 17 89

993 651 8 13 »
1015 640 18 35 |
1037 644 38 21 251]
1121 657 28 2 —I
1187 657 26 2 —JI
1248 645 60 19 61—]
1336 645 37 20 1721
1397 645 40 20 3381
1462 645 32 20 24:
1509 647 36 17 104)
1562 644 33 21 24:
1609 647 38 17 100

1037 678 21 20 pt
1069 677 7 17 1
1334 677 101 17 tlpe.d

993 711 8 12 »
1012 700 18 34 |
1037 704 37 20 251
1122 716 27 3 —I|
1187 716 27 2 —I
1248 705 61 19 61—
1307 700 7 34 i]
1335 704 38 20 1721
1397 705 40 20 338]
1463 704 33 20 24:
1509 706 37 18 104|
1562 704 33 20 24:
1609 706 38 18 100

1037 738 21 19 pt
1068 736 10 17 5
1334 741 15 12 si
1361 736 75 17 4128

993 769 8 14 »
1010 759 23 35 |
1037 764 38 20 201]
1122 775 27 3 —I
1192 776 21 1 —I
1248 764 61 19 61—1
1335 764 38 20 1721
1397 764 40 20 3381
1461 764 33 20 24:
1509 766 36 17 104]
1562 763 33 20 24:
1609 765 38 18 100

1037 797 22 19 pt
1067 796 10 16 6
1334 795 79 17 s.5|s.
1426 796 10 17 2

993 829 9 12 »
1013 818 19 36 |
1038 823 37 20 251]
1122 835 27 2 —|
1186 835 28 2 —I
1248 823 12 19 6
1282 835 27 2 |—]|
1335 823 38 20 1721
1397 823 40 20 3381]
1462 822 33 21 24:
1509 824 36 18 104]
1562 822 33 21 24:
1610 824 38 18 100

1037 856 21 20 pt
1068 855 9 17 7
1334 854 102 18 s.5ls.2

993 888 9 13 »
1013 877 19 36 I
1037 882 41 20 310]
1122 894 27 2 —|
1187 894 27 2 —I
1248 882 61 19 6|—]|
1335 882 38 20 1751
1397 882 38 20 341]
1462 882 33 20 24:
1509 884 37 18 104]
1562 881 34 21 24:
1610 884 38 17 100

993 1422 9 12 »
1051 1427 28 3 —
1111 1416 38 19 1100]
1187 1427 27 2 —I
1248 1416 13 19 6
1282 1427 27 3 /—]1
1336 1415 36 20 1771
1411 1427 27 3 —I|
1462 1415 33 20 24:
1509 1417 36 17 1041
1562 1415 33 19 24:
1610 1417 38 17 100

993 1480 8 13 »
1012 1470 22 34 [
1038 1475 39 20 2871]
1122 1486 27 3 —I
1187 1486 27 3 —I
1248 1475 61 19 61—]1
1335 1475 38 20 1971
1397 1474 38 20 411
1437 1470 18 34 |
1462 1474 26 20 25:
1506 1476 25 17 28
1535 1470 22 34 |
1562 1474 33 20 26:
1609 1475 22 18 15

994 2074 9 13 »
1007 2063 23 35 |
1040 2067 39 21 143
1084 2063 22 35 |
1109 2067 41 21 224
1154 2063 18 35 |
1173 2067 41 21 325]
1249 2068 61 19 61—
1307 2063 18 35 |
1336 2067 37 20 1981
1398 2067 41 20 450]
1463 2067 33 20 25:
1507 2067 39 20 28dl
1563 2067 34 20 26:
1610 2067 38 20 15d

1109 2097 40 21 225
