1859 2365
818 161 136 15 SAKREGISTER

103 435 142 27 Domkaptitel.

147 472 26 14 av
197 466 66 20 vilket
285 466 73 26 anslag
381 467 62 25 högst
466 467 42 20 883
525 467 31 20 kr.
574 467 27 20 33
625 469 34 19 öre
677 468 35 20 må
731 468 109 20 användas
856 468 33 20 till
906 468 34 20 hö-

146 496 65 25 jande
238 503 25 12 av
289 497 143 25 ersättningen
459 497 31 20 för
517 497 91 21 vikariat
632 497 67 21 under
722 498 218 20 konsistorienotaries

148 528 107 18 semester.

132 585 40 20 För
189 585 124 25 budgetåret
334 584 125 28 1927/1928
480 586 100 26 uppföres
600 586 36 21 det
654 586 43 21 ord.
717 587 96 26 anslaget
831 587 32 20 till
883 587 57 20 dom-

146 614 108 26 kapitlens
274 615 146 26 expeditioner
439 616 50 20 med
507 616 124 21 oförändrat
650 617 78 26 belopp
748 617 79 20 91350
844 617 40 24 kr.;
902 618 39 19 och

147 645 84 19 anvisas
251 645 32 19 till
302 645 68 20 ökade
389 646 151 20 arbetskrafter
558 646 36 20 vid
613 646 159 27 domkapitlens
796 647 146 26 expeditioner

147 674 32 20 för
196 674 124 26 budgetåret
338 674 126 28 1927/1928
480 677 30 19 ett
526 678 60 18 extra
605 676 74 26 anslag
697 683 26 13 av
743 677 26 19 36
779 677 43 20 400
841 677 40 24 kr.;
901 678 40 19 och

147 704 115 25 medgives,
279 706 31 18 att
329 705 129 26 provisorisk
478 705 153 27 lönereglering
649 707 36 19 må
704 706 68 20 under
791 707 58 20 tiden
870 707 10 19 1
900 707 41 25 juli

148 734 115 20 1927—30
280 735 47 25 juni
346 734 56 20 1928
418 735 57 25 gälla
493 736 67 25 ifråga
578 742 35 14 om
633 736 91 20 notarier
743 737 39 19 och
801 743 141 13 amanuenser

146 763 35 20 vid
198 763 26 20 de
241 764 148 20 ecklesiastika
408 765 174 24 konsistorierna;
600 766 39 19 och
656 766 114 25 medgives,
788 768 31 18 att
834 766 108 26 tillfälliga

146 793 123 26 lönetillägg
285 795 35 19 må
336 794 68 20 under
420 794 59 20 tiden
497 794 10 20 1
524 795 41 26 juli
583 794 115 21 1927—30
710 796 48 26 juni
770 795 56 21 1928
838 796 32 22 till
883 800 59 16 extra

145 823 97 20 biträden
259 824 39 19 och
315 824 144 20 vaktmästare
476 824 36 20 vid
528 825 167 20 konsistorierna
707 826 50 25 utgå
768 825 65 26 enligt
844 826 26 20 de
881 832 60 19 grun-

145 852 43 25 der,
206 859 46 14 som
272 853 131 20 bestämmas
423 861 26 13 av
469 854 60 20 KM:t
544 855 8 19 i
568 854 144 27 huvudsaklig
731 856 210 20 överensstämmelse

146 882 49 20 med
212 883 40 20 vad
269 883 235 26 departementschefen
515 884 8 20 i
534 884 232 27 statsrådsprotokollet
781 887 49 18 över
843 885 98 21 ecklesia-

145 913 137 19 stikärenden
294 913 40 20 den
346 914 14 19 4
370 914 44 25 jan.
428 913 56 21 1927
496 914 102 24 förordat;
616 915 40 20 och
667 915 84 20 anvisas
762 915 33 20 till
807 915 135 20 bestridande

145 949 26 13 av
187 942 144 21 kostnaderna
347 943 32 20 för
395 943 42 20 den
453 944 142 26 provisoriska
611 944 179 27 löneregleringen
807 945 32 20 för
850 946 92 19 notarier

147 972 39 20 och
203 979 141 14 amanuenser
360 973 36 20 vid
413 973 26 20 de
455 974 148 20 ecklesiastika
618 974 165 21 konsistorierna
799 977 56 18 samt
865 975 33 20 för
909 975 32 20 be-

146 1002 62 20 rörda
224 1002 108 26 tillfälliga
348 1003 123 26 lönetillägg
487 1004 22 20 åt
524 1004 109 20 därstädes
649 1005 106 20 anställda
771 1007 60 18 extra
845 1005 96 20 biträden

147 1032 38 20 och
203 1032 143 21 vaktmästare
363 1033 33 20 för
412 1033 124 26 budgetåret
554 1033 125 28 1927/1928
696 1036 30 18 ett
741 1037 61 18 extra
817 1035 123 26 förslagsan-

147 1062 45 26 slag
207 1063 13 19 å
235 1062 28 20 49
273 1062 42 20 000
332 1063 39 25 kr.,
388 1070 25 13 av
434 1063 67 20 vilket
520 1064 73 25 anslag
612 1064 61 26 högst
692 1064 42 20 883
754 1065 30 19 kr.
806 1065 26 19 33
852 1067 35 18 öre
906 1066 35 19 må

147 1092 108 20 användas
279 1092 33 20 till
336 1093 93 26 höjande
452 1100 25 13 av
493 1094 143 25 ersättningen
653 1094 32 20 för
700 1094 92 21 vikariat
807 1095 68 20 under
891 1095 50 20 kon-

146 1122 175 20 sistorienotaries
338 1125 107 18 semester.

131 1181 37 20 RD
185 1181 98 24 besluter,
300 1183 31 18 att
351 1182 251 26 avlöningsreglementet
624 1183 34 20 för
681 1183 208 26 befattningshavare
904 1184 37 20 vid

146 1211 202 26 statsdepartement
363 1212 40 20 och
419 1212 57 20 vissa
491 1212 67 20 andra
580 1213 57 23 verk,
661 1213 129 20 tillhörande
814 1213 41 20 den
878 1214 64 19 civila

146 1241 219 26 statsförvaltningen,
384 1242 68 26 jämte
472 1241 88 21 därmed
579 1242 141 21 samhörande
739 1243 201 26 avlöningsbestäm-

146 1270 78 20 melser
240 1270 54 20 skall
310 1271 25 20 fr.
352 1278 19 13 o.
388 1278 28 13 m.
433 1271 42 20 den
494 1272 9 19 1
520 1272 41 26 juli
576 1272 56 20 1928
646 1274 38 23 äga
695 1273 138 26 tillämpning
844 1274 12 19 å
867 1273 74 20 befatt-

147 1300 141 26 ningshavare
315 1300 37 20 vid
376 1300 25 21 de
425 1301 148 20 ecklesiastika
597 1302 176 21 konsistoriernas
796 1303 146 26 expeditioner

147 1332 56 17 samt
221 1331 32 19 att
271 1331 7 19 i
296 1330 105 21 samband
425 1330 88 21 därmed
532 1331 26 20 de
577 1332 96 25 sportler,
697 1338 46 14 som
767 1339 29 13 nu
820 1333 122 20 tillkomma

147 1359 249 21 konsistorienotarierna
415 1361 6 19 i
440 1361 56 19 form
515 1367 27 14 av
561 1361 194 27 expeditionslösen
774 1364 57 18 samt
849 1362 92 21 arvoden

146 1390 33 19 för
195 1389 131 26 förvaltning
341 1396 27 14 av
384 1390 56 21 vissa
456 1390 76 20 fonder
548 1391 39 20 och
603 1391 73 20 kassor
691 1392 40 20 och
747 1392 33 20 för
793 1392 112 26 utdelning
916 1399 26 14 av

146 1419 131 24 fosterlöner,
293 1420 60 20 skola
369 1431 28 3 —
413 1420 106 20 arvodena
535 1420 54 21 dock
605 1421 75 20 endast
690 1422 7 19 i
708 1421 41 20 den
765 1423 51 19 mån
832 1422 110 20 desamma

146 1450 76 25 prövas
241 1449 131 21 fortfarande
391 1450 52 20 böra
461 1451 51 25 utgå
531 1462 28 2 —
577 1451 99 25 indragas
695 1451 33 20 till
747 1452 135 24 statsverket;
902 1453 39 19 och

147 1479 129 20 bestämmes
292 1479 82 21 antalet
384 1479 44 21 ord.
441 1480 211 26 befattningshavare
662 1481 37 20 vid
710 1481 160 27 domkapitlens
881 1489 61 19 expe-

146 1508 101 25 ditioner;
264 1509 39 20 och
320 1509 123 26 godkännes
459 1510 79 26 förslag
553 1510 34 20 till
603 1512 42 18 stat
660 1511 33 20 för
709 1511 158 26 domkapitlens
881 1519 60 19 expe-

146 1538 98 23 ditioner,
261 1541 32 18 att
312 1539 109 26 tillämpas
440 1540 25 19 fr.
483 1546 18 14 o.
518 1547 29 13 m.
568 1540 125 26 budgetåret
713 1540 126 28 1928/1929
858 1549 28 13 m.
904 1549 37 17 m.;

147 1568 39 20 och
206 1568 100 26 uppföres
326 1569 69 20 under
414 1569 33 20 8:e
466 1570 40 19 HT
525 1581 29 3 —
572 1570 50 20 med
640 1570 136 21 uteslutande
796 1578 26 13 av
842 1571 36 21 det
897 1571 44 21 ord.

146 1598 96 26 anslaget
258 1599 32 19 till
307 1598 159 27 domkapitlens
482 1599 146 26 expeditioner
644 1612 29 2 —
688 1601 69 20 under
772 1608 83 13 samma
868 1602 74 20 rubrik

147 1629 31 19 ett
194 1628 43 20 ord.
255 1628 164 26 förslagsanslag
435 1635 26 14 av
477 1629 42 20 279
529 1629 42 20 300
583 1630 41 23 kr.;
641 1630 39 20 och
698 1630 108 21 nedsättes
823 1631 36 20 det
875 1631 68 21 under

147 1657 33 20 8:e
200 1657 39 20 HT
263 1658 106 26 uppförda
393 1658 44 20 ord.
461 1659 185 26 förslagsanslaget
669 1660 32 20 till
725 1660 144 27 ålderstillägg
892 1661 50 20 med

149 1687 26 19 10
185 1687 42 20 000
244 1687 31 20 kr.
291 1688 34 20 till
343 1688 41 19 125
394 1687 42 21 000
453 1688 31 20 kr.

158 1722 24 17 Se
195 1722 35 17 ock
243 1722 120 23 Blomberg,
377 1723 62 18 Anna
447 1723 65 22 (1926),
524 1723 323 23 Eeklesiastikdepartementet
859 1725 58 19 (1922:
927 1731 15 16 s,

172 1751 14 14 9;
200 1745 52 18 1923:
262 1752 14 16 7,
285 1752 15 14 8;
314 1746 51 17 1924:
375 1752 14 15 3,
398 1752 15 14 4;
424 1746 51 17 1926:
484 1753 15 14 s,
508 1747 21 21 6),
538 1748 111 22 Expenser
658 1748 60 21 (1921:
728 1749 21 20 s),
757 1749 185 18 Folkskoleväsen

169 1769 59 21 (1927:
237 1770 33 20 43),
280 1770 244 22 Folkskolinspektörer
532 1771 58 21 (1924:
600 1771 22 22 1),
632 1772 127 22 Henrikson,
768 1773 23 18 M.
800 1772 64 22 (1926),
874 1773 68 18 Nord-

170 1793 59 22 lund,
243 1794 62 18 Anna
318 1794 85 18 Amalia
415 1794 66 21 (1928),
494 1795 170 19 Pensionsväsen
676 1796 58 22 (1928:
744 1799 34 20 15),
792 1797 149 22 Trycknings-

171 1817 122 19 kostnader
305 1818 59 21 (1921:
374 1820 20 19 7).

102 1869 306 27 Domkyrkotunnomedel.

132 1901 87 26 Förslag
234 1908 47 19 ang.
298 1902 152 27 överflyttning
466 1909 26 14 av
508 1902 259 27 domkyrkotunnomedel
786 1904 47 21 från
853 1905 88 20 Kalmar

146 1931 120 26 domkyrka
282 1932 33 20 till
333 1932 70 27 Växjö
419 1932 121 27 domkyrka
555 1933 75 20 avslås.

101 1989 142 26 Domsagor.

131 2020 41 20 Till
190 2021 135 20 bestridande
342 2028 25 13 av
384 2022 55 19 vissa
456 2022 74 26 bidrag
546 2022 33 20 till
593 2022 142 21 kostnaderna
746 2024 33 20 för
789 2024 151 26 domsagornas

146 2050 137 26 förvaltning,
304 2051 5 20 i
329 2051 145 26 huvudsaklig
497 2053 212 21 överensstämmelse
732 2054 49 20 med
804 2054 25 20 de
848 2055 92 25 grunder

1649 159 42 20 359

983 215 26 2 Fi
1149 216 40 6 EE
1299 216 7 2 ;
1412 232 53 17 Riks-

976 254 17 25 S
1053 257 9 32 ER
1130 278 3 4 :
1179 256 10 32 I
1272 249 42 17 RO
1402 256 73 33 dagens
1532 263 118 17 Kamrarnas

976 285 17 25 3
999 274 22 55 |
1030 291 41 27 az
1088 278 101 27 Motioner]
1198 274 22 55 —
1221 279 126 46 ntlåtanden
1350 274 52 55 "|
1417 292 47 17 ekri-
1470 274 28 55 |
1518 292 144 22 förhandlingar

974 305 16 40 ES
1030 311 41 33 Ze
1210 314 46 12 eller
1269 309 99 18 memorial
1409 321 63 18 ölsr

971 342 98 29 SES
1272 367 1 32 >]
1337 370 2 9 I
1445 370 1 4 |
1533 359 14 2 SÅ
1591 359 81 2 NÄE

976 372 89 21 FIER
1203 382 12 10 sl
1245 374 17 16 Pl
1359 377 17 18 2
1460 378 17 18 2
1478 368 12 32 |
1506 376 67 17 Första
1588 376 1 5 |
1607 376 65 17 Andra

976 389 12 9 =
1030 384 35 41 28
1091 362 84 70 PAK
1203 394 17 31 E
1245 392 28 40 ål
1299 397 17 16 H
1337 416 2 11 |
1359 397 17 25 -
1416 383 9 43 Zz
1445 412 1 20 |
1460 398 17 24 &
1476 394 20 32 |
1502 400 71 17 kamm,
1576 394 24 32 |
1604 400 70 18 kamm.

1445 455 1 9 |

956 469 54 21 1926
1134 440 2 48 |
1230 440 1 80 |
1338 478 1 16 I
1445 466 1 5 I

1134 498 2 13 |
1338 499 1 19 |

1230 539 1 23 Re
1338 539 1 29 |

1135 576 1 9 |
1338 585 1 3 I

955 589 115 22 192711:81
1101 589 35 26 281
1155 590 27 20 30]
1209 588 52 22 6]
1241 584 47 35 1]
1314 591 25 21 81
1359 584 56 35 2818
1424 584 74 35 Alzo)
1509 592 70 20 16:4d]
1609 584 33 35 17:
1648 584 30 35 30

1024 612 51 38 p.41,
1135 616 1 34 |
1231 621 1 21 |
1338 625 1 14 |

1037 654 23 17 2
1135 653 1 27 |
1231 655 1 25 |
1338 664 1 16 |

1135 684 1 11 I

1338 707 1 13 I

1230 745 1 6 |
1338 738 1 30 |

1135 815 1 6 |
1230 809 1 17 I
1389 820 1 5 I

1230 828 1 19 I
1338 839 1 10 I
1389 828 2 28 I

1230 848 1 13 I
1338 858 1 4 I

1389 871 2 9 |

1230 863 1 51 |
1338 881 1 23 Rd

1338 913 109 34 LR

1230 964 1 22 |
1338 952 1 28 |
1446 952 1 32 |

1230 990 1 13 I
1338 984 1 11 I

1230 1007 1 21 I
1389 1009 2 18 alle

1230 1036 2 24 I
1338 1040 1 19 |
1446 1047 1 5 |

1230 1064 1 4 I
1338 1061 53 17 je

1230 1075 2 16 |

1230 1094 2 13 I
1338 1080 53 32 RA

1230 1126 2 34 |
1338 1131 53 24 KE

957 1184 56 22 19281
1029 1185 41 20 102
1086 1185 42 20 1258
1209 1185 12 20 6!
1252 1185 9 20 1!)
1300 1187 28 19 64
1401 1183 40 33 105
1501 1188 32 19 22:
1544 1187 41 21 28d1
1601 1187 33 20 22:
1646 1187 41 21 82d

1081 1386 2 28 |

1081 1420 2 29 |

1081 1643 2 13 I

1081 1666 2 25 |

1081 1708 1 11 |
1272 1699 2 17 I

1081 1725 1 11 I

1081 1772 1 19 I

1188 1803 1 10 I

1081 1808 1 32 |
1188 1816 1 16 |

1080 1848 2 32 förl
1188 1836 85 35 arsnaa
1588 1847 2 30 |

956 1905 56 22 19251
1029 1904 39 20 111
1080 1914 1 4 |
1139 1905 49 23 378)
1207 1905 12 20 6)
1251 1905 10 20 11
1300 1906 27 21 90
1400 1903 41 34 209
1499 1904 33 33 338:
1546 1908 39 21 Skå
1601 1908 33 20 36:
1646 1908 41 21 58d

1187 1952 1 4 I
1588 1936 2 24 I

1187 1976 1 30 |

955 2024 53 22 19211
1028 2024 53 20 1:2|
1187 2016 1 38 |
1208 2026 12 19 6)
1251 2025 10 20 1]
1287 2026 40 20 2A]
1359 2028 214 20 88l2Al26]-12:23
1588 2021 97 39 ]17:118

1025 2059 45 23 p.29
1080 2065 1 15 |
1187 2064 1 17 I
1588 2058 1 11 I
