1848 2358
806 152 135 34 SAKREGISTER
1630 156 42 20 593

1393 230 51 18 Riks:

1383 260 72 22 dagens
1513 261 118 17 Kamrarnas

1387 286 56 31 skri-
1498 290 145 22 förhandlingar

1389 320 63 18 velser

65 212 82 3 ————
315 214 47 1 —
431 206 103 11 —
692 214 25 2 —
797 215 130 1 RNE

948 214 46 3 |

1226 248 94 18 Utskotts-

1069 273 93 32 Motioner
1214 278 111 18 utlåtanden

1190 308 46 17 eller
1248 308 99 17 memorial

1587 374 64 18 Andra

1583 399 71 17 kamm.

953 253 22 146 IBS3epsNIA

1010 300 18 105 T98[9ATIYS
1010 241 18 47 TON

1029 372 17 53 "doad
1030 300 21 64 sy:lem
1030 224 21 70 Bun

1485 374 67 18 Första

1072 385 33 18 FK
1123 386 36 17 JAK
1483 395 69 30 kamm.

1183 368 17 57 "Teg

1224 373 17 49 "PAV

1278 385 17 17 VA

1278 404 11 9 H

1338 376 17 45 BpIs

1392 385 17 28 IN

1440 376 17 45 BPpIg

84 433 179 37 Föreläsningar.
1318 442 2 46 |

127 468 105 21 kommun
248 468 52 21 eller
315 469 84 21 enskild
416 476 76 20 person
507 470 123 20 anordnade
646 472 31 18 att
693 470 69 21 under
781 470 58 20 tiden
858 470 10 20 1
881 470 41 26 juli

129 498 115 21 1924—30
255 499 48 26 juni
316 499 55 20 1925
383 499 52 21 eller
444 506 72 14 senare
527 500 69 20 hållas
608 502 59 18 utom
680 500 241 25 universitetsstäderna,
937 500 56 20 [1924
1115 517 1 4 I

127 528 85 21 anvisas
223 528 32 21 för
272 528 124 27 budgetåret
413 528 124 28 1924/1925
554 532 31 18 ett
600 532 60 18 extra
671 530 214 26 reservationsanslag
896 537 26 14 av
1252 536 2 16 |

129 558 25 20 10
164 558 43 20 000
224 558 38 25 kr.,
278 565 64 14 varav
357 559 62 20 7000
432 559 30 20 kr.
474 559 33 20 till
519 560 95 25 Uppsala
624 560 126 20 universitet
760 560 40 20 och
814 560 12 19 3
836 559 42 21 000
890 560 30 20 kr.
1252 559 2 21 I

127 587 33 20 till
176 587 73 21 Lunds
265 588 131 24 universitet,
413 590 31 19 att
460 589 50 25 utgå
524 589 68 20 under
603 589 77 21 villkor
691 591 31 18 att
733 589 48 25 den,
793 596 45 14 som
850 590 73 26 begärt
1252 581 2 21 |

127 617 135 26 föreläsning,
279 618 116 27 tillskjuter
411 618 77 21 arvode
504 619 67 20 minst
586 619 45 20 lika
647 620 53 19 stort
716 619 77 27 belopp
805 625 45 14 som
862 621 60 18 stats-

128 646 101 26 bidraget.

86 711 9 15 3
114 706 73 20 Såsom
205 706 73 26 bidrag
293 707 33 20 till
344 707 135 21 bestridande
495 714 26 14 av
537 708 143 20 kostnaderna
695 709 33 19 för
738 708 26 20 de
775 708 146 26 föreläsnings-|
960 716 8 11 »
1010 708 41 20 |1:8
1189 708 52 21 6/1
1294 710 12 19 8
1317 700 77 30 11758
1404 710 58 18 Alt)
1486 709 69 21 27:87
1568 699 1 40 |
1588 709 32 20 21:
1632 714 24 15 69

128 736 80 24 kurser,
225 743 45 13 som
287 739 35 18 äro
338 737 93 20 avsedda
446 739 32 19 att
493 738 68 20 under
576 745 121 13 sommaren
716 738 56 20 1924
788 738 51 21 eller
849 745 73 13 senare
1003 743 55 22 p.192
1568 742 1 3 |

128 766 35 20 vid
187 766 147 21 universitetet
352 767 8 20 i
376 767 95 27 Uppsala
493 768 106 20 anordnas
618 768 33 20 för
669 768 152 24 allmänheten,
838 769 84 19 anvisas

127 796 33 20 för
170 796 126 26 budgetåret
308 795 125 29 1924/1925
445 799 31 18 ett
486 800 60 18 extra
556 798 214 26 reservationsanslag
781 804 25 15 av
819 798 11 20 9
841 798 42 20 000
891 798 30 20 kr.

86 865 6 15 1
112 861 41 20 Till
170 861 116 21 understöd
303 863 22 20 åt
340 862 103 21 anstalter
458 863 39 20 och
513 863 127 26 föreningar,
657 870 46 14 som
719 863 95 21 anordna
825 863 96 27 populär-
936 862 57 22 19251
1009 862 41 21 1:8
1189 864 50 20 6)11-
1293 864 69 20 8/185|8
1381 863 81 20 Alos)
1480 864 31 20 19:
1523 857 45 33 66d|
1587 864 33 20 21:
1632 869 23 15 66

127 891 160 27 vetenskapliga
303 892 160 26 föreläsningar,
479 894 84 20 anvisas
574 893 33 20 för
618 893 125 26 budgetåret
755 893 125 27 1925/1926
892 895 30 18 ett
1001 904 17 16 p.
1021 890 35 35 221
1567 891 1 15 |

127 923 61 18 extra
211 922 215 27 reservationsanslag
449 929 26 14 av
492 923 42 20 350
544 923 42 21 000
603 923 38 24 kr.;
658 923 39 21 och
714 923 108 26 medgiver
838 924 37 19 RD
891 926 30 17 att

128 957 26 13 av
170 951 60 20 detta
245 952 74 26 anslag
336 953 35 19 må
387 953 109 20 användas
512 953 62 26 högst
590 953 27 20 25
626 953 42 20 000
685 953 31 20 kr.
728 953 33 20 till
773 953 116 20 understöd
900 954 22 19 åt

127 981 158 26 centralbyråer
300 982 39 20 och
356 982 153 27 undantagsvis
525 984 54 19 även
595 984 22 19 åt
627 983 66 20 andra
704 983 218 26 sammanslutningar

127 1011 33 19 för
183 1011 130 27 förmedling
337 1019 25 13 av
386 1012 74 27 dylika
483 1012 159 27 föreläsningar,
663 1013 12 20 3
685 1013 42 20 000
744 1013 31 22 kr.
792 1013 32 20 till
841 1020 25 13 en
884 1013 37 20 hos

128 1040 201 27 skolöverstyrelsen
346 1042 93 20 anställd
450 1042 256 27 föreläsningskonsulent
717 1045 56 18 samt
784 1043 62 26 högst
856 1043 13 20 8
879 1042 42 21 000

128 1070 31 21 kr.
184 1070 33 20 till
241 1071 117 21 understöd
380 1072 23 20 åt
424 1072 57 20 vissa
502 1072 102 21 anstalter
627 1073 33 20 för
678 1079 25 14 av
720 1072 48 21 dem
785 1073 70 20 havda
870 1079 50 13 rese-

130 1100 115 20 kostnader
260 1101 33 20 för
308 1101 121 21 föreläsare.

63 1130 2 8 I

64 1158 1 16 |
85 1164 9 15 2
113 1159 74 20 Såsom
213 1160 74 26 bidrag
310 1161 32 20 till
364 1161 104 21 täckande
485 1168 25 14 av
527 1161 142 21 kostnaderna
684 1162 33 20 för
733 1162 25 20 de
775 1162 146 25 föreläsnings-|
960 1169 8 11 »
1011 1161 39 20 |1:8
1188 1161 12 20 6)
1231 1161 9 20 11
1293 1162 69 20 818618
1381 1162 81 20 Alosk
1488 1161 132 21 19:581:21:
1631 1167 24 15 66

127 1189 81 25 kurser,
234 1196 46 14 som
304 1191 48 20 från
375 1191 152 21 universiteten
544 1192 5 19 i
567 1192 95 26 Uppsala
680 1192 39 20 och
736 1192 62 20 Lund
814 1191 66 21 varda
895 1192 27 26 på
1001 1202 16 16 p.
1021 1195 37 23 223

128 1219 91 26 begäran
243 1226 49 14 vare
315 1221 32 26 sig
368 1227 26 14 av
416 1221 129 25 institution,
569 1228 46 13 som
639 1222 19 26 ej
678 1222 94 26 åtnjuter
788 1221 85 21 särskilt
889 1221 32 20 till
1114 1231 2 17 |

127 1249 253 28 populärvetenskapliga
403 1251 152 26 föreläsningar
575 1251 87 27 beviljat
678 1251 176 25 statsunderstöd,
872 1251 50 20 eller
1114 1253 2 3 I

128 1285 25 13 av
170 1279 43 20 viss
229 1279 105 21 kommun
350 1280 52 21 eller
417 1281 85 20 enskild
519 1287 75 21 person
610 1281 122 21 anordnade
743 1284 31 18 att
785 1281 67 20 under
863 1281 58 20 tiden
1114 1289 2 8 I
1210 1274 1 20 |

130 1308 10 20 1
157 1309 40 26 juli
217 1308 114 22 1925—30
347 1311 48 25 juni
413 1310 55 21 1926
484 1311 51 20 eller
545 1318 73 14 senare
628 1311 69 20 hållas
708 1313 59 18 utom
779 1311 141 21 universitets-
1115 1324 1 14 |
1168 1297 1 33 |

128 1338 105 25 städerna,
258 1340 85 20 anvisas
366 1340 33 20 för
423 1340 124 27 budgetåret
568 1339 125 29 1925/1926
710 1343 30 18 ett
756 1344 60 18 extra
832 1347 89 14 reserva-
1115 1339 1 18 |

128 1368 131 27 tionsanslag
269 1376 26 14 av
308 1369 25 20 11
344 1370 43 20 500
399 1370 37 24 kr.,
449 1377 63 14 varav
525 1371 10 20 7
546 1370 42 21 000
605 1371 30 20 kr.
648 1371 32 20 till
693 1371 94 26 Uppsala
798 1371 124 20 universitet
1115 1364 1 45 |

127 1398 39 20 och
184 1399 65 20 4500
266 1399 30 20 kr.
314 1399 32 21 till
364 1400 74 20 Lunds
455 1401 130 20 universitet.
1061 1420 1 4 I
1115 1415 1 15 |
1209 1411 2 13 I

84 1462 9 14 3
112 1457 73 21 Såsom
203 1458 74 26 bidrag
293 1459 32 20 till
343 1460 135 20 bestridande
494 1467 26 14 av
536 1460 143 21 kostnaderna
695 1461 32 20 för
738 1460 26 21 de
774 1460 147 26 föreläsnings-|
960 1468 8 10 >
1011 1460 40 20 |1:8
1188 1459 12 21 6)
1231 1460 10 20 11]
1293 1460 69 20 83718
1382 1460 80 21 Alo4]
1488 1459 67 21 19:58]
1587 1459 69 21 21:66

127 1487 78 25 kurser,
223 1495 45 13 som
285 1491 36 18 äro
337 1489 94 21 avsedda
446 1492 31 18 att
493 1490 67 20 under
576 1497 121 14 sommaren
715 1490 56 21 1925
788 1490 51 20 eller
849 1496 72 14 senare
1002 1501 16 16 p.
1021 1495 36 22 224

126 1517 6 19 i
149 1518 125 21 Stockholm
299 1519 105 21 anordnas
428 1520 33 20 för
480 1520 152 25 allmänheten,
649 1521 85 20 anvisas
749 1520 33 20 för
798 1520 124 26 budgetåret

128 1546 125 28 1925/1926
271 1550 30 19 ett
317 1551 60 18 extra
393 1550 216 26 reservationsanslag
624 1557 26 13 av
667 1550 64 20 8000
748 1550 30 20 kr.

85 1611 6 14 1
111 1606 42 20 Till
170 1607 116 20 understöd
297 1608 22 20 åt
335 1609 101 20 anstalter
452 1609 39 20 och
508 1610 127 25 föreningar,
652 1616 45 13 som
715 1609 94 20 anordna
825 1609 96 26 populär-
937 1607 90 23 192611:
1038 1608 12 20 8
1188 1608 12 20 6)
1231 1609 10 20 11)
1293 1610 69 20 817418
1381 1609 81 20 Ala4]
1480 1608 32 21 28:
1523 1609 41 20 96d]
1581 1608 32 20 28:
1626 1613 37 16 117

127 1636 161 27 vetenskapliga
309 1638 158 26 föreläsningar,
492 1640 85 20 anvisas
600 1640 33 19 för
652 1639 124 26 budgetåret
796 1638 125 28 1926/1927
1002 1649 16 17 p-
1022 1635 41 35 1921
1317 1655 2 12 I

127 1667 31 18 ett
181 1668 61 18 extra
257 1668 215 26 reservationsanslag
488 1676 26 13 av
530 1668 43 21 400
583 1668 42 20 000
642 1669 38 23 kr.;
697 1669 39 20 och
753 1668 109 27 medgiver
877 1669 44 23 RD,
1318 1671 1 18 |

126 1697 32 19 att
182 1703 26 13 av
233 1696 59 21 detta
311 1697 73 26 anslag
400 1699 35 19 må
451 1698 109 21 användas
576 1699 62 26 högst
654 1698 26 20 25
691 1698 42 20 000
750 1699 30 20 kr.
798 1698 33 21 till
847 1698 75 20 under-

127 1725 47 20 stöd
190 1726 22 19 åt
228 1727 158 26 centralbyråer
401 1728 40 20 och
457 1728 153 26 undantagsvis
626 1730 54 19 även
696 1729 22 19 åt
734 1728 66 20 andra
816 1735 105 13 samman-

127 1755 120 26 slutningar
263 1756 33 20 för
308 1757 130 27 förmedling
453 1765 26 13 av
496 1758 73 27 dylika
584 1758 160 26 föreläsningar,
762 1758 62 20 3000
841 1758 30 20 kr.
889 1758 32 20 till
1169 1763 1 19 |

127 1785 77 21 arvode
220 1786 22 20 åt
258 1793 25 13 en
300 1787 38 20 hos
349 1787 203 27 skolöverstyrelsen
563 1788 93 20 anställd
667 1788 256 26 föreläsningskonsulent

126 1817 57 18 samt
205 1815 62 26 högst
286 1816 64 21 8000
370 1817 31 21 kr.
418 1817 33 21 till
468 1818 116 20 understöd
600 1819 23 20 åt
638 1818 57 21 vissa
710 1818 102 20 anstalter
828 1818 38 20 och
883 1818 39 20 för-

126 1845 87 26 eningar
229 1845 32 21 för
277 1853 26 14 av
319 1847 49 20 dem
384 1847 70 21 havda
470 1848 160 20 resekostnader
645 1848 33 20 för
693 1848 119 20 föreläsare.

84 1909 10 15 2
112 1905 75 19 Såsom
211 1905 73 26 bidrag
305 1906 33 20 till
361 1907 104 20 täckande
485 1914 26 14 av
527 1908 143 20 kostnaderna
686 1908 32 19 för
734 1907 26 21 de
776 1907 147 26 föreläsnings-|
961 1915 8 10 »
1012 1907 52 20 |1:8)]
1115 1915 2 11 |
1169 1904 32 23 J6|
1232 1907 9 20 1]
1294 1906 69 22 8/176|8
1382 1906 81 20 Aris]
1487 1906 68 20 28:97
1581 1905 82 22 128:117

127 1934 81 25 kurser,
232 1941 45 14 som
302 1936 47 20 från
372 1937 151 21 universiteten
540 1938 7 19 i
564 1937 96 27 Uppsala
678 1937 40 21 och
737 1937 62 21 Lund
815 1937 66 21 varda
896 1938 28 25 på
1002 1948 17 16 p.
1022 1933 37 35 194
1170 1946 1 6 |
1373 1953 2 12 |

128 1964 90 26 begäran
242 1972 49 13 vare
314 1966 32 26 sig
369 1973 26 14 av
419 1967 129 25 institution,
573 1974 46 14 som
639 1968 19 26 ej
678 1968 94 26 åtnjuter
788 1967 86 20 särskilt
889 1967 34 20 till
1318 1965 2 18 |
1373 1966 2 42 |

128 1994 252 27 populärvetenskapliga
403 1996 154 27 föreläsningar
573 1997 90 27 beviljat
679 1997 176 25 statsunderstöd,
872 1997 51 20 eller

127 2031 26 13 av
170 2024 43 20 viss
229 2024 104 21 kommun
350 2026 51 20 eller
417 2026 85 21 enskild
518 2033 75 20 person
611 2027 122 20 anordnade
744 2028 31 19 att
785 2027 68 20 under
864 2026 58 21 tiden
1063 2040 1 8 I

129 2053 9 20 1
156 2053 40 26 juli
212 2054 115 21 1926—30
344 2056 47 26 juni
410 2056 54 20 1927
482 2056 51 20 eller
544 2063 73 14 senare
628 2056 69 21 hållas
708 2059 60 18 utom
780 2057 142 20 universitets-
1063 2062 2 20 I
1116 2063 2 19 |

61 2104 28 18 T5.
105 2107 89 18 Sakregistor
205 2109 10 14 1.
