1839 2363
180 152 40 20 750
875 152 224 18 SAKREGISTER

1318 226 112 31 Utskotts-
1502 231 54 16 Riks-

1118 252 49 33 Kungl.
1228 278 3 3 ö
1309 253 130 32 utlåtanden,
1494 253 70 32 dagens
1623 245 118 41 Kamrarnas

1121 285 53 19 Maj:ts]
1186 278 92 17 Motioner
1324 290 76 17 emonel
1412 290 44 17 eler
1505 291 21 16 sk
1612 278 141 21 förhandlingar

1066 309 26 21 År
1120 319 51 14 Åpropir
1315 320 133 17 betänkanden
1488 315 69 32 velser
1639 309 87 20 tprotnr)

1128 345 36 15 eller

1120 375 55 14 skrivit]
1337 380 16 12 ls
1597 374 66 17 Första
1669 370 24 32 |
1700 375 66 16 Andra

1188 385 34 17 FK
1238 386 37 16 IAK
1295 381 16 43 ä
1339 377 10 50 EZ
1377 386 90 17 Nummer
1465 378 11 41 |
1484 386 91 17 Nummer
1572 378 12 41 |
1597 398 69 17 kamm.
1667 378 27 41 |
1698 398 70 17 kamm.

197 443 190 22 Jordbrukskredit.

201 476 9 17 1
226 473 41 21 Till
285 474 141 26 jordbrukets
445 474 155 20 kreditkassor:
619 474 223 27 förvaltningsbidrag
860 474 34 20 till
912 474 198 26 jordbruks-|1936]
1128 475 17 19 1:
1157 477 10 17 9]
1196 487 27 2 —|
1249 487 27 2 —]
1300 475 24 20 10!
1339 487 27 2 —]
1387 475 26 20 82
1480 476 40 20 293
1600 476 33 19 37:
1645 477 24 18 621
1701 477 33 19 37:
1745 478 25 17 37

240 504 157 20 kasserörelsen
413 504 88 20 anvisas
516 506 33 18 ett
564 504 75 26 anslag
654 510 28 14 av
697 504 41 20 375
746 504 42 20 000
802 504 32 20 kr.
851 504 33 26 (f).
1117 505 56 20 pt109

201 566 10 16 2
227 563 42 20 RD
281 565 92 25 antager
383 564 34 20 för
428 564 32 20 sin
472 564 35 20 del
517 564 81 26 förslag
608 564 34 20 till
653 564 35 26 lag
698 564 50 20 med
759 564 57 20 vissa
828 563 164 21 bestämmelser
1003 569 35 15 om
1056 564 53 20 |1936]
1126 564 40 20 249
1187 564 41 20 |433|
1241 564 41 21 8281
1304 564 12 20 81
1345 565 13 20 21
1403 565 8 19 1
1480 564 40 20 340
1600 564 34 20 44:
1645 566 24 18 66
1674 560 19 36 |
1701 565 33 20 46:
1746 568 10 16 2
1767 566 13 19 d

240 593 160 21 centralkassor
408 594 34 20 för
451 594 197 26 jordbrukskredit,
659 593 126 27 förordning
795 599 49 21 ang.
854 594 58 20 vissa
922 593 117 27 ändringar
1242 594 40 21 830

240 623 6 20 i
261 623 155 27 förordningen
431 624 41 20 den
487 623 13 21 3
514 623 40 26 juli
570 623 53 21 1930
638 624 35 25 (nr
687 623 50 27 317)
752 629 35 14 om
801 624 142 26 jordbrukets
957 623 82 20 kredit-

240 653 82 23 kassor,
335 653 127 27 förordning
474 659 35 14 om
521 654 84 20 ändrad
617 653 81 26 lydelse
710 660 28 14 av
750 654 21 25 $$
783 653 12 20 6
808 653 40 21 och
860 653 12 21 7
883 653 155 27 förordningen

240 683 42 20 den
293 683 13 20 3
316 683 48 26 juni
376 683 54 20 1932
441 684 35 25 (nr
488 683 48 26 165)
548 689 48 21 ang.
608 685 46 18 rätt
665 684 33 19 för
709 683 148 20 centralkassa
868 683 34 20 för
911 683 128 27 jordbruks-

240 713 72 20 kredit
328 714 34 19 att
377 713 34 20 till
426 713 143 21 medlemmar
583 713 75 26 intaga
674 713 69 20 andra
759 713 141 21 ekonomiska
915 713 124 27 föreningar

240 744 28 19 än
282 743 202 26 jordbrukskassor,
500 743 35 26 lag
549 748 49 21 ang.
614 743 84 20 ändrad
713 743 82 26 lydelse
810 749 28 14 av
853 742 27 21 58
894 743 10 26 $
919 743 62 26 lagen
997 743 41 20 den

240 772 13 20 6
266 773 49 26 juni
331 773 54 20 1930
399 773 35 26 (nr
448 773 50 26 251)
513 779 36 14 om
563 773 221 26 kommunalstyrelse
799 774 27 25 på
841 773 82 23 landet,
939 773 35 26 lag
988 779 49 20 ang.

240 802 84 21 ändrad
335 803 81 26 lydelse
426 809 28 14 av
464 803 27 20 53
501 803 9 25 $
520 803 62 26 lagen
593 803 41 20 den
645 803 12 20 6
666 803 48 26 juni
726 803 53 20 1930
789 803 35 26 (nr
833 803 50 26 252)
893 809 35 14 om
938 803 101 20 kommu-

241 832 128 27 nalstyrelse
380 833 6 20 i
398 833 50 20 stad
460 834 58 19 samt
528 833 35 26 lag
574 838 49 21 ang.
635 833 85 20 ändrad
731 832 81 27 lydelse
824 839 28 14 av
864 833 27 20 54
901 833 10 25 $
922 833 62 26 lagen
997 833 41 20 den

240 862 12 20 6
266 862 48 26 juni
329 862 53 21 1930
396 863 35 26 (nr
444 863 50 25 259)
509 869 35 14 om
558 863 235 26 församlingsstyrelse;
809 863 41 20 och
862 862 112 27 medgiver
988 863 49 23 RD,

240 893 35 19 att
288 892 61 20 tiden
363 892 34 21 för
410 893 168 20 återställandet
588 893 37 19 till
638 893 211 26 riksgäldskontoret
863 899 28 13 av
905 893 27 19 de
946 893 93 20 svenska

240 923 84 19 statens
332 922 143 27 obligationer
482 922 33 20 till
523 922 113 20 nominellt
643 922 79 27 belopp
729 928 29 15 av
765 922 146 27 sammanlagt
918 922 27 21 20
953 922 86 20 000000
1327 942 2 10 I
1369 928 1 44 |

240 952 39 23 kr.,
292 952 60 20 vilka
363 952 68 26 enligt
442 952 63 20 RD:s
516 952 144 27 medgivande
673 952 147 20 överlämnats
832 952 33 20 till
877 952 92 20 svenska
980 952 59 26 jord-
1369 973 1 3 I

240 981 221 21 brukskreditkassan
478 982 34 20 för
528 982 203 26 pantförskrivning
748 983 71 19 såsom
836 982 101 20 säkerhet
953 982 34 20 för
1004 982 34 20 lån
1369 999 1 6 I

240 1012 39 19 hos
297 1012 140 23 riksbanken,
456 1012 36 20 må
510 1012 125 20 utsträckas
653 1012 139 20 beträffande
809 1012 85 20 hälften
912 1018 28 14 av
958 1012 81 26 obliga-
1369 1017 1 3 I

240 1042 100 19 tionerna
351 1042 33 19 till
395 1042 41 19 den
447 1042 27 19 30
483 1042 48 25 juni
543 1042 50 19 1941
607 1042 39 19 och
658 1041 138 20 beträffande
807 1042 138 19 återstående
955 1041 84 20 hälften

241 1071 32 20 till
289 1071 42 20 den
346 1071 27 20 30
387 1071 48 26 juni
452 1071 60 23 1946;
528 1071 41 20 och
584 1071 96 20 besluter
695 1071 42 20 RD
754 1071 41 20 den
810 1071 93 26 ändring
918 1071 6 19 i
939 1071 100 26 gällande

240 1100 164 21 bestämmelser
423 1106 49 21 ang.
493 1101 181 20 överlämnandet
693 1101 34 19 till
746 1101 132 20 riksbanken
898 1107 29 13 av
946 1101 93 20 svenska

240 1132 84 18 statens
336 1130 145 27 obligationer
492 1131 71 19 såsom
576 1132 55 25 pant
642 1131 33 20 för
687 1137 68 13 envar
766 1130 159 21 centralkassas
936 1130 34 20 för
981 1130 59 27 jord-

240 1160 141 20 brukskredit
404 1160 149 24 förbindelser,
578 1162 35 18 att
637 1161 127 19 nuvarande
788 1160 195 26 maximibeloppet
1007 1160 33 20 för

240 1190 144 26 obligationer
395 1190 61 26 höjes
467 1190 49 20 från
528 1190 40 20 750
577 1190 41 20 000
629 1190 33 20 till
675 1190 57 20 1000
740 1190 42 20 000
792 1190 41 24 kr.;
845 1190 41 20 och
897 1190 88 20 anvisar
996 1190 43 20 RD

240 1220 32 19 till
286 1220 142 26 jordbrukets
443 1220 154 20 kreditkassor:
613 1220 93 20 revision
721 1226 29 14 av
764 1219 275 27 jordbrukskasserörelsen

240 1256 28 13 m.
278 1255 29 14 m.
322 1251 34 19 ett
368 1250 76 26 anslag
457 1256 28 14 av
500 1250 40 19 100
548 1249 41 20 000
602 1250 32 19 kr.
649 1250 35 26 (r);
698 1250 40 19 och
752 1249 99 20 anhåller
863 1250 50 23 RD,
928 1251 34 18 att
976 1249 64 20 KM:t
1231 1256 2 13 I

240 1279 50 20 ville
297 1279 46 20 låta
351 1279 119 21 verkställa
478 1280 117 25 utredning
603 1285 48 20 ang.
660 1279 76 26 frågan
745 1280 69 19 under
821 1279 60 20 vilka
888 1279 151 20 förhållanden
1231 1289 2 23 |

240 1309 148 20 centralkassa
402 1309 55 20 skall
470 1315 53 14 vara
538 1309 86 27 skyldig
637 1310 35 19 att
687 1309 61 20 träda
763 1309 6 19 i
783 1309 138 23 likvidation,
936 1310 57 19 samt
1007 1309 33 20 för

242 1338 52 21 1937
310 1339 35 20 års
361 1339 42 20 RD
420 1339 119 26 framlägga
556 1339 79 26 förslag
653 1339 31 19 till
700 1339 138 26 erforderliga
854 1339 164 20 bestämmelser
1033 1338 6 20 i

240 1370 81 19 ämnet.

201 1461 8 16 -

226 1458 42 20 RD
281 1458 88 20 anvisar
381 1458 33 20 till
424 1458 293 26 jordbrukskassetillsynen:
730 1458 128 26 avsättning
869 1458 33 19 till
913 1457 127 26 jordbruks-
1057 1456 54 21 [1937]
1128 1457 40 20 252]
1196 1469 28 3 —
1227 1452 15 37 |
1251 1469 27 2 —I|
1305 1457 12 19 6
1340 1456 75 20 |—'176
1481 1456 40 21 397
1602 1457 68 20 38:37
1674 1452 28 36 |.
1703 1457 69 20 37:23

240 1488 178 26 kassetillsynens
431 1488 52 19 fond
495 1489 33 19 ett
540 1488 75 26 anslag
627 1493 28 15 av
668 1488 25 19 12
702 1487 41 20 000
754 1488 32 19 kr.
800 1489 57 18 samt
868 1487 34 20 till
913 1487 127 26 jordbruks-

240 1517 173 26 kassetillsynen:
428 1517 148 26 förstärkning
590 1523 28 14 av
631 1517 296 26 jordbrukskassetillsynens
940 1517 53 20 fond
1007 1519 33 18 ett

240 1547 76 26 anslag
328 1553 28 14 av
368 1547 27 20 48
403 1547 42 20 000
457 1547 31 20 kr.
1329 1549 1 9 |

200 1609 10 17 Do

226 1607 42 20 RD
283 1608 92 25 antager
388 1607 80 26 förslag
482 1607 33 19 till
529 1607 127 26 förordning
670 1612 48 20 ang.
734 1606 57 20 vissa
805 1606 118 26 ändringar
936 1606 7 20 i
957 1605 154 21 förord-|1937|
1128 1605 40 21 239
1173 1601 15 36 |
1197 1618 27 2 —|
1251 1618 27 1 —I
1301 1606 25 19 101
1340 1617 28 3 —'
1389 1605 26 20 90
1482 1606 40 19 427
1600 1605 33 20 39:
1646 1607 33 18 101]
1703 1606 33 20 39:
1748 1608 23 17 67

240 1637 79 26 ningen
330 1637 42 20 den
383 1637 12 19 3
405 1637 40 25 juli
458 1636 53 20 1930
521 1637 35 26 (nr
566 1637 49 25 317)
626 1643 35 13 om
672 1636 141 26 jordbrukets
824 1636 148 20 kreditkassor
982 1638 58 18 samt

240 1666 87 20 anvisar
339 1666 33 20 till
383 1666 142 26 jordbrukets
536 1666 155 20 kreditkassor:
704 1666 93 20 revision
810 1672 28 14 av
849 1666 191 26 jordbrukskasse-

228 1714 2 4 .
240 1696 93 20 rörelsen
347 1702 29 14 m.
386 1702 28 14 m.
429 1697 33 19 ett
475 1696 76 27 anslag
563 1702 29 14 av
605 1696 26 20 53
640 1696 41 20 000
694 1696 32 20 kr.
741 1696 27 26 (r)
782 1697 58 19 samt
853 1696 33 19 till
898 1696 142 26 jordbrukets

239 1726 155 20 kreditkassor:
416 1726 222 26 förvaltningsbidrag
658 1726 33 19 till
711 1725 275 27 jordbrukskasserörelsen
1008 1727 32 18 ett
1370 1734 1 20 I

240 1756 75 26 anslag
328 1762 28 14 av
370 1755 41 21 350
419 1755 41 21 000
473 1756 32 20 kr.
520 1756 33 26 (f).

201 1848 7 16 -

225 1845 41 20 Till
281 1845 142 26 jordbrukets
439 1845 154 20 kreditkassor:
611 1845 93 20 revision
720 1851 28 14 av
764 1844 275 27 jordbrukskasserörelsen
1058 1842 53 22 |1938]
1129 1843 17 20 1:
1158 1845 10 18 9]
1197 1856 27 1 —|
1251 1843 115 20 —]10/—]
1406 1844 69 19 1.s.65]
1510 1843 12 19 9
1606 1843 131 20 16::40:]-16:
1749 1845 22 17 01

239 1881 68 14 m.m.
322 1875 88 20 anvisas
424 1876 33 18 ett
471 1875 75 26 anslag
560 1881 27 14 av
602 1875 26 20 53
637 1875 41 19 000
692 1875 32 19 kr.
740 1875 34 25 (r).
1119 1873 54 21 pt121

200 1937 9 16 po

225 1934 41 20 Till
284 1934 142 26 jordbrukets
445 1934 154 20 kreditkassor:
620 1934 223 26 förvaltningsbidrag
862 1934 32 19 till
913 1932 198 28 jordbruks-|1938)
1130 1933 38 19 1:91]
1197 1945 27 2 —!|
1251 1945 26 1 —]
1301 1932 25 20 10
1341 1945 26 1 —|
1406 1933 6 19 1
1430 1934 45 18 -s.66)
1511 1933 11 19 9
1606 1932 31 20 16:
1648 1934 25 17 46
1674 1928 23 35 |
1706 1932 31 20 16:
1749 1934 22 17 71

239 1964 157 20 kasserörelsen
411 1964 87 20 anvisas
512 1965 33 19 ett
559 1964 74 26 anslag
647 1970 28 14 av
689 1963 40 21 350
738 1963 41 20 000
792 1964 32 20 kr.
839 1963 33 26 (f).
1119 1963 56 20 pt122

191 2034 28 6 vu

224 2023 42 20 Till
289 2023 293 27 jordbrukskassetillsynen:
607 2023 128 26 avsättning
759 2023 33 20 till
815 2022 295 27 jordbrukskassetill-1938|
1129 2022 18 20 1:
1159 2024 9 17 7]
1196 2033 28 3 —|
1251 2033 27 3 —|
1313 2021 55 20 6/—|
1403 2022 12 20 7
1430 2023 44 18 s.211
1511 2022 11 19 7
1537 2023 45 18 s.18|
1604 2021 33 20 24:
1648 2023 24 17 42
1676 2017 20 37 |
1704 2021 69 20 24:58

239 2059 80 21 synens
331 2053 52 20 fond
396 2053 88 20 anvisas
496 2054 33 19 ett
541 2053 76 26 anslag
628 2059 28 14 av
670 2053 25 20 15
704 2052 41 21 000
757 2053 32 20 kr.
1119 2053 21 20 pt
1153 2052 22 16 35
