1861 2360
786 146 223 18 SAKREGISTER

112 436 122 20 Folkskolor
249 442 27 14 m.
292 442 28 14 m.

114 467 10 18 5
138 465 83 27 Avslag
229 466 13 20 å
252 466 108 20 motioner
369 472 49 21 ang.
429 466 185 27 understödjande
624 473 28 14 av
661 468 172 20 folkskolebarns
842 468 61 20 ferie-
913 468 40 20 och

153 496 137 20 studieresor.

114 562 10 18 6
139 561 82 26 Avslag
230 561 12 20 å
252 561 84 20 motion
347 568 35 14 om
392 562 77 26 bidrag
477 562 25 20 åt
510 562 130 20 kommuner
649 563 39 20 och
698 563 137 20 skoldistrikt
844 564 28 25 på
882 564 71 19 lands-

154 590 86 26 bygden
258 591 33 20 för
308 591 249 27 läkarundersökningar
573 598 28 14 av
618 592 101 20 skolbarn
736 599 29 13 m.
782 599 29 14 m.

115 658 9 16 7
139 656 41 19 Till
194 656 119 20 folkskolor
326 662 28 14 m.
368 662 37 14 m.:
420 656 76 27 bidrag
508 657 34 20 till
555 657 79 20 svensk
648 658 154 26 undervisning
815 658 33 20 för
861 658 92 20 svenska

154 686 54 19 barn
219 685 6 20 i
237 686 101 20 utlandet
348 686 87 20 anvisas
446 688 33 18 ett
489 687 74 26 anslag
573 693 29 14 av
614 687 24 20 15
647 687 41 20 800
697 688 33 19 kr.
741 689 35 18 att
785 688 34 20 för
828 688 126 20 ändamålet

155 715 59 26 utgå:
226 715 7 20 i
243 715 73 20 Berlin
327 716 50 20 med
389 716 63 26 högst
463 716 12 20 2
484 716 41 20 700
535 716 40 24 kr.,
587 717 6 19 i
604 717 91 20 London
706 717 49 20 med
766 717 64 27 högst
840 717 13 20 6
862 717 41 20 000
913 718 40 23 kr.,

156 745 4 19 i
175 745 115 26 Hamburg
302 745 49 20 med
365 745 64 27 högst
441 746 13 20 2
463 745 41 21 700
516 746 32 20 kr.
562 746 39 20 och
616 746 6 20 i
634 746 61 20 Paris
707 747 50 20 med
770 747 64 27 högst
846 747 13 20 4
868 747 41 20 400
921 747 32 20 kr.

115 811 10 18 8
141 810 43 20 RD
197 810 101 23 besluter,
312 812 34 18 att
359 811 25 20 de
397 811 169 24 bestämmelser,
579 817 45 14 som
636 812 57 26 gälla
705 812 33 20 för
750 812 130 27 budgetåret
892 813 63 26 1934/

157 840 52 20 1935
224 845 49 21 ang.
288 841 177 20 statsunderstöd
479 841 33 20 till
526 841 148 26 parallellavd.
689 848 28 14 av
731 842 93 20 årsklass
837 842 39 20 vid
890 843 65 26 högre

155 869 115 24 folkskola,
292 870 61 20 skola
375 872 40 24 äga
436 871 156 20 motsvarande
613 871 139 27 tillämpning
774 872 68 20 under
863 872 92 27 budget-

155 900 48 19 året
219 899 125 26 1935/1936,
361 900 55 20 dock
431 900 50 21 med
496 901 143 26 iakttagande
654 903 34 19 att
703 902 134 26 statsbidrag
851 903 36 19 må
902 903 52 25 utgå

156 929 32 20 till
201 929 64 26 högst
279 930 25 19 19
317 930 148 26 parallellavd.
478 931 38 20 vid
528 931 110 20 allmänna
651 931 65 27 högre
728 932 125 24 folkskolor;
866 932 40 20 och
919 932 36 20 be-

155 959 68 20 sluter
233 959 50 24 RD,
295 961 34 18 att
340 960 133 26 statsbidrag
483 960 34 20 till
527 961 141 20 anordnande
678 967 28 14 av
716 962 81 26 manlig
807 962 56 26 slöjd
873 962 7 20 i
890 962 65 26 högre

155 989 108 20 folkskola
283 989 54 20 skall
358 990 68 20 under
445 990 131 26 budgetåret
596 990 125 26 1935/1936,
742 992 72 20 därest
833 992 47 20 icke
900 992 56 20 skol-

156 1019 166 25 överstyrelsen,
344 1020 27 19 då
392 1020 105 20 särskilda
519 1020 186 27 omständigheter
725 1021 73 20 därtill
818 1021 75 20 kunna
913 1022 43 19 för-

156 1048 85 24 anleda,
253 1049 111 26 medgiver
375 1050 120 26 undantag,
504 1051 52 25 utgå
568 1050 78 20 endast
656 1050 7 20 i
673 1051 97 25 följande
778 1051 44 20 fall:
832 1051 32 20 till
873 1051 82 20 sådana

156 1078 180 26 yrkesbestämda
350 1079 65 26 högre
428 1079 119 20 folkskolor
559 1080 50 20 eller
621 1080 63 26 linjer
696 1086 28 14 av
738 1081 73 26 dylika
825 1081 77 23 skolor,
916 1081 40 20 vil-

156 1108 39 19 kas
207 1108 155 26 undervisning
372 1110 24 18 är
406 1109 113 20 anordnad
530 1109 6 20 i
547 1110 126 26 anslutning
683 1110 33 20 till
726 1110 87 20 teknisk
824 1111 130 26 utbildning,

157 1137 32 20 till
202 1137 74 27 övriga
288 1138 65 26 högre
365 1138 125 24 folkskolor,
503 1139 6 19 i
521 1139 41 20 den
574 1139 51 20 mån
638 1140 42 20 den
692 1140 33 20 för
736 1140 96 20 nämnda
845 1140 111 20 undervis-

157 1167 51 26 ning
222 1168 108 19 anställde
344 1168 83 20 läraren
442 1169 40 19 har
495 1169 33 19 sin
542 1169 120 26 väsentliga
678 1170 99 20 utkomst
791 1176 28 14 av
833 1170 71 20 denna
918 1176 38 14 an-

156 1197 110 26 ställning;
281 1197 40 20 och
336 1198 87 20 anvisar
437 1198 43 20 RD
494 1198 33 20 till
541 1199 119 20 understöd
675 1199 24 20 åt
712 1199 66 27 högre
791 1200 119 20 folkskolor
923 1201 33 19 ett

156 1226 75 27 anslag
244 1233 28 14 av
287 1227 58 20 1295
354 1227 41 20 000
408 1228 32 20 kr.
454 1228 33 26 (f).

117 1294 10 17 9
143 1292 43 19 RD
196 1292 117 26 medgiver,
324 1294 35 18 att
368 1293 25 20 fr.
405 1299 19 14 o.
435 1299 28 14 m.
474 1293 132 27 budgetåret
616 1294 118 26 1935/1936
744 1295 80 26 årligen
834 1295 36 20 må
880 1295 76 20 tillsvi-

157 1322 51 19 dare
218 1322 52 26 utgå
281 1322 96 26 följande
387 1323 119 20 understöd
516 1323 24 20 åt
549 1324 58 20 vissa
617 1324 126 24 lärarinnor,
755 1331 45 13 som
811 1325 27 26 på
848 1325 70 26 grund
928 1331 28 14 av

157 1351 223 21 folkskoleväsendets
395 1353 183 26 omorganisation
592 1354 91 20 förlorat
696 1354 32 20 sin
743 1354 138 27 anställning,
896 1356 60 19 näm-

157 1381 55 26 ligen
230 1381 33 20 till
281 1382 57 20 förra
356 1382 124 20 lärarinnan
498 1383 38 20 vid
554 1383 135 27 Kuggeboda
707 1384 106 20 folkskola
832 1384 6 20 i
856 1384 100 27 Listerby

157 1411 137 20 skoldistrikt
306 1411 91 21 Armida
410 1412 92 20 Axelina
515 1413 76 26 Ernby
604 1413 41 20 950
658 1414 40 23 kr.;
712 1414 57 20 förra
782 1414 123 20 lärarinnan
919 1414 37 20 vid

157 1441 120 25 Spaksjöns
284 1441 85 20 mindre
377 1442 107 20 folkskola
493 1442 6 20 i
508 1442 105 21 Svartnäs
622 1443 136 20 skoldistrikt
765 1444 64 20 Anna
838 1444 118 20 Hermania

158 1470 103 20 Eriksson
272 1471 40 20 600
323 1471 39 24 kr.;
374 1472 57 19 förra
441 1472 124 20 lärarinnan
576 1473 37 19 vid
624 1473 122 26 Högfallets
756 1474 84 20 mindre
850 1474 106 20 folkskola

158 1500 5 19 i
179 1500 67 20 Södra
261 1501 123 26 Finnskoga
399 1502 137 20 skoldistrikt
551 1502 69 26 Sigrid
635 1503 108 20 Katarina
757 1503 124 20 Andersson
896 1504 61 20 1250

158 1530 39 23 kr.;
210 1530 57 20 förra
280 1530 123 21 lärarinnan
415 1531 37 20 vid
465 1531 178 21 Holmsvattnets
654 1533 84 20 mindre
749 1533 107 20 folkskola
868 1533 7 20 i
886 1534 71 19 Bureå

158 1560 136 19 skoldistrikt
303 1560 73 26 Jenny
384 1561 68 20 Maria
461 1561 133 26 Häggström
606 1562 9 19 1
625 1562 40 20 200
673 1563 40 23 kr.;
722 1563 57 20 förra
788 1563 123 20 lärarinnan
920 1563 37 20 vid

159 1589 126 26 Holmsjöns
305 1590 84 20 mindre
408 1591 107 20 folkskola
534 1591 7 20 i
561 1591 167 27 Ljusnarsbergs
748 1592 136 20 skoldistrikt
904 1593 53 26 Olga

159 1619 76 20 Naömi
252 1619 113 21 Charlotta
381 1620 112 27 Sandberg
508 1620 41 21 950
564 1621 40 23 kr.;
620 1621 58 21 förra
694 1622 123 20 lärarinnan
833 1622 38 20 vid
886 1623 72 20 Land-

158 1649 80 25 vågens
259 1649 85 20 mindre
365 1650 106 20 folkskola
491 1650 7 20 i
517 1650 47 20 Lits
583 1651 137 20 skoldistrikt
739 1651 69 27 Helga
827 1652 130 20 Vilhelmina

157 1678 124 20 Andersson
303 1679 58 20 1300
380 1679 40 23 kr.;
440 1680 57 20 förra
517 1680 123 20 lärarinnan
659 1681 37 20 vid
716 1681 92 20 Lessebo
827 1682 106 20 folkskola
952 1682 6 20 i

158 1708 166 26 Hovmantorps
339 1709 137 20 skoldistrikt
491 1710 53 19 Edit
560 1710 53 26 Olga
628 1711 97 26 Torborg
735 1711 123 20 Tholander
868 1711 41 20 800
918 1712 39 23 kr.;

157 1738 40 19 och
210 1738 88 20 anvisar
311 1738 42 20 RD
367 1739 32 19 till
411 1739 119 20 folkskolor
541 1746 29 14 m.
583 1746 36 14 m.:
633 1741 119 20 understöd
764 1741 24 20 åt
799 1741 58 20 vissa
870 1742 88 19 lärarin-

158 1773 45 17 nor,
216 1774 47 13 som
276 1768 27 26 på
315 1768 70 26 grund
397 1774 29 15 av
437 1769 224 21 folkskoleväsendets
672 1771 184 26 omorganisation
868 1771 90 20 förlorat

158 1797 32 20 sin
202 1798 140 26 anställning,
355 1800 33 18 ett
400 1799 75 26 anslag
486 1805 28 14 av
528 1799 24 20 13
561 1799 41 20 000
613 1800 32 20 kr.
659 1800 33 26 (f).

107 1864 22 17 10
145 1863 42 19 RD
204 1863 103 23 anhåller,
324 1865 34 18 att
376 1864 61 19 KM:t
454 1865 70 19 måtte
540 1865 45 20 låta
601 1866 102 19 utarbeta
720 1872 25 14 en
762 1866 148 27 handledning
925 1867 33 20 för

159 1892 68 20 lärare
241 1893 37 19 vid
293 1893 182 27 undervisningen
489 1894 7 20 i
510 1894 106 21 hälsolära
629 1895 37 20 vid
681 1896 67 19 rikets
761 1896 119 20 folkskolor
893 1898 65 18 även-

159 1928 46 14 som
224 1922 90 27 vidtaga
334 1923 26 20 de
379 1923 108 26 åtgärder,
507 1930 46 14 som
572 1925 74 20 kunna
666 1925 99 20 befinnas
784 1926 121 26 påkallade,
925 1927 34 19 för

159 1952 123 26 främjande
296 1959 28 13 av
338 1953 93 20 barnens
445 1953 84 21 fostran
543 1954 33 20 till
590 1956 34 19 ett
637 1955 125 26 hygieniskt
775 1955 144 21 levnadssätt.

107 2013 21 16 11
145 2011 62 20 RD:s
224 2012 115 20 revisorers
357 2018 57 14 anm.
433 2018 48 21 ang.
499 2013 57 21 vissa
574 2014 190 27 tjänstledigheter
780 2015 58 20 inom
856 2015 103 20 folkskol-

158 2041 124 20 lärarkåren
295 2042 71 26 lägges
377 2042 32 20 till
422 2042 163 27 handlingarna.

97 2095 28 15 63.
140 2094 116 21 Sakregister.
275 2095 13 16 I.

1658 147 41 21 497

1232 221 111 31 Utskotts-
1415 226 55 16 Riks-

1222 251 130 31 utlåtanden,
1408 252 69 30 dagens
1536 240 118 43 Förurarnae

1217 285 97 16 memorial
1327 285 43 16 eller
1408 281 56 30 skri-
1538 274 54 16 raRn
1595 274 68 21 enes

979 304 27 20 År
1228 310 132 31 betänkanden
1411 310 60 32 velser
1552 304 88 20 (öropnr)

1209 368 16 51 5
1251 375 16 43 E
1291 381 90 16 Nummer|
1398 381 90 17 Nummer
1515 366 54 48 ade
1611 366 59 48 pad

970 469 54 20 1935
1218 470 12 19 6
1252 482 29 3 |—|
1301 470 13 21 8
1328 473 59 18 s.109|
1435 483 29 2 —
1501 471 33 20 120:
1545 473 25 18 26
1580 472 55 20 dl22:
1646 474 25 17 20
1682 471 13 21 dj

1156 499 41 21 409

971 564 53 20 1935
1218 565 63 20 61—1]
1301 566 13 20 8
1328 569 60 17 s.110
1436 578 28 2 —
1502 567 69 20 120:28
1602 568 33 19 122:
1647 569 24 17 20
1682 567 13 20 d

971 659 53 20 1935
1219 660 59 20 61—]
1301 661 14 20 8
1329 664 57 17 s.111]
1423 661 12 20 8
1450 656 85 35 s.57120:
1547 663 24 18 28
1582 656 54 35 dl22:
1647 664 23 17 21
1683 662 13 20 d

972 814 53 20 1935
1220 815 62 19 61—])
1302 816 13 20 8
1330 818 58 17 s.115|
1423 816 13 20 8
1450 817 86 20 s.59120:
1547 819 25 18 80
1603 817 69 20 |22:22

1285 1073 2 21 |

1285 1095 2 13 I

974 1297 53 19 1935)
1051 1297 27 20 55
1221 1297 62 20 61—]1
1304 1298 27 20 72
1400 1298 37 20 187
1504 1299 33 20 24:
1549 1300 23 18 81
1605 1298 33 20 126:
1651 1300 37 17 104

1058 1326 26 21 75

1287 1720 2 10 I

977 1867 51 20 1935
1211 1868 122 20 fö]
1399 1869 40 20 220
1506 1870 33 19 30:
1550 1872 25 17 29
1607 1871 33 19 dj32:
1651 1873 24 16 27

1211 1898 24 20 131
1266 1898 8 20 11
1320 1898 12 20 6
1506 1900 33 19 31:
1552 1902 22 17 12
1586 1900 75 20 dj33:
1644 1896 21 33 2

977 2012 56 33 1935)
1223 2017 12 19 6
1238 2013 22 34 |
1258 2017 75 20 —IJ126
1347 2020 45 17 s.35
1440 2030 29 2 —
1506 2018 33 20 135:
1551 2020 25 17 78
1607 2019 33 20 136:
1653 2021 37 17 144
