1819 2355
149 151 39 19 136
844 153 223 17 SAKREGISTER

166 443 168 27 Avskrivningar
348 444 36 20 och
399 444 115 27 eftergifter.

169 476 11 17 4
195 473 42 21 RD
255 474 118 26 medgiver,
391 476 35 18 att
442 474 57 21 förre
517 474 193 21 stadsförvaltaren
729 475 20 20 J.
769 475 24 20 E.
813 475 87 26 Elfving
917 476 35 20 må
971 476 35 20 be-

207 503 52 21 frias
276 503 48 21 från
342 504 80 20 honom
438 504 89 26 jämlikt
544 504 137 21 Stockholms
698 505 138 20 rådhusrätts
854 505 50 20 dom
921 505 41 20 den
982 506 24 20 18

208 533 54 27 april
277 533 53 21 1923
344 534 113 26 åliggande
471 534 248 27 betalningsskyldighet
734 534 31 21 till
778 535 90 20 kronan.

169 596 10 17 5
195 593 42 21 RD
256 594 118 26 medgiver,
393 596 35 18 att
446 596 84 19 statens
549 594 41 21 den
611 595 8 19 1
640 595 39 26 juli
700 595 52 20 1932
771 595 123 20 beräknade
913 595 94 27 kapital-

208 623 40 20 och
269 624 153 20 räntefordran
443 625 39 20 hos
489 619 154 36 Norrköping
651 619 355 36 —Söderköping—Vikbolandets

207 653 229 28 järnvägsaktiebolag
449 655 28 26 på
490 654 69 27 grund
572 661 28 14 av
614 655 91 20 statslån
719 655 34 20 för
765 655 130 27 anläggning
908 661 28 14 av
948 655 59 26 järn-

208 685 67 25 vägar
292 683 480 28 Norrköping—Kummelby—Söderköping
788 685 40 20 och
845 685 161 26 Kummelby—

208 714 117 20 Arkösund
341 716 58 18 samt
414 714 344 27 Valdemarsvik—Söderköping
774 715 49 20 med
840 715 118 26 hamnspår
973 716 33 20 till

208 743 48 26 sjön
268 744 116 26 Yxningen
396 744 36 20 må
444 744 33 20 till
489 744 41 21 den
543 745 40 23 del,
597 744 125 21 densamma
735 745 118 26 överstiger
864 745 41 20 500
913 744 41 21 000
965 746 40 22 kr.,

208 773 120 21 avskrivas.

169 836 10 17 6
195 833 42 20 RD
254 833 34 21 för
304 834 33 20 sin
354 834 35 20 del
405 834 117 26 medgiver,
539 836 35 18 att
590 835 322 26 återbetalningsskyldigheten
929 835 33 20 för
978 841 29 14 av

208 863 115 21 framlidne
336 864 166 21 komministern
515 865 7 20 i
535 864 133 27 Linköpings
680 866 99 25 pastorat
793 865 25 20 G.
832 865 27 19 R.
873 864 27 21 R.
913 865 94 20 Anders-

208 899 39 14 son
261 893 34 21 för
307 893 61 21 tiden
384 894 9 19 1
409 894 44 26 maj
469 894 109 20 1919—30
591 894 55 27 april
661 894 52 20 1929
727 894 101 27 felaktigt
842 895 113 25 uppburen
969 901 38 14 av-

208 923 103 26 kastning
331 929 28 15 av
380 924 117 26 stadsägan
518 930 26 14 nr
563 924 54 21 2106
637 924 6 20 i
664 924 133 26 Linköpings
818 924 48 20 stad
887 924 35 20 må
943 924 64 20 efter-

208 953 101 20 skänkas.

170 1015 9 17 7
195 1012 43 20 RD
257 1013 118 26 medgiver,
395 1015 34 19 att
449 1013 41 21 den
509 1014 7 20 i
534 1014 131 26 fastigheten
685 1014 132 26 Bengtstorp
839 1014 20 19 13
878 1014 7 20 i
904 1014 103 20 Ullevads

209 1043 78 19 socken
300 1049 29 14 av
342 1043 133 27 Skaraborgs
488 1044 36 20 län
537 1044 41 20 den
593 1044 24 19 14
629 1044 45 26 jan.
689 1044 53 19 1930
755 1044 114 26 beviljade,
883 1050 27 13 av
923 1044 83 20 kronan

208 1072 125 21 innehavda
347 1072 153 27 inteckningen
515 1073 13 20 å
542 1073 12 20 3
563 1073 41 21 217
617 1074 33 19 kr.
665 1073 27 20 50
706 1075 35 19 öre
755 1074 36 19 må
806 1073 67 20 dödas
887 1073 7 20 i
907 1073 44 20 vad
966 1073 40 20 den

209 1102 103 20 besvärar
324 1103 135 25 avstyckade
471 1103 131 26 fastigheten
615 1103 132 27 Bengtstorp
762 1103 27 24 14,
803 1103 68 20 under
883 1103 79 20 villkor
973 1105 35 18 att

209 1133 79 25 ägaren
303 1138 28 14 av
345 1132 137 21 sistnämnda
496 1133 105 26 fastighet
615 1133 33 20 W.
665 1133 76 20 Olsson
756 1133 32 20 till
803 1133 83 20 kronan
901 1133 107 20 inbetalar

209 1163 34 19 ett
257 1162 78 26 belopp
350 1168 29 14 av
394 1162 39 21 375
448 1163 32 20 kr.

170 1224 10 17 8
196 1221 42 20 RD
260 1222 118 26 medgiver,
400 1224 35 18 att
455 1222 222 27 riksgäldskontorets
698 1223 88 20 fordran
808 1223 38 19 hos
868 1223 139 20 stuckatören

209 1251 24 20 P.
249 1251 62 24 Liva,
327 1252 121 26 utgörande
464 1252 61 20 2153
541 1252 32 20 kr.
589 1252 26 20 99
631 1254 42 21 öre,
690 1253 34 19 må
741 1258 25 14 ur
781 1252 174 26 räkenskaperna
971 1258 37 14 av-

209 1280 91 21 skrivas.

170 1343 11 17 9
195 1340 43 20 RD
250 1341 118 26 medgiver,
381 1343 35 19 att
427 1341 57 21 vissa
497 1342 77 20 osäkra
586 1342 122 25 fordringar
720 1341 37 20 vid
769 1341 143 21 riksbankens
923 1341 85 21 huvud-

209 1370 80 21 kontor
307 1372 58 19 samt
383 1371 209 27 avdelningskontor
610 1371 6 20 i
636 1371 80 21 Malmö
735 1372 36 19 må
790 1377 25 14 ur
833 1371 175 27 räkenskaperna

209 1400 120 21 avskrivas.

158 1463 23 17 10
196 1459 43 21 RD
248 1460 118 26 medgiver,
375 1462 35 19 att
418 1461 44 20 viss
471 1461 93 26 lindring
573 1461 6 20 i
588 1460 274 28 betalningsskyldigheten
871 1461 34 20 för
914 1460 95 21 Skara—

209 1489 157 22 Timmersdala
383 1497 43 20 nya
440 1490 240 27 järnvägsaktiebolags
695 1491 92 20 statslån
803 1491 35 20 må
855 1490 97 27 beviljas.

158 1553 22 17 11
195 1549 83 27 Avslag
291 1550 12 20 å
317 1551 83 19 motion
415 1557 35 14 om
463 1551 184 20 efterskänkande
659 1557 29 14 av
701 1551 57 20 vissa
772 1550 79 27 belopp
864 1556 28 14 av
906 1550 42 24 lån,
963 1557 45 14 som

210 1579 103 27 beviljats
329 1580 34 21 till
378 1582 34 19 ett
427 1581 85 26 företag
527 1581 34 20 för
577 1581 148 26 torrläggning
741 1586 28 15 av
785 1581 62 20 mark
863 1580 58 20 inom
939 1580 70 21 Gälla-

210 1609 49 20 reds
273 1610 79 20 socken
366 1610 7 20 i
388 1610 106 21 Hallands
509 1611 42 20 län.

158 1672 23 17 12
196 1669 82 26 Avslag
295 1670 12 20 å
325 1670 84 20 motion
428 1676 35 14 om
480 1670 142 27 avskrivning
640 1677 28 14 av
685 1671 56 19 visst
758 1670 78 26 belopp
855 1672 53 18 utav
925 1670 34 20 till
976 1672 34 18 ett

210 1699 245 27 torrläggningsföretag
467 1700 7 20 i
489 1700 120 27 Göteborgs
623 1700 40 21 och
676 1700 75 20 Bohus
765 1700 35 20 län
814 1700 110 20 utlämnat
937 1700 43 20 lån.

159 1761 23 18 13
196 1758 82 27 Avslag
291 1759 13 20 å
318 1759 83 21 motion
416 1766 35 14 om
465 1760 94 26 lindring
573 1760 6 20 i
593 1760 152 26 skyldigheten
759 1761 35 19 att
807 1761 109 19 amortera
930 1760 33 19 ett
976 1760 34 19 för

210 1790 34 18 ett
259 1789 292 27 vattenavledningsföretag
566 1790 6 19 i
588 1790 58 20 Värö
662 1790 78 20 socken
756 1795 29 14 av
801 1789 106 20 Hallands
923 1789 36 20 län
975 1791 35 18 ut-

210 1818 85 21 lämnat
309 1819 43 20 lån.

158 1881 24 17 14
197 1878 42 20 RD
258 1878 117 27 medgiver,
395 1879 45 21 dels
458 1880 35 19 att
511 1879 41 20 den
571 1879 40 24 tid,
630 1879 69 21 under
716 1880 73 19 vilken
808 1880 63 19 ränta
889 1879 47 20 icke
954 1878 55 21 skall

210 1908 108 20 beräknas
334 1909 12 20 å
362 1909 7 20 i
386 1909 240 27 statsrådsprotokollet
643 1909 139 23 omnämnda,
800 1909 32 20 till
849 1908 116 21 utförande
981 1914 28 14 av

210 1937 211 27 Virestadssjöarnas
434 1939 204 26 sänkningsföretag
651 1939 92 26 beviljat
756 1939 35 20 lån
804 1939 49 20 från
867 1938 143 26 odlingslåne-

210 1967 81 21 fonden
307 1968 40 21 och
363 1970 84 19 statens
463 1969 241 26 avdikningslånefond,
720 1969 36 20 må
773 1969 123 20 utsträckas
912 1968 48 20 från
976 1969 33 19 tre

210 1997 34 20 till
260 2003 38 15 sex
314 1998 24 20 år
354 1998 48 20 från
419 1998 69 21 första
505 1998 184 27 lyftningsdagen,
707 1999 44 20 dels
769 1999 39 20 ock
825 2000 35 18 att
876 1998 132 26 tidpunkten

210 2026 34 21 för
257 2027 119 27 gäldandet
390 2034 28 14 av
432 2028 68 21 första
515 2029 128 20 annuiteten
658 2029 12 20 å
684 2029 63 20 lånen
762 2029 36 19 må
812 2028 135 26 framflyttas
961 2028 47 20 från

211 2056 38 21 det
263 2057 77 28 sjunde
355 2058 33 21 till
403 2058 37 21 det
454 2058 75 21 tionde
544 2058 47 21 året
605 2058 55 21 efter
674 2058 68 21 första
757 2058 182 27 lyftningsdagen.

1291 227 107 31 Utskotts-
1471 232 54 16 Riks-

1076 253 65 35 Kungl.
1196 280 3 3 5
1278 257 129 30 utlåtanden;
1463 257 69 30 dagens
1591 250 117 34 SERrAraAR

1089 287 53 18 Maj:ts]
1154 279 92 17 Motioner
1273 291 151 17 memenäldler
1473 292 37 16 sa
1581 280 141 21 förhandlingar

1033 311 26 20 År
1088 320 51 15 [propir
1284 316 131 31 betänkanden
1466 322 60 16 velser
1607 310 87 20 (pruta

1088 343 44 28 eller
1276 369 4 3 -
1650 364 1 3 -

1088 377 55 14 Skrev]
1156 387 34 16 pc
1207 388 35 16 FAR
1264 376 16 50 E
1308 378 10 51 Ez
1346 387 90 16 Nummer|
1453 388 89 16 Nummer
1584 376 27 40 de
1666 376 69 40 BA

1024 475 53 21 19321
1102 476 26 20 56
1135 471 28 35 |
1163 488 22 2 —I
1217 488 27 3 —1I
1271 477 12 19 6
1286 471 14 35 |
1315 477 8 19 1
1386 476 26 21 20
1493 477 23 19 71
1570 478 30 19 13:
1613 479 23 18 70
1656 477 53 20 15:
1693 473 18 34 3

1295 517 1 19 |
1650 526 1 21 |

1294 537 2 41 |
1650 568 2 19 |

1024 596 53 20 1932]
1101 596 27 20 85
1136 592 27 34 |
1163 608 27 2 —I
1217 609 27 2 —I
1271 598 12 18 61
1315 597 8 19 1
1386 597 26 20 26
1493 597 26 19 67
1570 597 25 20 15:
1613 600 24 16 52
1650 598 31 28 119:
1701 599 21 17 51

1295 642 1 6 |
1651 630 1 37 |

1199 691 2 4 I
1651 668 1 24 |

1199 716 2 19 |
1295 722 1 11 I
1651 704 1 25 |

1199 739 2 17 I
1295 742 1 17 |

1199 777 2 29 |
1295 770 43 30 1
1652 794 1 9 |

1200 808 1 25 |
1336 811 2 21 |
1651 810 2 21 I

1025 835 53 20 1932]
1102 835 27 20 43
1163 834 38 44 =
1225 848 19 1 sal
1315 836 97 25 likgrsn6
1493 836 27 19 69
1533 829 27 42 |
1570 836 25 20 15:
1614 838 24 17 78
1651 833 38 34 120:
1701 838 24 17 28

1652 873 1 11 I

1652 896 1 11 I

1026 1013 52 21 1932]
1097 1014 36 20 151
1217 1014 117 20 —h0|—
1392 1014 21 20 34
1423 998 35 56 |
1481 1015 39 20 139
1535 998 21 56 |
1570 1015 69 20 26:28
1652 1002 74 48 31:72

1027 1221 104 21 OR
1165 1210 37 26 ERS
1220 1235 26 1 RES
1273 1223 12 19 TT
1308 1223 106 20 SST
1498 1234 8 2 —
1532 1208 30 47 |
1570 1223 69 20 26:32
1658 1224 54 19 32:
1693 1208 19 47 5

1201 1273 1 7 I
1653 1266 1 11 I

1201 1326 1 10 I

1027 1341 52 20 1932]
1103 1353 28 2 —
1141 1337 22 35 |
1165 1344 37 18 —!
1238 1353 9 3 —]
1273 1342 13 20 81
1309 1354 27 2 —
1388 1342 27 20 24
1491 1353 28 3 —
1571 1342 33 20 26:
1615 1344 24 17 32
1657 1342 55 20 132:
1696 1338 18 34 5

1201 1438 2 13 I

1027 1460 53 21 1932]
1096 1460 40 20 203
1185 1452 18 33 I
1220 1473 27 2 —I
1274 1461 51 20 6/11
1389 1461 26 20 65
1483 1461 39 20 164
1532 1457 30 34 |
1571 1461 69 20 29:12
1658 1461 33 21 137:
1704 1463 23 18 12
1738 1461 13 20 dj

1028 1550 52 20 1932]
1104 1562 27 2 —
1136 1546 27 34 |
1165 1562 28 2 —/|
1227 1551 60 20 96H0
1285 1546 22 34 |
1310 1563 24 2 —
1389 1551 26 19 40
1492 1563 28 2 —
1572 1551 33 21 29:
1617 1553 23 17 76
1659 1551 33 20 137:
1703 1553 24 17 62
1738 1551 13 20 dj

1339 1603 2 42 |

1028 1670 52 20 1932]
1104 1682 28 2 —
1134 1655 31 49 |
1166 1659 175 31 —l290110]—|
1389 1671 26 20 45
1425 1655 44 49 |
1492 1682 28 2 —
1535 1655 25 49 |
1572 1671 69 19 29:76
1658 1670 33 20 137:
1703 1672 24 18 65

1028 1759 52 20 1932]
1104 1771 28 2 —
1130 1755 30 34 |
1166 1771 27 2 —
1191 1755 10 34 |
1213 1759 74 21 294110
1289 1755 22 34 |
1310 1772 26 2 —
1389 1760 26 19 46
1498 1772 22 2 —
1572 1760 33 20 29:
1617 1762 24 17 76
1659 1760 33 20 137:
1703 1762 24 17 65
1726 1756 26 33 dj

1027 1879 53 20 1932/
1097 1879 40 20 222)
1166 1890 28 3 —
1193 1875 13 34 |
1220 1879 67 20 —H0
1290 1875 18 34 |
1310 1892 27 2 —
1389 1879 27 20 47
1484 1879 36 20 151
1572 1879 33 20 29:
1617 1881 24 17 76
1659 1879 33 20 137:
1704 1881 24 17 66

1654 1989 2 27 I

1654 2031 2 35 |

1654 2067 2 11 I
