1850 2360
808 162 136 15 SAKREGISTER

91 439 167 27 Avsöndringar
274 447 26 14 m.
318 447 26 14 m.

136 470 35 21 län
191 472 56 19 samt
262 470 69 21 under
346 471 78 20 villkor
439 472 7 19 i
462 472 68 25 övrigt
545 473 32 19 att
593 471 84 26 bolaget
689 471 119 21 vidkännes
824 471 42 20 alla
882 471 49 20 med

136 500 107 21 områdets
267 501 135 27 avskiljande
423 501 39 20 och
482 501 77 27 lagfart
578 502 12 19 å
605 502 73 25 fånget
693 501 100 20 förenade
810 501 120 25 kostnader,

136 530 46 21 dels
200 531 41 20 ock
260 531 133 20 återstående
409 531 62 20 delen
487 538 27 14 av
529 531 96 21 nämnda
640 531 95 26 ägofigur
751 532 42 24 må,
809 531 33 20 för
857 531 73 26 upplå-

136 560 65 21 tande
217 568 26 13 av
259 560 210 27 bostadslägenheter
484 562 8 19 i
508 561 145 25 huvudsaklig
661 561 212 21 överensstämmelse
881 561 50 20 med

136 591 7 19 i
159 590 232 26 statsrådsprotokollet
407 591 129 20 omförmäld
552 590 183 27 styckningsplan,
746 591 105 26 försäljas.

107 661 62 20 Inom
188 660 110 22 Hallands
314 661 44 20 län:

79 696 25 16 37
123 691 37 20 RD
176 691 113 26 medgiver,
306 693 31 19 att
353 692 35 20 två
404 692 7 19 i
427 692 233 26 statsrådsprotokollet
675 692 143 20 omförmälda
829 692 49 20 med
890 692 40 20 litt.

137 728 13 12 a
165 721 39 20 och
221 721 40 20 litt.
279 721 13 20 b
309 721 130 21 betecknade
456 721 122 26 lägenheter
594 722 36 20 må
645 729 37 13 var
693 722 32 20 för
736 722 32 25 sig
776 721 155 21 med
826 717 23 35 i
848 721 80 21 samma

137 751 105 26 protokoll
258 751 86 26 angivet
359 751 87 21 område
464 751 99 27 försäljas
581 752 47 19 från
640 752 199 25 kronoegendomen
852 751 11 20 1
872 758 58 14 man-

135 780 31 21 tal
190 781 74 26 Lynga
286 787 26 14 nr
329 781 10 19 1
357 781 7 20 i
381 781 65 20 Skrea
472 781 85 25 socken,
581 781 50 20 med
650 781 150 21 hembudsrätt
815 782 33 20 för
864 782 25 20 A.
906 782 24 20 E.

135 810 114 27 Börjesson
265 810 33 21 till
315 810 126 26 lägenheten
458 811 40 20 litt.
516 818 11 13 a
544 811 39 21 och
600 811 33 21 för
648 812 21 19 P.
688 811 19 20 S.
721 811 121 21 Andersson
859 811 33 21 till
904 811 26 20 lä-

134 840 106 26 genheten
256 840 40 21 litt.
315 841 18 20 b.

105 912 63 20 Inom
186 911 137 28 Skaraborgs
338 913 45 20 län:

78 947 25 16 38
121 942 37 20 RD
174 942 115 26 medgiver,
306 944 31 19 att
353 942 65 21 sedan
435 943 7 20 i
458 943 231 27 statsrådsprotokollet
705 943 142 20 omförmälda
863 943 67 26 lägen-

136 972 64 20 heten
216 972 171 27 Esbjörnshagar
403 973 62 20 blivit
480 973 48 20 från
539 973 198 26 kronoegendomen
750 972 27 28 1/,
789 973 81 20 mantal
878 973 53 20 Eke-

137 1002 50 26 berg
202 1009 25 13 nr
244 1002 11 20 1
273 1002 49 21 med
338 1002 126 27 lägenheten
480 1003 56 20 Lilla
551 1003 97 26 Ekeberg
663 1003 7 20 i
688 1003 113 20 Härlunda
810 1003 77 20 socken
899 1010 31 14 av-

136 1032 99 24 söndrad,
253 1032 126 21 densamma
395 1033 35 20 må
446 1035 51 18 utan
513 1033 99 26 vederlag
628 1033 49 20 med
695 1033 124 26 äganderätt
827 1033 104 20 överlåtas

137 1062 32 20 till
194 1062 22 20 F.
240 1062 92 21 Lundell
348 1063 40 20 och
408 1063 54 20 hans
479 1063 75 20 hustru
570 1063 39 20 Ida
625 1063 91 20 Lundell
727 1063 52 20 eller
794 1062 60 21 deras
871 1064 59 20 rätts-

136 1092 136 24 innehavare,
296 1092 69 20 under
380 1093 78 20 villkor
473 1095 32 18 att
520 1093 26 20 de
563 1093 93 20 bestrida
671 1093 43 20 alla
729 1093 49 20 med
794 1093 137 26 lägenhetens

137 1122 147 20 avsöndrande
301 1123 39 20 och
357 1122 123 26 lagfarande
496 1123 100 20 förenade
612 1123 120 20 kostnader.

79 1192 24 16 39
121 1187 38 20 RD
176 1187 114 26 medgiver,
315 1190 32 18 att
374 1190 30 18 ett
419 1188 6 20 i
443 1188 232 26 statsrådsprotokollet
690 1189 91 25 angivet,
797 1189 7 19 i
820 1188 112 26 Mölltorps

136 1217 78 21 socken
241 1217 83 27 beläget
347 1218 81 20 kronan
455 1218 105 26 tillhörigt
584 1218 93 23 område,
699 1218 151 20 innehållande
867 1218 62 20 338.4

136 1247 164 25 kvadratmeter,
325 1248 36 20 må
381 1248 99 26 försäljas
503 1248 33 20 till
559 1248 136 20 handlanden
712 1248 24 21 G.
753 1248 156 20 Emanuelsson
925 1248 7 20 i

137 1277 116 26 Karlsborg
269 1277 51 21 eller
336 1277 107 21 eventuell
459 1284 71 14 annan
546 1280 61 24 ägare
623 1285 25 13 av
659 1278 26 20 de
696 1278 13 20 å
719 1278 97 20 området
826 1278 107 26 uppförda

138 1307 151 26 byggnaderna
304 1308 33 19 för
353 1314 25 13 en
395 1307 144 27 köpeskilling
555 1315 26 13 av
597 1308 66 20 minst
680 1307 42 21 338
739 1308 30 20 kr.
787 1308 27 20 40
831 1309 40 19 öre.

79 1377 25 15 40
122 1372 38 20 RD
176 1372 115 26 medgiver,
315 1375 38 22 att,
378 1373 65 20 sedan
467 1373 198 26 kronoegendomen
691 1372 26 28 !/,
741 1373 82 20 mantal
842 1373 90 26 Husaby

138 1409 25 13 nr
179 1403 13 19 4
208 1402 47 20 Nils
274 1402 134 27 Rasegården
427 1403 7 20 i
450 1403 91 26 Husaby
557 1403 78 20 socken
651 1403 63 21 blivit
732 1410 76 19 genom
824 1403 108 27 ägostyck-

138 1432 51 26 ning
208 1432 63 20 delad
287 1433 6 20 i
310 1433 44 20 fem
370 1433 63 20 lotter
449 1433 6 20 i
472 1433 145 26 huvudsaklig
632 1433 213 21 överensstämmelse
861 1433 49 20 med
926 1433 7 20 i

138 1462 233 27 statsrådsprotokollet
389 1463 86 26 angivet
492 1463 85 26 förslag,
593 1463 92 20 lotterna
701 1464 35 19 må
751 1470 37 13 var
803 1463 33 20 för
851 1463 32 26 sig
893 1463 39 20 för-

139 1492 71 26 säljas.

81 1562 23 16 41
124 1557 37 21 RD
178 1557 114 26 medgiver,
309 1560 31 18 att
355 1559 36 26 sju
407 1558 6 20 i
429 1558 232 26 statsrådsprotokollet
679 1558 142 21 omförmälda
832 1558 50 21 med
892 1559 41 20 litt.

139 1594 55 19 a—g
218 1588 130 20 betecknade
365 1588 122 26 lägenheter
502 1589 36 19 må
553 1595 37 13 var
605 1588 33 20 för
653 1589 32 25 sig
701 1588 49 20 med
766 1589 7 19 i
789 1595 84 13 samma
888 1595 44 20 pro-

139 1617 66 20 tokoll
222 1618 86 25 angivet
323 1618 87 20 område
427 1618 46 20 från
489 1618 148 26 kronoparken
654 1618 121 26 Mösseberg
791 1618 104 27 försäljas.

109 1689 63 19 Inom
188 1688 116 26 Älvsborgs
320 1689 45 20 län:

82 1723 24 15 42
124 1718 38 20 RD
178 1718 115 26 medgiver,
310 1718 45 21 dels
372 1720 31 19 att
419 1719 150 25 lägenheterna
585 1719 93 26 Svedjan
695 1719 39 20 och
750 1716 131 29 Ängelsberg
898 1720 37 19 må

140 1755 37 13 var
192 1748 33 20 för
240 1749 32 25 sig
290 1748 51 21 med
357 1749 6 19 i
378 1748 231 27 statsrådsprotokollet
618 1749 84 25 angivet
710 1749 86 20 område
805 1749 46 20 från
860 1749 74 20 krono-

140 1778 132 26 egendomen
291 1777 27 28 ?/;
336 1778 81 21 mantal
434 1778 92 21 Ulvared
543 1785 24 13 nr
584 1778 10 20 1
612 1779 7 19 i
636 1778 118 21 Grovareds
770 1779 77 20 socken
863 1779 71 20 försäl-

139 1808 39 26 jas,
195 1808 45 20 dels
256 1808 40 20 ock
312 1810 32 19 att
359 1808 100 21 utskiftet
474 1810 100 19 ävensom
591 1808 130 26 egendomen
737 1809 7 20 i
763 1809 69 26 övrigt
847 1809 36 20 må
898 1816 37 13 var

140 1838 33 20 för
188 1838 32 26 sig
236 1838 98 26 försäljas
352 1838 48 21 med
416 1838 105 20 förbehåll
536 1845 35 13 om
588 1840 42 19 rätt
648 1838 32 21 för
696 1839 127 20 innehavare
832 1845 26 14 av
866 1839 68 25 lägen-

140 1868 64 20 heten
221 1864 131 30 Ängelsberg
368 1868 33 20 till
418 1868 119 26 utfartsväg
553 1870 49 18 över
617 1868 160 26 huvudgården.

111 1939 61 20 Inom
193 1933 77 27 Örebro
287 1940 45 20 län:

83 1973 25 16 43
126 1969 37 20 RD
180 1969 108 26 medgiver
311 1970 127 26 försäljning
453 1976 27 14 av
495 1977 26 13 en
538 1970 7 19 i
561 1970 231 26 statsrådsprotokollet
807 1953 113 48 omförmäld
929 1957 17 34 |

142 1999 148 26 torplägenhet
312 1999 50 21 med
378 2000 8 20 i
405 2006 83 14 samma
500 1999 106 27 protokoll
616 2000 85 25 angivet
711 2000 86 20 område
806 2000 47 20 från
862 2000 73 21 krono-

141 2028 131 27 egendomen
296 2029 94 27 Hälleby
415 2036 24 13 nr
463 2030 12 19 3
493 2029 39 20 och
549 2030 20 24 4,
586 2036 35 13 om
637 2029 91 27 tillhopa
748 2030 10 20 1
771 2030 87 25 mantal,
870 2031 7 19 i
889 2030 47 21 Kils

142 2059 84 20 socken.

940 907 2 32 |

1641 157 41 21 163

1043 225 17 17 5
1141 234 3 3 AE
1401 231 53 18 Rike-

1019 242 35 14 oc

966 254 17 26 2
1019 254 35 29 Se
1119 279 4 3 z
1177 236 2 44 |
1236 245 91 42 Utskotts:
1392 262 72 22 dagens
1521 262 117 17 Kamrarnas

966 284 17 13 x
989 275 42 29 |”
1043 284 17 11 —
1077 279 102 18 |Motioner]
1211 275 124 30 utlåtanden
1441 292 11 12 de
1506 291 145 18 förhandlingar

966 301 17 25 2
1019 300 41 32 FS
1178 304 1 17 |
1200 308 46 18 eller
1259 309 98 17 memorial
1361 293 28 44 |
1406 297 39 12 .v.
1618 297 12 17 8

966 326 95 16 Pie
1178 322 1 17 I
1398 321 62 18 velser

961 342 98 28 SAR
1155 342 24 48 3
1480 338 23 38 EE
1666 359 8 1 =

967 375 17 11 &
1020 368 35 16 Jag
1193 368 58 24 ei»
1348 377 17 19 [
1448 377 17 19 2
1494 376 54 17 Första
1567 371 22 33 |
1595 376 42 17 And

967 390 11 9 Z
1020 386 36 40 "8
1081 386 34 18 ER
1134 382 76 44 ARE
1234 392 18 31 å
1292 383 9 44 Zz
1347 397 18 25 &
1401 387 17 27 ”
1448 392 13 34 &F
1491 377 70 48 Karen.
1592 381 71 36 RR

946 471 56 20 1924]

1327 660 2 31 |

969 700 8 10 »
1019 692 41 20 [158
1185 693 25 20 10
1290 693 26 20 70
1322 689 13 34 |
1363 693 66 21 6291]
1456 700 9 14 51
1495 694 34 20 43:
1534 689 31 34 68
1588 694 83 20 |42:121

1015 727 47 22 p.13

1220 910 2 22 |

974 932 9 43 >»
995 932 23 43 |
1026 943 26 21 73
1184 936 132 35 T0TEES0
1390 944 41 20 139)
1458 933 28 43 |
1497 944 68 22 26:52]
1597 945 69 21 26:14

1220 972 2 9 I

1220 984 2 14 |

1220 1012 2 20 I
1328 1021 1 3 I

1220 1033 1 5 |
1327 1028 2 15 I

1221 1055 1 11 I
1327 1051 2 14 I

970 1196 8 10 >
1020 1188 42 21 T114
1185 1188 26 20 10
1290 1189 26 19 27
1391 1189 40 20 146
1497 1185 32 34 28:
1541 1194 24 16 53
1567 1185 22 34 |
1597 1185 33 34 28:
1642 1194 23 16 47

1072 1358 2 13 I

971 1373 102 21 3105
1179 1373 32 21 110
1290 1372 26 22 70)
1364 1374 65 20 212911
1456 1380 10 15 21
1496 1374 127 20 43:68]42:
1628 1368 45 36 121

1024 1408 31 23 p.4
1263 1407 1 24 I

1263 1432 1 15 |

1263 1453 2 16 I

971 1566 8 10 »
1022 1558 39 21 1158
1186 1559 26 21 10)
1264 1546 2 34 |
1292 1559 26 20 70)
1366 1558 66 22 3|291)
1458 1566 9 15 3)
1498 1560 69 20 43:68
1591 1560 83 20 |42:121

1024 1593 34 23 p.6
1264 1587 2 33 |

973 1728 7 10 >»
1000 1701 19 50 |
1029 1720 26 20 72
1189 1719 24 20 10]
1264 1706 2 41 |
1292 1720 26 20 22)
1365 1720 104 22 el14110]
1500 1721 68 20 26:52)
1600 1721 68 20 26:14

1026 1755 33 22 p.2
1264 1748 2 27 |

1181 1803 2 21 |

974 1978 8 10 »-]-
1031 1971 26 20 12
1189 1971 26 20 10
1266 1944 2 62 |
1308 1971 12 20 3)
1368 1977 9 14 5
1408 1971 62 21 50l13]
1502 1971 67 21 10:54]
1602 1972 54 21 9:68

1016 2002 45 36 p.8
1267 2023 1 4 |

1183 2072 2 15 I
1267 2064 1 24 |
1388 2058 2 30 |
