1856 2365
177 153 42 21 150
908 160 136 15 SAKREGISTER

198 437 165 26 Åvsöndringar
379 444 26 15 m.
423 444 26 14 m.

209 469 62 20 Inom
291 467 115 28 Göteborgs
422 467 36 21 och
474 467 74 22 Bohus
564 468 44 20 län:

183 503 24 16 18
225 499 37 20 RD
279 498 115 26 medgiver,
411 500 31 19 att
457 498 151 26 lägenheterna
623 498 41 21 litt.
682 498 16 20 B
715 498 83 26 Bergås,
816 498 39 20 litt.
874 498 22 20 C.
912 498 120 21 Fiskedam-

239 535 56 18 men,
320 528 40 20 litt.
386 529 18 19 D
424 528 120 27 Roslyckan
544 524 55 37 och
604 528 51 29 litt.
671 529 18 19 E
706 528 121 20 Klomaden
843 528 47 20 från
906 529 126 26 kronoegen-

240 558 79 21 domen
337 558 10 20 1
362 558 82 20 mantal
455 558 73 26 Tunge
539 565 26 13 nr
577 558 10 20 1
600 555 62 23 Östra
672 559 7 19 i
690 558 91 27 Ytterby
793 558 78 20 socken
883 559 34 19 må
928 559 104 26 försäljas,

240 589 50 20 med
308 590 42 19 rätt
368 589 33 20 för
420 589 83 25 August
522 588 81 21 Gardin
621 588 34 20 till
673 588 96 21 hembud
785 589 12 19 å
813 588 40 20 litt.
871 588 18 20 D
905 589 128 26 Roslyckan,

182 653 40 16 18a
229 649 38 20 RD
279 648 108 27 medgiver
402 648 128 27 försäljning
544 656 25 13 av
580 648 80 21 kronan
673 649 70 19 såsom
754 648 94 21 danaarv
859 648 100 21 tillfallen
970 649 63 20 andel

239 679 7 20 i
262 679 128 26 lägenheten
406 678 126 27 Fjällbacka
547 686 25 13 nr
589 678 27 21 90
632 679 8 19 i
656 678 71 21 Kville
743 678 84 20 socken.

183 744 23 15 19
225 739 37 19 RD
279 738 109 26 medgiver
403 738 128 27 försäljning
546 746 26 13 av
583 738 126 26 lägenheten
720 734 117 30 Änghagen
848 738 48 20 från
906 739 126 26 kronoegen-

240 768 79 21 domen
336 769 10 19 1
364 768 82 20 mantal
463 768 110 20 Beläteröd
590 775 25 13 nr
632 768 11 20 1
660 769 7 19 i
684 768 114 26 Myckleby
814 768 83 20 socken.

182 833 25 16 20
225 828 38 20 RD
279 828 109 26 medgiver
403 828 127 27 försäljning
545 835 25 13 av
586 828 55 26 Lyse
657 835 25 13 nr
700 827 10 21 1
728 824 54 24 Övre
798 828 7 20 i
821 828 54 26 Lyse
891 828 83 21 socken.

182 893 23 15 21
224 888 38 20 RD
286 888 109 26 medgiver
417 888 127 26 försäljning
563 888 27 26 på
609 888 56 20 vissa
680 888 78 20 villkor
774 888 33 20 till
823 888 73 20 staden
914 888 119 21 Marstrand

240 925 26 14 av
282 920 31 19 ett
328 918 82 20 kronan
425 918 105 26 tillhörigt
545 918 87 20 område
648 919 12 19 å
676 918 165 20 Marstrandsön.

209 979 63 20 Inom
288 972 116 33 Älvsborgs
419 978 45 20 län:

182 1013 25 16 22
225 1008 38 21 RD
280 1008 108 26 medgiver
401 1008 127 27 försäljning
538 1015 26 13 av
575 1008 57 20 vissa
642 1008 122 26 lägenheter
775 1008 47 20 från
834 1008 199 26 kronoegendomen

243 1039 8 19 1
269 1038 83 21 mantal
368 1038 124 27 Torgestorp
509 1045 25 13 nr
551 1037 10 20 1
579 1038 113 26 Olofsgård
707 1038 7 20 i
730 1038 93 26 Lundby
839 1038 83 20 socken.

182 1103 25 15 23
225 1098 38 20 RD
279 1098 108 26 medgiver
403 1099 37 22 att,
457 1099 51 18 utan
525 1097 76 20 hinder
617 1104 26 13 av
659 1097 36 20 det
708 1097 6 20 i
725 1099 73 19 ämnet
809 1104 26 13 av
848 1097 56 21 1914
916 1098 32 20 års
961 1104 72 14 senare

239 1128 86 26 riksdag
340 1127 81 21 fattade
438 1127 76 24 beslut,
532 1127 25 20 de
574 1127 34 20 till
618 1127 57 20 förra
686 1127 230 26 kronofogdebostället
928 1127 11 20 1
952 1128 81 20 mantal

239 1157 99 21 Eckerud
362 1157 52 20 eller
437 1157 67 20 Eckre
524 1164 25 13 nr
566 1156 10 21 1
594 1157 50 20 med
660 1157 67 20 Eckre
744 1164 24 13 nr
785 1158 19 24 2,
821 1164 27 13 en
864 1157 72 27 utjord
952 1158 7 19 i
975 1158 58 20 Erik-

240 1187 57 21 stads
314 1187 83 25 socken,
414 1187 94 20 hörande
524 1187 151 26 lägenheterna
692 1186 45 25 1A,
756 1186 94 25 1B,10C
865 1187 38 20 och
916 1187 40 20 1D
966 1188 67 26 jämte

239 1217 80 20 mellan
336 1217 48 20 dem
401 1218 82 24 uttaget
498 1216 127 26 vägområde
641 1218 36 18 må
693 1217 69 20 såsom
779 1223 27 14 en
819 1217 99 26 lägenhet
928 1217 104 27 försäljas.

182 1276 24 15 24
224 1271 37 20 RD
286 1271 108 25 medgiver
416 1270 128 27 försäljning
567 1277 26 14 av
612 1270 81 20 kronan
709 1270 108 26 tillhöriga
832 1270 87 21 andelar
934 1271 8 20 i
958 1271 76 20 Västra

239 1301 110 20 Tunhems
365 1300 89 21 sockens
470 1300 140 26 allmänning.

183 1365 24 16 25
226 1361 36 19 RD
279 1360 109 26 medgiver
404 1360 45 20 dels
465 1360 127 27 försäljning
608 1367 26 13 av
650 1360 26 20 de
692 1360 124 26 fastigheter
826 1360 67 26 jämte
905 1360 128 21 tillhörande

240 1392 121 22 vattenrätt,
378 1396 46 14 som
440 1397 77 19 genom
533 1390 56 20 Sven
607 1390 116 20 Svenssons
737 1390 48 20 från
799 1390 78 20 Fritsla
888 1390 145 26 Bergagården

240 1420 41 20 den
306 1420 25 20 17
352 1420 112 20 december
482 1420 54 20 1907
553 1420 128 26 upprättade
697 1421 127 19 testamente
840 1420 90 20 tillfallit
946 1420 86 21 Väners-

241 1450 61 26 borgs
318 1450 93 26 hospital
427 1450 39 20 och
478 1450 51 26 asyl,
542 1449 45 21 dels
598 1450 39 20 ock
650 1451 30 19 att
691 1450 68 20 Maria
769 1450 166 20 Andreasdotter
946 1450 6 20 i
964 1450 69 21 Skene

240 1480 133 26 Deragården
395 1480 36 20 må
450 1480 78 20 befrias
547 1480 47 20 från
610 1479 123 27 skyldighet
748 1481 32 19 att
795 1480 62 26 gälda
873 1480 41 20 den
930 1480 7 20 i
953 1480 79 27 boupp-

240 1510 126 26 teckningen
383 1510 54 20 efter
453 1510 55 20 Sven
525 1510 105 20 Svensson
647 1509 33 20 till
696 1510 78 26 belopp
791 1517 26 13 av
833 1510 65 20 2965
915 1510 30 20 kr.
959 1510 27 20 30
998 1512 35 18 öre

239 1543 110 24 upptagna
371 1539 70 25 skuld,
461 1540 44 20 vari
524 1540 43 20 hon
583 1540 36 20 må
634 1540 61 20 häfta
710 1540 33 20 till
759 1539 94 21 nämnda
869 1540 79 20 anstalt
963 1541 69 19 såsom

240 1572 196 23 testamentstagare
452 1570 54 20 efter
521 1570 56 20 Sven
593 1570 112 20 Svensson.

210 1630 62 20 Inom
290 1628 135 28 Skaraborgs
440 1629 45 20 län:

182 1665 25 15 26
225 1660 37 20 RD
286 1659 108 26 medgiver
417 1659 127 27 försäljning
563 1666 26 13 av
605 1659 126 26 lägenheten
747 1659 133 26 Björkelund
895 1659 48 20 från
959 1659 73 20 krono-

240 1689 129 26 egendomen
395 1688 11 21 1
431 1689 81 20 mantal
537 1689 57 20 Bäck
617 1696 25 13 nr
667 1689 10 20 1
698 1689 135 26 Millomgård
852 1689 39 20 och
908 1696 25 13 nr
950 1689 11 19 7
978 1689 55 20 Lilla

239 1719 94 20 Holmen
349 1720 8 19 i
373 1719 99 20 Valstads
489 1719 84 20 socken.

182 1778 24 16 27
224 1774 37 19 RD
285 1773 107 26 medgiver
408 1773 28 25 på
453 1773 57 19 vissa
525 1772 78 20 villkor
618 1774 31 18 att
665 1779 26 13 av
707 1772 197 26 kronoegendomen
923 1772 10 20 1
951 1772 81 21 mantal

239 1803 103 20 Hasslum
366 1809 25 13 nr
408 1803 11 19 1
437 1802 117 26 Sörgården
570 1802 7 20 i
594 1802 83 20 Skövde
693 1802 78 20 socken
787 1803 35 19 må
838 1802 33 20 till
888 1803 22 19 C.
928 1802 24 20 G.
969 1802 62 21 Lind-

240 1833 57 20 blom
317 1833 13 20 å
345 1832 127 26 lägenheten
488 1832 52 20 Sten
555 1832 99 27 försäljas
670 1834 30 18 ett
716 1832 86 20 område
818 1839 34 13 om
870 1832 63 21 0.061
951 1832 81 21 hektar.

182 1891 24 16 28
224 1887 37 20 RD
278 1886 109 26 medgiver
402 1888 31 18 att
449 1886 174 26 torplägenheten
638 1886 97 26 Ekeberg
745 1887 36 19 må
791 1886 98 26 försäljas
900 1886 47 20 från
958 1886 73 20 krono-

240 1916 132 27 egendomen
395 1914 27 29 3/,
440 1916 81 20 mantal
541 1915 104 27 Silleberg
660 1923 25 13 nr
701 1916 12 20 3
730 1916 63 26 Börje
810 1916 112 26 Olofsgård
937 1916 50 20 med
1003 1915 28 28 1/,

239 1946 82 21 mantal
336 1941 58 25 Åker
410 1953 25 13 nr
451 1946 12 20 2
479 1946 8 20 i
503 1945 100 27 Rackeby
618 1946 83 20 socken.

182 2005 24 16 29
224 2000 38 20 RD
278 2000 109 26 medgiver
401 2000 128 26 försäljning
545 2006 26 14 av
586 2001 70 25 torpet
671 2000 116 25 Engeberg,
804 2001 69 25 torpet
888 1999 144 21 Katrinelund

240 2030 52 21 eller
308 2030 80 26 Spiken
404 2031 56 19 samt
475 2031 70 25 torpet
560 2029 57 20 Lilla
632 2030 109 20 Hörviken
758 2030 48 20 från
821 2030 74 20 Ekebo
911 2036 25 14 nr
952 2030 12 19 2
981 2030 50 19 Lars

240 2059 125 27 Nilsgården
378 2060 7 20 i
401 2059 104 21 Kållands
521 2059 84 21 socken.

1071 213 27 2 |

1504 227 54 17 Riks-

1152 217 7 31 FR

1070 252 17 26 3
1123 239 36 41 25
1222 275 4 4 z
1329 241 103 41 Utskotts-
1494 256 72 23 dagens
1624 256 118 17 Kamrarnas

1070 282 17 27 7
1123 277 12 31 Z
1146 281 18 35 :
1169 271 105 33 Motioner
1316 270 123 42 utlåtanden
1508 286 33 18 fer
1609 286 145 22 förhandlingar

1070 313 17 27 2
1119 302 15 40 ER
1143 318 16 25 z2
1302 305 46 18 eller
1361 304 99 18 memorial
1500 316 63 18 FÖldeE

1065 344 17 25 3
1123 341 40 29 J:r

1070 373 17 11 >
1124 369 35 23 125
1337 371 16 16 >
1446 364 19 33 zz
1551 373 17 17 2
1597 370 56 18 Första
1679 367 2 2 |
1698 370 43 18 And

1070 388 12 9 =
1124 383 35 40 [53
1184 384 33 16 ]EK
1236 384 35 17 AK]
1295 378 59 45 BlA)
1390 382 17 28 2
1450 393 17 25 IE]
1503 382 65 36 72]
1594 376 71 36 komm
1664 371 22 56 |
1696 375 70 37 kamm.

1048 499 54 20 1921]
1128 498 27 21 10
1287 498 25 21 10
1405 498 12 20 21
1464 497 68 21 41106)
1557 503 9 16 81
1597 497 39 21 6:3
1699 497 54 20 9:33

1071 656 9 11 >
1120 649 42 20 1270
1287 649 25 20 10
1390 648 27 20 30
1490 647 42 21 180
1597 647 70 22 23:78
1669 642 19 36 |
1699 647 33 20 28:
1744 652 24 15 99

1072 746 8 11 >
1120 739 42 20 1233
1287 738 25 21 10
1389 738 28 20 44!
1464 737 68 21 91210]
1557 743 9 15 61
1597 736 178 22 28:88135:115

1072 836 8 11 >
1120 828 42 21 1233
1286 828 26 21 10
1389 828 29 20 441
1450 827 82 21 101210]
1557 833 10 15 61
1597 827 69 21 28:83
1691 826 34 21 1835:
1736 831 39 16 115

1121 888 40 21 ALLE
1286 888 25 21 10
1391 887 26 21 69
1491 887 40 21 347
1597 887 34 20 46:
1642 892 25 16 57
1669 882 23 35 |
1699 887 33 20 54:
1743 891 25 16 62

1072 1008 83 21 FRK.
1287 1008 25 21 10
1406 1007 12 21 21
1465 1007 68 21 41106)
1558 1013 9 15 31
1599 1007 39 21 6:3
1700 1006 54 21 9:22

1072 1105 8 11 >
1095 1094 22 34 I
1128 1098 26 20 10
1286 1098 26 21 10
1406 1097 11 20 21
1465 1097 67 21 4106)
1558 1103 9 15 8å
1599 1097 39 20 6:3
1700 1096 54 20 9:39

1071 1278 9 11 »
1095 1265 23 35 |
1128 1270 26 21 10
1285 1270 27 21 10
1405 1270 12 20 21
1465 1270 67 21 41106]
1557 1275 9 16 31
1599 1270 39 20 6:3
1700 1268 54 20 9:32

1072 1368 8 10 >
1122 1360 38 20 1107
1287 1360 25 20 10
1391 1360 27 20 28
1491 1360 41 20 182
1598 1359 69 21 23:77
1672 1353 19 36 |
1699 1357 69 21 28:99

1071 1667 8 10 >
1095 1655 22 33 I
1128 1659 26 20 10
1285 1658 27 21 10
1405 1659 12 19 21
1465 1658 67 20 41106]
1558 1663 9 15 41
1598 1657 39 21 6:3
1700 1657 53 20 9:22

1101 1767 14 35 FE
1128 1772 25 20 10
1286 1771 25 21 10
1405 1771 12 20 21
1466 1771 66 21 5106)
1557 1776 9 16 4|
1598 1770 39 21 6:3
1699 1771 54 20 9:39

1070 1894 8 10 >»
1094 1881 23 35 |
1126 1885 26 21 87
1286 1885 25 20 10
1391 1885 26 20 18)
1464 1885 102 20 828612]
1598 1884 69 20 14:30
1669 1880 18 34 |
1700 1884 68 20 19:66

1069 2006 8 11 $>,
1118 1999 42 20 1200
1284 1997 26 21 10
1389 1998 28 20 441
1449 1997 82 22 101210)
1556 2003 10 15 61
1597 1997 70 22 28:83
1692 1997 33 21 135:
1737 2002 38 16 115
