1859 2356
783 152 223 31 SAKREGISTER
1657 156 39 20 501

1233 230 107 30 Utskotts-
1413 234 55 16 Riks-

1028 256 49 32 Kungl.
1137 281 4 4 3
1231 260 118 28 utlåtanden,
1405 260 70 28 dagens
1527 248 125 42 KSRrrarnas

1032 289 52 19 Maj:ts]
1096 282 92 16 Motioner
1214 294 96 17 Mmelöral
1323 294 44 16 eller
1415 294 32 16 kr
1523 282 142 21 förhandlingar

976 313 27 21 År.
1031 323 50 14 Iprop:r
1225 324 133 16 betänkanden
1361 317 30 34 |
1409 324 59 16 velser
1550 312 88 20 (prosa

1039 349 35 14 eller

1030 379 102 26 SKOvIIER
1149 389 36 17 AR
1206 377 16 51 7
1248 383 16 43 Z
1288 390 90 16 Nummer
1378 381 9 35 |
1395 390 91 16 Nummer
1507 378 70 40 Hen
1609 378 20 39 i

111 448 121 20 Folkskolor
246 454 28 13 m.
289 454 28 13 m.
1594 442 2 31 |

111 480 10 17 6
136 477 42 20 Till
191 477 118 20 folkskolor
322 484 28 13 m.
360 484 37 13 m.:
411 477 187 26 understödjande
610 483 28 14 av
651 477 172 20 folkskolebarns
836 477 60 20 ferie-
910 478 40 20 och
953 473 14 35 |
968 478 52 20 1937]
1039 478 39 20 1:81]
1106 490 28 3 —!
1160 491 27 2 —]
1215 479 62 20 61—]
1312 479 12 20 8
1339 481 45 18 s.78]
1419 479 12 19 8
1446 479 78 20 s.41l22:
1543 481 23 17 22
1594 480 2 3 |
1613 479 69 20 21:39

151 507 131 20 studieresor
294 507 87 20 anvisas
394 509 33 18 ett
439 507 75 26 anslag
526 513 28 14 av
567 507 26 20 75
602 507 41 20 000
655 507 32 20 kr.
701 507 33 26 (f).
1029 505 56 34 pt153
1594 485 2 45 |

111 570 9 16 7
136 567 43 20 RD
196 567 72 19 avslår
287 566 108 20 motioner
411 573 36 13 om
463 567 110 19 allmänna
590 567 228 26 fortbildningskurser
834 567 33 19 för
882 567 68 20 lärare
968 567 53 20 |1937|
1044 579 28 3 —
1101 568 38 20 11551
1153 568 40 20 3261
1215 568 62 20 6|—|
1312 568 12 20 8
1339 570 45 18 s.79]
1432 580 29 2 —
1498 568 69 20 122:23
1578 568 12 20 dl
1613 568 69 20 21:39

150 596 37 20 vid
203 596 107 26 egentliga
326 596 119 20 folkskolor
460 596 39 20 och
516 596 125 20 småskolor.

111 658 10 17 8
136 656 43 20 RD
192 656 72 20 avslår
275 655 108 20 motioner
394 662 36 13 om
442 655 165 26 resestipendier
618 656 23 19 åt
653 656 67 20 lärare
733 656 37 20 vid
781 656 34 19 till
825 656 125 20 folkunder-
967 656 53 20 11937]
1044 669 28 2 —
1100 657 39 20 1156|
1153 657 40 20 3251
1215 657 62 20 61-—1|
1312 657 72 21 8&s.80l
1433 669 28 2 —
1498 657 69 20 l22:25
1577 651 27 35 |
1613 657 69 20 21:39

150 686 113 26 visningen
283 685 96 20 hörande
397 685 158 20 läroanstalter.

111 747 10 17 9
135 745 42 20 Till
190 745 119 20 folkskolor
323 751 28 13 m.
361 751 37 13 m.:
413 744 76 26 bidrag
503 744 31 20 till
549 745 79 19 svensk
643 744 154 27 undervisning
810 745 34 20 för
857 745 92 20 svenska
968 745 52 20 |1937|
1038 746 40 19 1:8|]
1106 758 27 2 —|
1160 758 28 3 —I
1215 747 62 19 6|—1'
1312 747 12 20 8
1339 749 43 17 s.81]
1419 746 12 19 8
1446 746 85 20 s.41j22:
1543 748 24 17 25
1576 740 28 36 |
1613 746 69 20 21:39

151 775 53 20 barn
218 775 6 19 i
239 774 101 20 utlandet
352 774 87 20 anvisas
453 776 32 18 ett
499 774 74 26 anslag
586 780 28 14 av
629 774 25 20 15
663 774 40 20 800
712 774 32 20 kr.
1028 776 57 20 pt155

97 836 24 18 10
136 834 43 20 RD
193 834 117 26 medgiver,
324 835 35 18 att
372 833 63 26 årligt
448 833 119 21 understöd
579 834 36 19 må
628 833 26 20 fr.
668 840 19 13 o.
701 840 29 13 m.
744 834 130 25 budgetåret
888 833 132 26 1937/11937|
1039 835 39 20 144]
1106 847 28 2 —I
1160 848 28 2 —1I
1215 836 12 19 6
1249 848 28 2 |—]|
1298 836 26 20 86
1393 834 39 21 188
1498 835 33 19 25:
1543 837 24 17 36
1576 831 27 34 |
1613 835 69 19 24:62

152 863 53 20 1938
224 863 120 20 tillsvidare
362 863 51 26 utgå
432 863 33 20 till
483 863 57 20 förra
558 863 123 20 lärarinnan
699 863 38 20 vid
755 863 93 26 Viggens
865 863 84 20 mindre

150 893 107 20 folkskola
271 893 6 20 i
291 893 102 26 Nyskoga
406 893 137 20 skoldistrikt
556 893 68 20 Herta
637 893 91 20 Matilda
741 893 93 20 Larsson
847 893 49 20 med
909 893 40 20 820

150 923 32 20 kr.
200 924 58 19 samt
274 923 57 20 förra
348 923 124 20 lärarinnan
488 922 37 21 vid
542 922 162 27 Lappvattnets
720 923 84 20 mindre
820 923 106 20 folkskola
943 923 7 20 i

151 953 118 20 Burträsks
292 952 137 20 skoldistrikt
451 952 79 20 Lovisa
552 952 100 20 Viktoria
675 952 65 23 Strid,
764 952 53 20 född
840 953 108 23 Boström,
1455 961 4 6 ,

150 983 50 20 med
213 983 41 20 870
267 982 39 24 kr.;
321 982 40 20 och
374 982 87 20 anvisar
474 982 42 20 RD
529 982 33 20 till
575 982 119 20 folkskolor
705 988 29 14 m.
744 988 36 14 m.:
795 982 118 20 understöd
926 982 24 20 åt

150 1012 58 20 vissa
220 1012 127 24 lärarinnor,
360 1018 46 14 som
418 1012 27 26 på
458 1012 70 26 grund
536 1018 28 14 av
573 1012 223 20 folkskoleväsendets
805 1012 145 26 omorganisa-

149 1042 48 20 tion
208 1042 91 20 förlorat
309 1042 33 20 sin
352 1042 139 26 anställning,
503 1043 33 19 ett
546 1042 75 26 anslag
631 1048 28 14 av
669 1042 27 20 20
705 1042 40 20 300
755 1042 32 20 kr.
799 1042 33 26 (f).

98 1104 22 17 11
137 1102 42 20 RD
192 1102 101 23 besluter,
305 1103 35 18 att
350 1102 33 20 för
394 1102 18 26 ej
424 1102 84 19 mindre
519 1102 69 20 lärare
598 1101 36 20 vid
646 1102 55 19 folk-
711 1102 40 19 och
762 1102 120 20 småskolor
892 1103 58 18 samt
951 1097 14 36 |
967 1103 53 20 1937]
1037 1103 40 21 270
1093 1104 47 20 |249-|
1166 1104 27 20 801
1214 1104 13 20 6
1228 1097 23 36 |
1249 1103 75 20 —I140
1391 1103 40 20 468
1497 1103 33 20 33:
1542 1105 24 17 25
1577 1104 13 19 dl
1612 1103 78 20 33:1d

150 1131 38 20 vid
201 1133 83 19 statens
297 1131 106 27 egentliga
415 1131 125 24 folkskolor,
552 1131 85 20 mindre
648 1132 119 19 folkskolor
778 1132 39 19 och
830 1131 120 20 småskolor
1099 1133 94 21 2521470
1286 1133 38 20 166
1498 1133 32 19 35:
1542 1135 24 17 23
1577 1133 12 20 dl
1612 1133 33 20 35:
1657 1135 10 17 5
1678 1134 13 19 dj

151 1162 6 19 i
170 1161 67 20 rikets
249 1161 132 26 nordligaste
393 1163 124 24 gränsorter
528 1163 103 18 ävensom
644 1161 37 20 vid
695 1161 147 26 Skytteanska
855 1161 75 20 skolan
942 1161 7 20 i
1092 1163 102 20 284-486-
1285 1163 39 20 178
1497 1162 33 20 36:
1542 1164 10 17 3
1563 1163 13 20 d
1580 1158 23 35 |
1612 1162 33 20 36:
1657 1165 10 17 3
1678 1164 13 19 d

150 1191 79 23 Tärna,
247 1193 27 18 än
291 1192 56 19 även
364 1191 36 20 vid
418 1191 57 20 vissa
492 1191 94 26 angivna
604 1191 216 26 befattningshavare
836 1191 38 20 vid
890 1191 59 26 sjuk-
1098 1193 92 20 2891491
1497 1192 33 20 37:
1543 1195 8 16 1
1612 1192 54 20 371

150 1221 179 23 vårdsanstalter,
346 1221 112 23 barnhem,
474 1221 149 26 arbetsstugor
638 1221 39 20 och
689 1221 97 19 skolhem
798 1221 54 19 skall
862 1226 88 21 genom-
1153 1223 36 20 531

150 1251 59 20 föras
221 1250 153 27 lönereglering
386 1251 25 19 fr.
425 1257 19 13 o.
457 1256 29 14 m.
500 1251 41 19 den
555 1250 8 20 1
577 1251 45 25 jan.
637 1250 60 24 1938;
710 1250 39 21 och
762 1250 88 21 anvisar
861 1250 43 20 RD
916 1250 33 20 till
1153 1252 40 21 542

151 1280 119 20 folkskolor
281 1286 29 14 m.
320 1286 36 14 m.:
370 1280 77 26 bidrag
459 1280 32 20 till
504 1280 103 26 avlöning
620 1280 24 20 åt
656 1280 68 20 lärare
736 1280 37 20 vid
786 1280 119 20 folkskolor
917 1281 33 19 ett

151 1310 75 26 anslag
238 1316 29 14 av
279 1310 27 19 80
315 1310 41 20 600
364 1309 41 20 000
418 1310 32 20 kr.
465 1310 33 26 (f),
512 1310 33 20 till
558 1310 118 20 folkskolor
688 1316 29 14 m.
727 1316 36 14 m.:
778 1310 76 26 bidrag
866 1310 33 20 till
912 1316 38 14 av-

151 1340 73 26 löning
235 1340 24 20 åt
270 1340 68 19 lärare
350 1340 6 19 i
368 1340 56 25 slöjd
435 1340 36 19 vid
484 1340 125 23 folkskolor,
621 1339 84 20 mindre
716 1339 118 21 folkskolor
845 1340 50 20 eller
906 1341 44 18 sär-

150 1369 70 20 skilda
236 1369 129 26 slöjdskolor
380 1371 33 18 ett
428 1369 75 26 anslag
517 1376 29 13 av
561 1369 12 20 3
575 1369 47 20 565
631 1369 41 20 000
687 1370 32 19 kr.
735 1369 33 26 (f),
784 1370 32 19 till
832 1369 118 20 folkskolor

150 1405 29 14 m.
188 1405 37 14 m.:
243 1399 77 26 bidrag
338 1399 30 20 till
385 1399 103 26 avlöning
505 1400 23 19 åt
544 1399 120 20 lärarinnor
680 1399 6 20 i
703 1399 193 27 hushållsgöromål
912 1399 37 20 vid

150 1429 107 26 egentliga
269 1429 119 20 folkskolor
399 1435 28 14 m.
437 1435 29 14 m.
479 1430 33 19 ett
523 1429 75 26 anslag
609 1435 28 14 av
649 1429 40 20 344
697 1429 41 20 000
749 1429 32 20 kr.
794 1429 33 26 (f);
840 1429 39 20 och
891 1429 59 20 med-

150 1459 60 26 giver
223 1459 50 24 RD,
287 1460 35 19 att
334 1459 55 20 Axel
402 1459 40 20 och
456 1459 58 20 Sofia
527 1459 61 20 Alms
600 1459 92 20 stiftelse
704 1459 35 20 må
753 1459 74 20 kunna
840 1459 110 20 tillerkän-

151 1495 39 14 nas
201 1490 46 19 rätt
258 1490 35 19 att
305 1489 79 20 erhålla
398 1489 76 26 bidrag
485 1489 33 20 till
530 1489 122 20 avlönande
664 1495 28 14 av
704 1489 68 20 lärare
783 1489 37 20 vid
833 1489 117 20 stiftelsens

151 1519 105 19 barnhem
274 1518 6 20 i
298 1519 78 20 Rådan
394 1519 6 19 i
418 1519 86 25 Spånga
521 1519 86 23 socken;
625 1519 39 20 och
682 1519 87 20 anvisar
786 1519 42 20 RD
846 1519 32 20 till
896 1519 55 20 folk-

151 1548 72 20 skolor
237 1554 29 14 m.
276 1554 36 14 m.:
328 1548 76 26 bidrag
418 1549 33 19 till
465 1548 123 20 avlönande
602 1554 28 14 av
644 1549 68 19 lärare
727 1549 24 19 åt
764 1548 36 20 vid
816 1548 135 21 statsunder-

152 1578 79 20 stödda
247 1578 224 26 sjukvårdsanstalter
486 1578 40 20 och
542 1578 38 20 vid
595 1578 58 20 vissa
670 1578 104 20 barnhem
790 1578 90 27 intagna
896 1578 54 20 barn

151 1608 7 20 i
173 1608 122 20 skolåldern
311 1609 33 19 ett
359 1608 75 26 anslag
449 1614 28 14 av
493 1608 39 19 110
541 1608 41 20 000
596 1608 32 20 kr.
645 1608 33 25 (f),
694 1608 33 20 till
742 1608 118 20 folkskolor
874 1614 29 14 m.
913 1614 36 14 m.:

151 1637 241 26 folkundervisningens
408 1638 150 25 befrämjande
575 1637 6 20 i
597 1638 67 19 rikets
681 1638 131 26 nordligaste
828 1640 123 23 gränsorter

151 1668 34 19 ett
201 1667 76 26 anslag
293 1673 29 14 av
339 1667 40 20 280
388 1667 41 20 000
446 1667 32 20 kr.
496 1667 33 24 (f),
547 1667 32 20 till
597 1667 118 20 folkskolor
731 1674 29 13 m.
770 1673 37 18 m.;
825 1667 76 27 bidrag
917 1668 34 19 till

151 1697 104 25 avlöning
266 1697 23 19 åt
300 1697 200 20 föreståndarinnor
511 1697 40 20 och
562 1697 130 20 biträdande
703 1697 200 20 föreståndarinnor
913 1697 37 20 vid

152 1726 97 20 skolhem
263 1726 41 20 och
317 1727 150 26 arbetsstugor
479 1728 33 18 ett
525 1727 75 26 anslag
613 1733 27 14 av
656 1726 38 20 140
703 1727 41 20 000
757 1727 32 20 kr.
803 1727 33 25 (f),
851 1727 32 20 till
897 1727 55 19 folk-

152 1756 72 20 skolor
241 1762 28 14 m.
279 1762 37 14 m.:
335 1756 76 26 bidrag
427 1756 32 20 till
477 1756 164 26 inackordering
658 1762 27 14 av
703 1757 102 19 skolbarn
822 1757 7 19 i
846 1756 104 24 skolhem,

152 1786 150 26 arbetsstugor
319 1786 51 20 eller
387 1786 98 20 enskilda
503 1786 49 20 hem
570 1787 33 19 ett
621 1786 74 26 anslag
713 1792 28 14 av
759 1786 40 20 880
808 1786 41 20 000
866 1786 32 20 kr.
917 1786 33 26 (fk

151 1815 33 20 till
200 1815 118 20 folkskolor
331 1821 29 14 m.
370 1821 37 14 m.:
422 1816 77 25 bidrag
512 1816 33 19 till
560 1816 147 26 Skytteanska
722 1816 76 20 skolan
813 1816 6 20 i
832 1816 72 20 Tärna
919 1817 33 19 ett

152 1845 75 26 anslag
237 1851 28 14 av
277 1845 25 20 15
311 1845 41 20 000
362 1845 32 20 kr.
406 1845 33 25 (f),
450 1845 32 20 till
494 1845 65 26 högre
568 1845 125 20 folkskolor:
704 1846 119 20 understöd
834 1847 33 18 ett
877 1846 75 26 anslag

152 1880 28 15 av
202 1874 59 20 1400
269 1874 41 20 000
330 1875 40 23 kr.,
394 1875 33 20 till
448 1875 167 26 folkhögskolor:
636 1875 119 21 understöd
776 1877 33 18 ett
829 1875 75 27 anslag
923 1881 28 14 av

153 1904 59 20 1300
221 1904 41 20 000
273 1904 33 20 kr.
319 1904 33 26 (f),
367 1905 33 19 till
412 1905 161 26 dyrtidstillägg
584 1905 24 20 åt
619 1905 69 20 lärare
698 1905 38 20 vid
747 1905 58 20 vissa
817 1905 135 20 statsunder-

152 1934 79 20 stödda
248 1934 175 27 undervisnings-
438 1940 29 15 m.
483 1935 23 20 fl.
523 1935 106 20 anstalter
644 1936 33 19 ett
692 1935 76 26 anslag
783 1941 28 14 av
828 1935 25 20 18
861 1935 41 20 400
911 1935 40 20 000

151 1964 32 20 kr.
194 1964 34 26 (f);
239 1964 40 20 och
289 1964 97 20 anhåller
395 1964 42 20 RD
448 1970 35 14 om
494 1965 116 26 utredning
619 1965 40 20 och
669 1965 79 26 förslag
757 1965 34 20 till
802 1965 52 20 1938
864 1965 34 20 års
908 1964 42 21 RD

151 1999 50 21 ang.
217 1994 175 20 tillerkännande
407 2000 28 14 av
451 1994 87 20 särskilt
553 1994 124 27 lönetillägg
692 1995 24 20 åt
731 1995 69 20 lärare
814 1995 38 20 vid
867 1995 84 20 mindre

151 2023 120 21 folkskolor
286 2024 40 20 och
342 2024 130 20 biträdande
487 2024 68 20 lärare
569 2024 38 20 vid
623 2024 118 21 folkskolor
755 2026 58 19 samt
828 2031 35 14 om
879 2024 73 20 utred-

152 2053 52 27 ning
219 2053 41 21 och
274 2053 80 27 förslag
366 2054 108 20 huruvida
485 2054 41 20 och
536 2054 7 20 i
554 2054 44 20 vad
608 2054 52 20 mån
672 2055 23 19 åt
706 2054 69 21 lärare
785 2054 38 21 vid
834 2054 118 20 folkskolor
