1845 2358
812 162 136 16 SAKREGISTER

95 439 185 22 Folkskollärares
296 447 27 15 m.
336 441 39 27 fl:s
388 440 160 27 pensionering.

139 471 106 25 sionering
261 477 25 14 av
302 471 162 21 folkskollärare
480 478 28 13 m.
525 471 21 20 fl.
558 471 39 20 och
609 477 25 14 en
646 471 142 20 vaktmästare
799 470 36 21 vid
846 471 85 20 flottans
947 472 55 21 1923

140 501 163 25 pensionskassa
319 501 49 20 med
385 501 56 21 vissa
457 501 91 26 angivna
564 500 86 27 belopp;
668 501 39 20 och
721 500 139 27 bemyndigas
871 501 61 20 KM:t

140 532 37 23 att,
194 530 38 21 där
248 530 36 21 vid
295 532 69 25 någon
375 537 26 14 av
412 537 29 14 nu
453 530 159 27 ifrågavarande
623 531 145 20 institutioner
779 532 36 19 äro
826 530 106 21 anställda

75 582 2 4 I
140 560 160 21 icke-ordinarie
325 561 214 25 befattningshavare,
559 560 58 21 vilka
633 560 49 20 med
698 561 104 20 avseende
818 561 12 19 å
845 561 85 25 tjänste-

75 587 2 28 |
140 590 102 26 ställning
264 591 39 19 och
327 590 100 26 avlöning
451 592 35 18 äro
510 592 31 18 att
557 590 94 20 likställa
667 590 49 20 med
732 590 80 21 sådana
826 590 105 20 ordinarie

140 620 215 26 befattningshavare,
379 627 35 13 om
439 620 56 20 vilka
512 627 30 13 nu
558 622 23 18 är
596 620 65 26 fråga,
678 620 81 20 tilldela
776 620 65 26 sagda
857 620 73 20 befatt-

75 664 2 7 I
140 650 140 26 ningshavare
304 650 104 26 tillfälligt
432 650 122 26 lönetillägg
575 650 54 20 efter
644 650 112 20 enahanda
771 650 97 27 grunder,
885 656 46 14 som

139 679 56 26 gälla
210 680 7 20 i
233 680 59 26 fråga
310 687 35 14 om
362 680 108 26 tillfälliga
485 680 124 26 lönetillägg
624 680 22 20 åt
661 680 149 21 motsvarande
826 680 105 20 ordinarie

140 709 218 27 befattningshavare;
382 710 40 20 och
447 710 92 20 besluter
561 710 45 25 RD,
630 712 31 18 att
677 710 26 20 de
718 710 108 26 tillfälliga
842 710 88 20 lönetill-

139 739 74 26 läggen
229 740 32 20 till
279 740 159 21 vaktmästarna
454 740 35 20 vid
505 741 80 19 statens
601 740 79 20 anstalt
695 740 33 20 för
743 740 149 26 pensionering
906 747 25 13 av

138 769 162 21 folkskollärare
324 777 27 13 m.
370 770 20 20 fl.
413 770 40 20 och
477 770 85 20 flottans
584 770 164 26 pensionskassa
764 770 60 21 skola
839 771 51 25 utgå
906 776 25 14 av

137 800 119 26 respektive
272 800 213 26 pensionsanstalters
502 800 76 20 medel.

139 899 126 29 1924/1925
282 902 51 25 utgå
348 901 34 21 till
398 908 26 14 en
440 902 144 20 vaktmästare
599 901 37 21 vid
651 904 80 18 statens
747 902 79 20 anstalt
840 902 32 19 för
882 908 48 20 pen-

138 931 107 26 sionering
261 938 25 13 av
303 931 162 21 folkskollärare
480 938 29 14 m.
524 931 20 20 fl.
557 932 39 20 och
607 938 26 14 en
643 932 144 20 vaktmästare
798 931 36 21 vid
845 931 86 21 flottans

144 961 165 25 pensionskassa
328 961 67 26 enligt
410 961 161 21 bestämmelser
587 961 149 21 motsvarande
752 961 57 26 dem,
825 961 58 21 vilka
898 961 33 20 för

139 990 124 26 budgetåret
280 989 127 29 1923/1924
423 991 119 20 meddelats
552 992 8 19 i
570 991 142 26 kungörelsen
722 991 42 21 den
775 992 27 19 22
813 991 48 27 juni
875 991 54 20 1923

138 1020 33 26 (nr
187 1020 60 27 276);
264 1021 40 20 och
320 1021 140 26 bemyndigas
476 1021 61 20 KM:t
552 1023 38 24 att,
604 1021 38 20 där
652 1021 36 21 vid
699 1022 69 25 någon
779 1028 26 14 av
816 1028 30 13 nu
856 1021 74 26 ifråga-

139 1050 92 20 varande
250 1051 145 20 institutioner
414 1053 36 18 äro
466 1051 106 20 anställda
587 1051 161 21 icke-ordinarie
764 1051 166 26 befattningsha-

138 1087 56 17 vare,
211 1080 58 21 vilka
284 1080 7 20 i
307 1081 59 26 fråga
381 1088 35 13 om
433 1081 183 27 tjänsteställning
631 1082 39 19 och
687 1081 99 26 avlöning
801 1083 36 18 äro
851 1082 31 19 att
893 1080 37 21 lik-

138 1110 62 20 ställa
216 1110 49 20 med
281 1110 66 20 sådan
363 1110 105 21 ordinarie
484 1111 215 26 befattningshavare,
716 1118 46 14 som
773 1112 7 19 i
791 1110 140 27 nyssberörda

138 1140 126 26 kungörelse
280 1147 67 17 avses,
364 1140 81 21 tilldela
462 1141 65 26 sagda
540 1141 210 26 befattningshavare
761 1141 104 26 tillfälligt
875 1141 55 20 löne-

138 1169 74 27 tillägg
230 1170 54 21 efter
300 1170 111 21 enahanda
426 1171 99 26 grunder,
542 1177 45 14 som
604 1171 56 26 gälla
675 1171 7 20 i
698 1171 59 26 fråga
772 1178 35 13 om
824 1171 107 26 tillfälliga

138 1199 123 27 lönetillägg
284 1201 22 20 åt
321 1200 150 21 motsvarande
487 1201 104 20 ordinarie
609 1201 216 26 befattningshavare;
842 1201 39 20 och
898 1201 32 20 be-

138 1229 66 21 sluter
230 1230 44 23 RD,
290 1232 31 19 att
337 1230 26 21 de
380 1231 108 26 tillfälliga
504 1231 150 26 lönetilläggen
670 1231 34 20 till
720 1231 160 21 vaktmästarna
895 1230 36 21 vid

138 1261 80 19 statens
230 1260 79 20 anstalt
320 1260 32 21 för
363 1261 150 26 pensionering
523 1267 27 14 av
558 1261 162 20 folkskollärare
728 1268 28 13 m.
767 1261 20 20 fl.
797 1261 39 20 och
845 1260 86 21 flottans

138 1290 164 26 pensionskassa
318 1290 61 21 skola
394 1291 50 25 utgå
461 1297 26 14 av
498 1291 119 26 respektive
629 1291 213 26 pensionsanstalters
854 1290 76 21 medel.

95 1359 10 15 2
125 1354 35 20 RD
177 1355 114 26 medgiver,
308 1358 32 18 att
355 1357 74 19 utöver
445 1356 26 20 de
488 1357 6 19 i
510 1358 69 19 staten
595 1356 33 21 för
644 1358 79 19 statens
739 1357 79 20 anstalt
833 1357 33 20 för
882 1363 48 20 pen-

138 1384 107 27 sionering
260 1392 26 14 av
302 1386 162 20 folkskollärare
480 1393 28 13 m.
525 1386 21 20 fl.
563 1386 107 27 uppförda
680 1386 71 21 medel
762 1388 56 19 samt
828 1387 58 20 förut
897 1393 33 13 an-

138 1414 73 21 visade
236 1415 78 20 15000
338 1415 31 21 kr.
392 1416 33 20 till
449 1416 256 26 förvaltningskostnader
728 1417 36 19 må
780 1423 26 14 av
822 1416 26 20 de
864 1416 68 20 under

138 1444 103 26 styrelsen
265 1445 33 20 för
317 1445 105 21 anstalten
441 1445 79 21 ställda
535 1446 70 20 medel
621 1447 50 25 utgå
688 1448 30 19 ett
734 1446 62 26 årligt
812 1446 78 26 belopp
906 1452 25 14 av

139 1473 27 21 10
176 1474 42 20 000
235 1474 30 21 kr.
283 1475 33 20 till
332 1475 106 26 gäldande
454 1482 26 14 av
496 1476 263 26 förvaltningskostnader.

121 1540 37 19 RD
175 1540 141 26 bemyndigar
332 1541 67 25 KM:t,
416 1543 31 18 att
463 1541 33 20 till
512 1541 140 27 reglementet
667 1542 41 20 den
725 1541 27 21 31
769 1541 45 21 dec.
833 1541 55 20 1919
899 1541 33 26 (nr

138 1569 51 26 878)
204 1570 33 20 för
253 1572 81 19 statens
350 1571 80 20 anstalt
445 1571 33 20 för
494 1572 149 26 pensionering
659 1578 26 14 av
696 1571 162 21 folkskollärare
869 1578 29 13 m.
910 1571 20 20 fl.

137 1601 50 24 göra
210 1600 76 20 sådant
309 1600 80 27 tillägg,
413 1603 32 18 att
468 1601 26 20 de
510 1601 124 27 rättigheter
650 1602 39 20 och
706 1601 151 27 skyldigheter,
874 1601 59 20 vilka

136 1629 89 26 jämlikt
241 1630 140 26 kungörelsen
398 1630 41 21 den
456 1631 27 19 22
499 1632 48 25 juni
565 1631 56 20 1920
638 1630 32 28 (nr
687 1631 50 26 380)
753 1638 47 19 ang.
814 1631 74 26 tillägg
899 1630 33 21 till

72 1672 2 17 |
137 1666 84 14 samma
232 1660 128 26 reglemente
372 1660 123 21 tillkomma
505 1661 210 26 befattningshavare
726 1661 39 21 hos
776 1661 149 26 hushållnings

73 1690 1 42 |
137 1689 95 27 sällskap
248 1697 29 13 m.
294 1690 29 25 fl.,
339 1691 36 19 må
391 1691 6 19 i
413 1690 130 27 tillämpliga
558 1691 59 21 delar
630 1691 123 21 tillkomma
763 1691 81 27 jämväl
856 1691 75 20 befatt-

73 1743 2 9 |
138 1719 141 26 ningshavare
295 1720 39 21 hos
350 1721 91 20 svenska
458 1721 65 20 betes-
539 1721 39 21 och
596 1721 173 27 vallföreningen.

149 1754 24 18 Se
192 1754 36 18 ock
244 1754 171 24 Dyrtidstillägg
426 1755 98 22 (1921:15;
538 1756 52 17 1922:
600 1762 29 15 11;
643 1756 51 18 1923:
704 1762 29 15 12;
747 1755 51 19 1924:
808 1761 29 15 10;
851 1755 52 19 1925:
912 1755 21 21 7),

161 1778 185 20 Folkskoleväsen
354 1779 60 22 (1923:
423 1785 27 14 43,
461 1785 30 15 45;
500 1780 52 18 1924:
561 1785 27 17 33,
599 1781 33 20 35),
642 1780 201 22 Löneförbättring,
851 1779 83 22 tillfällig

161 1801 60 23 (1925:
230 1802 21 22 9),
265 1803 171 19 Pensionsväsen
450 1802 59 23 (1923:
519 1810 14 15 s,
548 1805 24 20 4),
586 1804 172 23 Stämpelavgift
770 1803 65 23 (1923).

149 1826 24 17 Se
186 1826 66 18 vidare
265 1827 193 22 Pensionsanstalt,
472 1828 97 19 Statens.

92 1890 109 27 Follinge
217 1896 30 16 nr
263 1893 23 26 2;
302 1901 22 13 se
340 1892 167 28 Avsöndringar
522 1894 73 26 (1926:
608 1894 40 27 13).

92 1955 249 29 Fondinspektionen;
358 1966 21 14 se
396 1959 72 22 Bank-
486 1959 37 22 och
533 1959 213 28 fondinspektionen.

92 2027 333 25 Fondkommissionsrörelse
444 2030 46 22 och
509 2030 230 24 fondverksamhet:
755 2038 23 14 se
797 2025 147 40 Tryckfrihet)

137 2059 73 26 (1921:
224 2059 26 29 2).

96 876 7 15 1
125 871 35 19 RD
184 871 100 25 besluter,
309 873 31 19 att
363 871 105 26 tillfälligt
491 872 123 26 lönetillägg
638 872 55 20 skall
716 872 68 20 under
807 872 125 25 budgetåret
945 871 57 23 1924]

1636 159 42 20 563

1020 225 40 36 så
1400 232 54 18 Riks-

967 256 17 26 3
1020 258 41 33 28
1391 262 72 23 dagens
1520 262 118 18 Kamrarnas

1020 303 12 9 OSS
1043 293 18 27 2
1211 310 13 17 1
1334 310 24 17 al
1396 288 55 31 skri-
1505 292 145 23 förhandlingar

967 317 17 27 2
1020 314 41 43 ax
1199 315 47 13 eller
1259 315 92 13 memorial
1362 304 26 40 |
1397 322 63 18 velser

962 348 17 12 &
1044 349 16 7 =

967 364 12 9 ee
1020 357 36 18 ER
1494 360 4 1 Ez

967 373 89 15 SuleR
1192 370 17 24 gl
1346 377 18 18 2
1448 376 17 19 |
1493 377 68 17 Första
1568 367 20 39 |
1594 377 66 17 Andra

967 392 12 9 3
1020 387 36 40 33
1192 396 17 32 2
1233 394 18 31 å
1346 397 18 24 =
1398 384 18 44 Zz
1448 397 17 24 &
1463 393 19 35 |
1490 401 71 18 kamm.
1564 393 23 35 |
1592 401 70 17 kamm.

1575 449 1 36 |

1575 805 1 10 I

1575 816 1 12 I

1033 868 13 34 Å;
1397 872 28 20 84
1494 872 32 20 10:
1538 877 24 15 238
1595 872 67 21 )-15:11

1018 907 42 22 Utg.

1021 937 34 22 p.6

1019 1356 40 20 105
1388 1353 41 21 148
1494 1354 69 22 33:72
1566 1350 10 35 |
1595 1354 67 22 31:51

1026 1540 25 20 31
1389 1534 41 36 169
1494 1538 69 22 29:16
1564 1534 14 36 |
1595 1539 33 21 32:
1641 1544 23 16 19

1434 1853 2 11 I
