1831 2353
759 145 224 18 SAKREGISTER
1632 147 40 20 547

1209 220 111 31 Utskotts-
1393 224 54 17 Riks-

1009 250 49 17 Kungl.
1118 272 4 3 2
1211 248 118 33 utlåtanden,
1385 248 69 33 dagens
1516 242 116 17 Kamran

1012 279 53 18 Maj:ts]
1076 271 93 17 Motioner
1202 288 41 12 Sön
1245 284 45 16 OMAL
1303 284 44 16 eller
1396 284 21 17 Härd
1503 273 141 20 förhandlingar

957 302 27 21 År
1011 313 51 14 Iprop:r
1205 314 133 16 betänkanden
1340 299 32 42 |
1388 314 60 17 velser
1529 302 88 21 (BEGER

1009 335 46 27 eller
1198 360 4 5 -

1019 369 38 14 kriv:
1187 367 16 5 gl
1240 367 4 4 7
1488 368 54 17 Först:
1590 368 44 16 And;

1011 373 54 10 SENYNL
1079 379 33 16 FK
1129 379 37 17 LAK
1186 373 17 45 ä
1228 373 16 44 Z
1268 379 90 17 Nummer]
1375 380 91 16 Nummer
1487 373 70 35 ar
1588 368 44 45 Känd

85 430 191 26 FÖRORDNING:
295 436 131 20 innebörden
445 443 27 13 av
491 439 91 23 termen;
602 443 22 14 se
643 437 71 20 Enkla
731 437 70 26 frågor
820 437 70 25 (1939:
902 437 26 26 2);

112 465 128 26 oavsiktliga
252 466 56 20 brott
320 469 54 22 mot;
387 472 22 14 se
423 462 56 24 Åtal.

85 526 230 31 FÖRORDNINGAR;
328 538 22 14 se
362 532 79 20 Svensk
443 528 253 35 Författningssamling.

85 591 196 30 FÖRPLÄGNAD;
297 603 22 14 se
335 597 87 24 Armén;
438 597 112 25 Marinen;
568 598 136 26 Flygvapnet.

84 656 315 31 FÖRRÅDSBYGGNADER;
418 669 22 14 se
459 662 78 21 Armén
557 663 70 26 (1932:
640 665 30 22 42;
691 663 60 21 1935:
764 665 30 22 45;
815 663 60 20 1940:
887 663 40 26 25);

111 691 171 26 Lagerhållning;
300 692 159 26 Upphandling.

85 751 176 26 FÖRRÄDERI-
273 757 55 20 OCH
341 758 227 20 SPIONERIBROTT.

113 786 42 20 RD
166 788 91 25 antager
265 787 34 20 för
308 787 32 20 sin
351 788 34 19 del
394 787 35 26 lag
438 794 35 13 om
483 788 84 20 ändrad
577 788 81 26 lydelse
667 794 28 14 av
705 788 12 20 8
726 788 51 26 kap.
788 790 57 18 samt
855 788 12 20 9
876 788 51 26 kap.
945 789 53 19 11940]
1016 788 40 20 217]
1084 801 28 2 —
1112 782 19 36 |
1139 801 27 2 —I
1193 790 12 20 91
1236 790 7 19 11
1276 790 27 19 32
1369 790 41 20 248
1476 792 33 19 128:
1521 794 24 17 52
1556 792 13 20 dl
1587 790 34 20 31:
1632 792 25 18 30

127 816 12 20 7
152 817 9 24 $
174 817 41 19 och
229 816 25 20 10
266 817 51 26 kap.
332 817 24 19 14
370 817 9 25 $
392 817 134 26 strafflagen,
540 818 35 26 lag
587 824 36 14 om
635 818 92 26 ändring
739 818 7 20 i
758 818 57 20 vissa
829 818 59 20 delar
900 824 28 14 av

127 846 127 26 strafflagen
266 847 34 19 för
311 847 149 26 krigsmakten
473 849 58 18 samt
543 848 34 25 lag
589 847 49 20 med
650 848 58 20 vissa
721 848 162 20 bestämmelser
894 848 34 19 till

127 875 71 26 skydd
213 876 34 20 för
261 876 108 20 försvaret
383 882 29 14 m.
427 883 38 17 m.;
481 877 40 20 och
536 877 97 20 anhåller
648 877 42 21 RD
706 883 35 14 om
757 877 116 26 utredning
888 877 40 20 och

126 905 87 26 förslag,
223 912 36 13 om
268 906 86 26 möjligt
363 906 33 20 till
405 906 148 21 innevarande
562 907 51 23 RD,
623 907 92 20 rörande
724 913 26 14 en
759 907 169 26 komplettering

126 941 28 14 av
173 935 100 26 gällande
292 936 200 26 lagbestämmelser
510 937 7 19 i
536 937 57 26 syfte
612 938 35 19 att
665 937 79 20 bereda
762 937 115 26 möjlighet
895 937 33 19 till

127 965 129 20 effektivare
267 966 128 26 ingripande
406 968 47 18 mot
464 966 104 27 sabotage
579 967 51 19 eller
640 967 74 20 försök
725 967 50 20 eller
785 967 143 20 förberedelse

127 995 73 20 därtill
217 997 57 18 samt
288 1002 36 13 om
338 996 117 26 utredning
468 996 93 20 rörande
574 996 153 24 förhållandet,
741 997 8 19 i
762 997 57 20 vissa
833 997 95 26 angivna

127 1025 130 23 avseenden,
272 1025 80 20 mellan
366 1026 251 26 tillämpningsområdet
631 1026 33 20 för
677 1026 110 21 allmänna
801 1027 127 25 strafflagen

126 1055 41 19 och
181 1055 126 26 strafflagen
321 1055 34 20 för
368 1056 156 26 krigsmakten.

84 1114 391 32 FÖRRÄTTNINGSKOSTNA
402 1110 72 42 DER;
487 1128 21 13 se
520 1122 228 26 Grundförbättringar;
757 1122 171 26 Lantmäteriför-

112 1150 124 26 rätltningar.

84 1204 344 31 FÖRSAMLINGSSTYRELSE;
453 1217 22 14 se
498 1211 194 24 Jordbrukskredit;
717 1207 212 34 Kommunalförfatt-

112 1239 77 26 ningar
205 1239 70 26 (1932:
288 1241 16 22 5;
324 1240 59 20 1933:
395 1242 17 22 2;
429 1240 59 21 1937:
503 1243 57 21 1—2;
577 1241 60 20 1939:
651 1241 25 26 1).

84 1293 187 30 FÖRSEELSER;
287 1305 21 14 se
327 1300 111 24 Brottmål;
456 1296 57 24 Åtal.

84 1352 214 26 FÖRSKINGRING.

112 1387 42 20 RD
169 1388 131 24 hemställer,
315 1390 35 18 att
363 1389 64 19 KM:t
440 1389 51 20 ville
504 1391 86 18 snarast
603 1389 119 27 framlägga
736 1390 79 26 förslag
828 1390 33 19 till
875 1389 123 21 änd-|1933|
1022 1402 27 2 —
1079 1390 37 20 |127|
1131 1391 40 20 240]
1192 1390 13 20 9
1205 1383 20 38 |
1236 1391 23 24 11
1276 1391 23 20 21
1382 1392 27 20 85
1478 1392 164 21 18:::0:1:19::8

125 1417 48 26 ring
183 1417 6 20 i
199 1418 27 19 22
236 1418 51 26 kap.
300 1418 23 19 11
335 1419 10 24 $
356 1418 134 27 strafflagen,
501 1419 147 20 innebärande
659 1419 90 26 höjning
759 1426 28 13 av
797 1419 87 20 straffet
895 1419 33 20 för

126 1447 87 20 svårare
228 1447 165 27 förskingrings-
408 1448 40 20 och
463 1449 185 20 trolöshetsbrott.

154 1483 22 16 Se
189 1483 35 16 ock
237 1484 70 16 Armén
320 1484 60 20 (1939:
389 1484 23 20 8);
427 1484 112 21 Strafflagen
552 1485 68 20 (1937).

83 1530 257 32 FÖRSKINGRINGAR;
352 1544 22 13 se
384 1537 79 21 Armén
476 1538 69 26 (1939:
558 1538 26 26 8).

84 1590 238 31 FÖRSKOTTSSTAT;
338 1603 22 14 se
375 1597 137 21 Arbetslöshet
526 1598 70 25 (1938:
609 1598 26 26 5).

83 1649 403 28 FÖRSKOTTSUTBETALNINGAR.

112 1684 42 21 RD
168 1685 104 24 anhåller,
287 1687 35 19 att
336 1686 64 20 KM:t
412 1687 71 20 måtte
496 1687 55 20 efter
564 1687 120 20 verkställd
698 1688 116 25 utredning
827 1688 99 20 meddela
944 1687 49 20 [1931]
1021 1700 27 2 —
1055 1680 25 38 |
1082 1701 29 3 —|
1136 1700 29 4 —I1
1191 1688 12 20 6
1202 1680 20 38 |
1235 1688 66 20 1158
1315 1690 93 19 s.17j346
1422 1693 30 17 s.1
1475 1690 33 20 |44:
1519 1692 24 17 52
1556 1680 20 38 |
1586 1690 33 20 44:
1632 1692 37 18 104]

125 1715 135 20 föreskrifter
272 1717 41 18 rör.
327 1716 154 20 utlämnandet
493 1717 41 20 och
546 1717 166 26 redovisningen
724 1723 28 14 av
765 1717 101 23 förskott,
880 1723 45 14 som

125 1744 47 20 icke
185 1745 92 20 hänföra
291 1745 31 27 sig
335 1746 33 19 till
381 1746 148 26 tjänsteresor.

83 1797 107 26 FÖRSTA
205 1804 67 24 MAJ;
288 1810 22 14 se
324 1805 125 26 Helgdagar.

83 1857 259 31 FÖRSTATLIGANDE;
357 1870 21 14 se
394 1865 79 19 Gruvor
486 1865 70 26 (1938:
569 1865 26 26 3).

83 1917 171 30 FÖRSVARET,
269 1923 67 26 skydd
352 1923 41 25 för;
409 1930 22 14 se
450 1924 119 25 Förräderi;
587 1924 109 26 Sabotage;
715 1925 105 27 Spioneri.

83 1976 179 26 FÖRSVARETS
280 1978 180 30 STÄRKANDE;
476 1990 22 14 se
515 1984 164 21 Försvarsväsen
696 1985 70 26 (1935:
779 1987 17 22 2,
815 1985 26 26 5).

82 2036 263 31 FÖRSVARSANSLAG;
360 2049 21 14 se
398 2043 163 21 Försvarsväsen
576 2044 66 26 (spec.
659 2044 59 21 1940:
732 2045 25 26 1).
