1850 2358
163 153 41 21 416
900 160 135 15 SAKREGISTER

1435 204 37 28 Rs
1571 204 67 28 KESETPNOE
1689 213 33 2 og
1768 212 2 11 I

183 438 65 27 Egna
264 437 52 22 hem.

227 470 101 19 ävensom
350 469 33 20 för
405 469 110 26 bebyggda
533 469 245 27 jordbrukslägenheter,
794 469 38 20 där
848 469 73 20 värdet
936 469 84 20 översti-

217 505 46 19 -ger
280 498 26 20 12
316 498 43 21 000
375 499 31 20 kr.
424 505 49 14 men
488 499 47 21 icke
553 499 26 20 16
589 499 43 21 000
648 499 31 21 kr.

187 570 6 14 1
213 565 37 20 RD
266 565 70 21 avslår
352 565 81 20 motion
449 572 34 13 om
501 565 66 21 sådan
583 565 90 26 ändring
689 566 7 19 i
712 565 41 20 den
764 565 33 21 för
807 567 80 19 statens
899 565 121 26 egnahems-

227 595 110 26 inspektör
352 595 99 26 gällande
466 595 137 26 instruktion,
620 597 32 19 att
666 595 138 27 inspektören
820 595 38 21 bör
874 596 22 20 så
912 595 41 21 vitt
968 595 52 27 möj-

228 625 39 26 ligt
283 625 78 20 besöka
376 626 59 26 varje
451 625 197 27 egnahemsnämnd
664 626 58 20 inom
740 625 55 21 riket
806 626 66 20 minst
883 632 25 14 en
920 626 55 25 gång
986 632 35 13 om

228 656 45 19 året
288 656 12 19 å
316 657 30 19 ett
362 662 26 14 av
404 655 60 21 deras
481 656 43 20 ord.
542 656 180 21 sammanträden.
1030 652 2 17 I

185 720 10 15 2
213 715 37 20 RD
272 715 123 26 godkänner
416 716 79 26 förslag
511 716 33 20 till
560 716 81 20 ändrad
656 716 82 27 lydelse
754 723 26 13 av
796 716 28 26 88
842 715 33 24 10,
893 716 27 20 11
937 716 39 20 och
994 715 28 21 14

229 752 25 13 av
270 745 26 21 de
312 749 51 17 utav
379 746 38 20 RD
433 748 92 24 antagna
541 746 109 20 allmänna
666 746 78 21 villkor
759 746 40 21 och
815 746 161 21 bestämmelser
988 746 34 20 för

228 777 80 19 statens
324 776 252 26 egnahemslånerörelse;
593 776 40 21 och
649 776 115 26 medgives,
781 777 31 19 att
831 776 61 20 KM:t
907 776 36 20 må
956 776 33 20 för
999 776 23 20 år

229 805 56 20 1928
302 806 80 26 bevilja
397 806 90 21 statslån
503 806 47 20 från
566 806 245 26 egnahemslånefonden
827 806 57 20 intill
900 808 30 18 ett
943 805 78 27 belopp

227 842 26 14 av
270 835 27 20 18
307 835 42 21 000
359 835 42 21 000
417 836 39 24 kr.,
473 836 65 21 därav
555 836 79 21 12500
644 836 42 20 000
698 836 31 20 kr.
740 837 33 19 för
783 836 239 27 jordbrukslägenheter

227 865 39 20 och
292 865 64 21 5500
366 865 42 21 000
432 866 31 20 kr.
488 866 33 20 för
544 866 219 26 bostadslägenheter;
788 866 39 20 och
850 866 84 20 anvisas
950 866 70 20 såsom

229 895 163 27 kapitalökning
414 896 33 20 för
465 895 65 27 sagda
545 896 53 20 fond
613 896 33 20 för
662 896 125 26 budgetåret
804 894 125 29 1927/1928
946 898 31 19 ett
992 902 28 14 re-

227 926 191 26 servationsanslag
433 933 26 13 av
476 925 12 21 6
501 925 42 21 000
553 925 42 21 000
612 926 30 20 kr.

212 986 8 19 I
239 985 42 20 anl.
298 992 26 14 av
340 986 71 20 KMt:s
427 985 79 27 förslag
521 988 57 18 samt
593 986 134 20 motionerna
743 986 47 20 FK:
808 986 49 24 260,
873 985 42 21 274
926 986 40 20 och
978 985 42 20 275

227 1017 57 19 samt
302 1016 46 20 AK:
365 1015 43 21 447
425 1016 39 20 och
480 1016 44 20 454
540 1016 110 25 medgiver
664 1016 45 25 RD,
726 1018 31 18 att
773 1016 61 20 KM:t
850 1016 36 20 må
901 1015 85 21 utfärda
1001 1013 20 30 a)

227 1045 126 26 kungörelse
369 1052 46 19 ang.
433 1045 110 20 allmänna
553 1045 93 26 grunder
655 1046 34 19 för
699 1046 41 20 den
751 1045 199 21 statsunderstödda
961 1051 59 20 egna-

227 1075 232 25 hemsverksamheten,
477 1074 20 28 b)
513 1075 126 26 kungörelse
655 1075 50 20 med
716 1075 188 26 reglementariska
914 1074 107 21 föreskrif-

227 1106 32 19 ter
282 1111 46 20 ang.
354 1105 41 20 den
418 1104 199 21 statsunderstödda
640 1105 171 26 egnahemslåne-
827 1105 40 21 och
883 1104 137 27 premielåne-

227 1134 170 26 verksamheten,
422 1134 18 28 c)
456 1135 126 26 kungörelse
606 1135 50 20 med
679 1135 188 26 reglementariska
889 1134 132 21 föreskrifter

227 1170 48 20 ang.
291 1164 42 21 den
349 1164 199 21 statsunderstödda
560 1165 196 27 jordförmedlings-
767 1165 40 21 och
817 1165 203 26 jordanskaffnings-

227 1194 173 25 verksamheten;
413 1195 39 20 och
463 1195 123 26 godkännes
595 1195 66 20 sådan
672 1195 90 26 ändring
773 1202 26 14 av
810 1195 13 26 $
835 1195 13 20 3
859 1194 68 28 tredje
938 1194 83 27 stycket

227 1230 26 14 av
269 1224 26 20 de
312 1226 51 19 utav
379 1225 37 20 RD
434 1224 56 21 1925
507 1227 93 24 antagna
615 1225 111 20 allmänna
740 1225 93 26 grunder
846 1225 33 20 för
889 1224 132 27 upplåtande

227 1261 26 13 av
269 1254 88 21 kolonat
372 1255 13 20 å
400 1255 145 26 kronoparker
560 1255 8 20 i
584 1255 105 20 Norrland
703 1255 39 21 och
754 1255 99 25 Dalarna,
865 1256 31 19 att
906 1254 115 26 ledningen

227 1291 26 13 av
267 1284 40 20 och
318 1284 121 21 kontrollen
450 1286 50 19 över
510 1285 299 20 kolonisationsnämndernas
819 1284 137 21 verksamhet
966 1284 53 21 skall

227 1315 76 20 utövas
319 1321 26 14 av
361 1316 80 19 statens
452 1315 205 26 egnahemsstyrelse
668 1315 7 20 i
686 1315 72 20 stället
768 1315 33 20 för
811 1321 75 19 genom
898 1314 122 27 jordbruks-

228 1344 180 26 departementet;
425 1345 39 20 och
480 1345 84 20 anvisas
579 1344 31 21 för
621 1346 80 19 statens
712 1344 204 26 egnahemsstyrelse
926 1344 33 20 för
969 1343 51 21 bud-

227 1374 80 25 getåret
332 1372 125 26 1928/1929
481 1376 31 19 ett
533 1376 60 18 extra
608 1374 164 26 förslagsanslag
788 1381 25 14 av
831 1374 78 20 39500
926 1373 38 25 kr.;
981 1373 40 21 och

227 1404 85 20 anvisas
328 1404 32 20 för
376 1404 140 20 utlämnande
532 1404 33 20 för
582 1403 56 21 1928
653 1411 26 14 av
689 1404 217 26 förvaltningsbidrag
917 1404 33 20 till
961 1410 60 19 egna-

228 1433 255 22 hemslåneförmedlarna
504 1434 33 20 för
556 1433 125 27 budgetåret
706 1432 125 29 1928/1929
855 1435 30 19 ett
904 1435 59 19 extra
981 1434 40 19 för-

227 1463 131 27 slagsanslag
373 1470 27 14 av
415 1464 43 20 810
469 1463 42 21 000
527 1464 41 24 kr.;
581 1464 39 20 och
632 1465 84 19 anvisas
727 1464 33 20 för
769 1463 140 21 utlämnande
920 1464 33 20 för
965 1462 56 21 1928

228 1500 26 14 av
270 1493 129 27 statsbidrag
414 1494 34 20 till
463 1493 246 27 hushållningssällskap
725 1494 33 20 för
773 1493 248 27 jordförmedlingsverk-

227 1523 85 20 samhet
335 1524 33 20 för
391 1523 125 27 budgetåret
540 1522 126 28 1928/1929
689 1525 31 19 ett
741 1526 60 18 extra
816 1523 165 26 förslagsanslag
996 1529 26 14 av

230 1553 40 20 125
280 1553 43 20 000
339 1553 41 24 kr.;
397 1554 40 20 och
453 1554 85 20 anvisas
554 1554 33 20 för
600 1553 141 21 utlämnande
752 1560 26 14 av
789 1553 117 27 premielån
918 1553 33 20 till
963 1559 59 19 egna-

228 1583 169 26 hemslåntagare
413 1584 33 20 för
462 1583 121 27 nyodlings-
600 1584 39 20 och
654 1583 228 27 nybyggnadsarbeten
893 1583 33 20 för
936 1583 86 25 budget-

227 1613 45 20 året
296 1612 126 25 1928/1929
446 1615 31 19 ett
500 1615 60 19 extra
583 1613 215 26 reservationsanslag
821 1620 26 14 av
871 1613 42 20 800
925 1612 42 21 000
983 1612 38 24 kr.;

227 1643 40 20 och
287 1643 107 26 medgiver
412 1644 45 25 RD,
477 1645 31 19 att
524 1643 61 21 KM:t
601 1644 36 20 må
652 1644 33 20 för
701 1643 56 20 1929
775 1643 80 27 bevilja
870 1642 90 21 statslån
976 1642 47 20 från

227 1673 246 25 egnahemslånefonden
493 1673 56 21 intill
568 1675 31 18 ett
614 1673 78 27 belopp
708 1680 27 14 av
751 1673 28 20 20
789 1673 42 20 000
841 1673 42 20 000
900 1673 38 24 kr.,
958 1672 65 21 därav

229 1702 27 20 14
265 1702 42 21 300
317 1702 42 21 000
383 1703 31 20 kr.
439 1704 33 20 för
494 1703 238 27 jordbrukslägenheter
750 1703 40 21 och
810 1703 12 20 5
833 1702 42 21 500
885 1702 42 21 000
943 1702 32 21 kr.
991 1702 33 20 för

227 1732 219 27 bostadslägenheter;
471 1734 40 20 och
535 1733 84 20 anvisas
643 1734 70 20 såsom
735 1733 163 26 kapitalökning
914 1732 33 21 till
963 1738 60 20 egna-

227 1762 192 21 hemslånefonden
435 1763 33 21 för
484 1763 126 26 budgetåret
627 1762 126 27 1928/1929
768 1764 31 19 ett
809 1762 215 26 reservationsanslag

227 1799 27 13 av
278 1791 116 22 9000000
419 1793 37 24 kr.;
476 1793 39 20 och
532 1792 109 26 medgiver
656 1793 45 26 RD,
718 1794 31 19 att
765 1793 61 20 Km:t
841 1793 37 20 må
893 1799 26 14 av
934 1792 88 27 jordför-

228 1822 198 26 medlingsfondens
437 1822 208 27 kapitalbehållning
656 1823 34 20 till
701 1822 233 27 jordanskaffningslån
945 1823 22 19 åt
975 1822 47 20 hus-

228 1852 203 27 hållningssällskap
454 1852 113 27 disponera
590 1852 67 21 under
675 1852 56 20 1929
747 1852 92 27 tillhopa
854 1852 63 26 högst
932 1852 23 20 så
971 1853 53 19 stort

228 1882 84 26 belopp,
337 1884 32 18 att
392 1882 41 21 vad
456 1889 46 14 som
526 1883 81 19 utestår
630 1882 7 20 i
660 1882 107 27 beviljade
789 1881 233 28 jordanskaffningslån

228 1912 46 20 icke
290 1912 36 20 vid
343 1912 64 26 något
423 1912 86 21 tillfälle
524 1912 68 20 under
608 1912 66 26 sagda
688 1913 24 19 år
727 1912 115 26 överstiger
856 1911 63 21 1500
928 1911 42 20 000
981 1911 42 24 kr.;

227 1942 40 20 och
292 1941 108 27 medgiver
424 1942 43 25 RD,
492 1944 31 19 att
542 1942 42 20 den
601 1941 34 21 del
651 1948 26 14 av
692 1941 282 28 jordförmedlingsfondens
990 1940 44 27 till/

227 1978 29 20 ny
280 1971 98 27 utlåning
402 1972 122 26 disponibla
548 1971 178 27 kapitaltillgång,
751 1978 45 14 som
816 1972 20 26 ej
853 1972 84 20 anvisas
953 1972 70 19 såsom

227 2001 233 27 jordanskaffningslån
484 2003 36 19 må
543 2009 26 13 av
585 2001 61 20 KM:t
662 2001 68 21 under
746 2001 57 21 1929
820 2001 108 21 användas
944 2001 33 20 för
993 2002 30 19 ut-

228 2031 115 20 lämnande
366 2038 27 14 av
414 2032 116 25 förlagslån
549 2032 22 20 åt
586 2031 122 26 aktiebolag
723 2032 40 20 och
779 2031 121 26 föreningar
916 2030 66 26 enligt
998 2035 36 16 av
1018 2026 19 36 |

228 2061 104 20 utskottet
351 2062 75 20 härom
443 2061 117 27 tillstyrkta
576 2061 100 27 grunder;
694 2062 40 19 och
750 2061 97 20 anhåller
862 2061 37 20 RD
916 2061 6 20 i
938 2060 42 21 anl.
998 2067 25 13 av

1109 222 41 35 SÅ
1368 253 6 3 z
1492 229 54 17 Riks-

1056 252 17 27 S
1110 255 41 32 28
1210 277 3 4 7
1268 274 1 7 I
1345 247 68 47 Ed
1415 258 4 2 Å
1482 259 73 22 dagens
1613 259 117 17 Kamrarnas

1056 283 17 26 RS
1133 290 18 28 =
1167 277 102 24 Motioner/|
1280 273 22 33 —
1313 277 81 18 utlåtand
1401 282 26 28 en
1496 289 47 17 Ski.
1597 288 145 22 förhandlingar

1056 313 18 27 -
1110 310 35 33 Ze
1268 315 1 38 |
1290 307 46 18 eller
1349 307 98 17 memorial
1489 319 62 18 Nelker

1052 344 22 40 -
1110 341 39 41 E
1152 352 112 49 Silas
1437 375 17 11 2
1524 361 1 8 |
1552 374 4 12 |
1585 373 56 17 Första
1659 357 23 43 |
1687 372 43 18 And

1283 380 12 11 5
1378 385 4 7 k
1438 388 16 6 -
1539 388 12 5 z
1614 378 39 12 rsta
1705 377 48 13 ndra

1057 388 11 9 ä
1124 383 22 42 3
1177 385 123 46 SEE
1325 387 27 38 ål
1378 384 17 28 2
1416 377 2 45 |
1437 395 18 25 >
1489 380 18 45 Zz
1539 395 17 24 &
1556 390 13 34 |
1582 397 71 17 kamm.
1658 390 22 34 |
1684 396 71 18 kamm.

1214 428 56 38 js
1351 426 67 43 ISSSSA

1037 468 55 21 1926
1215 477 1 27 |
1268 466 2 37 |
1351 477 2 10 |
1472 463 2 34 |

1268 504 2 3 as
1769 505 1 37 |

1215 544 1 23 |
1310 552 1 4 |
1769 543 1 25 |

1037 559 55 37 1927
1215 564 96 31 [251110
1298 559 16 40 |
1393 565 10 20 6
1416 568 1 5 |
1600 564 13 20 8:
1631 569 24 15 26)
1702 564 54 21 8:25

1215 602 1 20 |
1310 596 1 26 |

1215 632 1 3 I
1268 616 43 19 >

1215 638 1 10 I
1310 650 1 3 I

1215 659 96 40 SE

1060 723 8 10 »
1110 716 41 21 1164
1166 715 96 29 1214/326
1276 703 36 41 10)
1379 716 25 19 52
1403 701 12 45 |
1478 712 42 34 229
1586 715 68 21 29::79:]
1687 714 34 20 81:
1733 719 18 16 1d
1756 714 2 20 |

1214 751 2 20 |
1769 753 1 6 I

1472 802 2 24 |
1666 822 2 7 |
1768 816 2 11 |

1769 829 1 14 I

1310 945 2 32 |
1468 931 1 52 |

1037 983 56 23 1928]
1115 986 26 20 97
1172 987 87 18 |118]199]
1288 985 54 23 91-38]
1394 985 24 19 21
1468 984 52 27 12382
1579 983 33 20 33:
1623 978 54 37 64d|
1687 983 33 21 36:
1732 984 26 20 1d

1172 1017 34 17 163
1207 1012 13 33 |
1224 1017 35 18 295
1310 1015 1 34 |
1769 1023 1 9 I

1171 1046 35 18 203
1204 1042 17 33 |
1224 1047 35 18 305
1310 1055 1 9 |

1171 1076 35 18 204
1209 1072 12 32 |
1224 1076 34 18 357

1170 1106 35 18 236
1205 1101 17 33 |
1224 1107 35 18 360

1170 1136 36 18 260
1204 1132 16 32 |
1224 1136 34 18 447

1165 1166 99 19 267-454-

1171 1197 33 17 277
1219 1219 2 2 |
1224 1196 35 19 456
1309 1180 2 29 |

1351 1305 67 39 [ae]

1351 1348 1 11 |
1416 1346 2 14 I

1351 1360 67 32 förd
