1853 2362
811 157 135 16 SAKREGISTER

962 250 22 146 1Y5TLpsAIA

1019 298 18 105 J98[VALIYS
1020 238 17 48 IO9

1038 368 17 54 ”doad
1039 296 22 65 sy:fen
1039 222 22 69 [Bunny

1077 275 95 18 Motioner

1634 155 42 21 385

1235 245 94 19 Utskotts-

1223 275 112 19 utlåtanden

1199 305 47 18 eller
1258 306 99 17 memorial

1401 228 53 18 Riks-

1391 258 73 22 dagens

1406 288 46 18 skri-

1398 318 63 18 velser

1520 259 118 18 Kamrarnas

1505 289 145 23 förhandlingar

1082 383 33 17 FK
1124 359 42 70 AK

1193 365 17 52 TUBS

1234 371 17 43 PAV

1288 383 17 18 g

1401 384 17 27 IN

1448 374 17 46 vpIs

1594 373 66 18 Andra

1591 398 71 17 kamm.

1494 373 67 18 Första

1491 397 70 18 kamm.

92 432 178 29 Dyrtidstillägg.

80 468 24 16 29
122 464 38 20 RD
176 464 123 26 godkänner
311 465 91 27 ändring
414 466 7 20 i
437 465 189 22 bestämmelserna
637 472 46 21 ang.
696 466 158 27 dyrtidstillägg
864 467 22 21 åt
897 467 32 21 be-

137 494 189 26 fattningshavare,
351 495 93 21 hörande
468 495 67 21 under
560 496 47 21 11:e
630 496 46 26 HT,
693 498 32 19 att
740 496 65 21 lända
820 497 33 20 till
870 497 59 21 efter-

136 524 86 21 rättelse
238 525 24 20 fr.
280 531 18 15 o.
316 532 28 13 m.
361 525 41 21 den
421 525 10 21 1
448 526 41 27 juli
506 526 66 24 1926;
589 526 40 21 och
643 526 122 27 godkännes
776 527 108 26 ändring
863 520 25 38 i
897 527 32 21 be-

137 554 163 21 stämmelserna
321 562 46 20 ang.
391 555 157 27 dyrtidstillägg
571 556 22 20 åt
616 557 232 26 pensionsberättigade
864 557 66 21 änkor

136 584 40 20 och
196 585 52 19 barn
264 585 52 20 efter
334 585 208 26 befattningshavare
558 586 6 20 i
576 587 80 20 statens
666 586 67 27 tjänst
744 593 27 14 m.
784 586 28 25 fl.,
825 588 31 19 att
866 586 64 21 lända

71 615 2 35 |
137 613 33 21 till
195 614 138 21 efterrättelse
357 615 25 20 fr.
399 621 18 14 o.
435 622 27 13 m.
480 615 42 21 den
540 615 9 20 1
567 615 41 27 juli
626 615 66 26 1926;
709 616 39 21 och
764 616 123 27 godkännes
904 623 26 14 av

72 651 1 21 |
136 643 62 21 KM:t
216 644 116 26 föreslagen
353 645 90 26 ändring
458 645 7 20 i
482 645 189 21 bestämmelserna
687 653 45 19 ang.
749 646 144 27 dyrtidstilläg
909 647 22 20 åt

72 674 1 3 |
137 673 120 27 tjänstefria
268 674 210 26 befattningshavare
488 675 13 20 å
512 675 186 27 indragningsstat,
711 678 31 18 att
752 676 65 20 lända
828 676 33 20 till
870 677 59 20 efter-

136 703 85 21 rättelse
237 704 24 20 fr.
279 710 18 14 o.
315 711 27 13 m.
359 704 42 21 den
414 704 8 21 1
434 705 41 26 juli
491 704 66 25 1926;
569 705 39 21 och
619 705 99 24 beslutes,
730 707 32 19 att
773 706 158 27 dyrtidstillägg

135 733 22 20 åt
177 733 208 27 befattningshavare
405 734 35 21 vid
457 734 86 21 flottans
559 735 163 27 pensionskassa
741 736 39 20 och
799 738 80 18 statens
895 743 34 13 an-

135 762 51 21 stalt
201 763 33 20 för
249 764 150 27 pensionering
415 771 26 14 av
457 764 162 22 folkskollärare
635 772 29 14 m.
681 765 21 21 fl.
719 765 61 22 skola
796 766 51 26 utgå
862 772 26 15 av
904 765 26 21 de

134 792 77 25 medel,
229 799 26 15 av
271 793 59 21 vilka
345 794 85 21 verkets
446 794 52 22 eller
512 795 160 21 institutionens
683 795 151 21 omkostnader
844 796 7 20 i
863 796 68 26 övrigt

135 822 110 22 bestridas.

78 892 24 17 30
120 888 40 20 För
176 888 125 27 budgetåret
316 888 125 29 1926/1927
456 890 94 21 anvisas:
562 890 33 21 till
607 890 119 22 beredande
737 898 26 14 av
773 891 158 27 dyrtidstillägg

70 915 2 8 I
135 919 22 19 åt
170 918 15 21 f£.
201 919 20 20 d.
234 919 63 21 civila
312 919 209 27 befattningshavare
535 921 6 20 i
553 922 80 20 statens
644 921 68 27 tjänst
722 928 28 14 m.
763 921 20 21 fl.
796 921 135 27 pensionärer

135 950 31 19 ett
174 952 60 17 extra
245 949 165 27 förslagsanslag
420 957 26 13 av
457 951 14 19 4
480 950 42 21 000
532 950 42 21 000
586 951 39 25 kr.,
636 951 34 21 till
679 951 118 21 beredande
806 958 26 14 av
841 951 88 27 dyrtids-

134 978 74 27 tillägg
224 980 22 20 åt
261 980 233 27 pensionsberättigade
510 980 67 21 änkor
592 981 40 20 och
648 981 52 21 barn
716 981 53 21 efter
782 981 63 21 civila
856 981 74 21 befatt-

135 1008 141 27 ningshavare
291 1010 7 20 i
315 1012 79 18 statens
418 1011 68 26 tjänst
508 1017 29 14 m.
554 1011 20 20 fl.
598 1013 31 18 ett
651 1013 60 19 extra
726 1011 164 26 förslagsanslag
905 1018 26 14 av

136 1038 64 21 2150
211 1038 42 21 000
273 1039 38 25 kr.,
331 1039 33 21 till
382 1040 118 21 beredande
517 1047 25 14 av
559 1040 157 28 dyrtidstillägg
731 1042 22 20 åt
768 1041 15 20 f.
801 1041 19 21 d.
838 1041 93 21 militära

136 1068 209 27 befattningshavare
361 1072 31 18 ett
407 1072 60 19 extra
482 1070 164 27 förslagsanslag
662 1077 26 14 av
704 1071 12 20 2
726 1071 42 21 200
778 1071 42 21 000
832 1071 30 20 kr.
875 1073 56 19 samt

136 1098 33 20 till
186 1098 120 22 beredande
322 1106 26 14 av
364 1099 159 28 dyrtidstillägg
538 1101 22 20 åt
570 1101 233 26 pensionsberättigade
814 1101 66 20 änkor
891 1101 40 20 och

136 1128 51 20 barn
203 1129 54 21 efter
272 1129 95 21 militära
383 1129 210 27 befattningshavare
609 1133 29 18 ett
654 1132 60 20 extra
730 1131 164 26 förslagsanslag
905 1137 26 15 av

136 1157 42 21 600
188 1158 43 21 000
247 1159 31 20 kr.

70 1179 2 27 |

70 1208 2 13 I

77 1227 22 16 31
120 1223 41 20 Till
181 1224 135 21 bestridande
335 1232 26 14 av
377 1225 143 21 kostnaderna
535 1226 33 21 för
583 1226 157 27 dyrtidstillägg
756 1227 22 20 åt
793 1226 137 26 befattnings-

135 1253 78 21 havare
229 1254 7 20 i
252 1256 80 19 statens
348 1256 68 26 tjänst
431 1256 84 21 anvisas
531 1256 33 21 för
579 1256 126 26 budgetåret
721 1256 125 28 1926/1927
863 1256 68 21 under

136 1283 32 20 5:e
184 1284 47 24 HT,
248 1284 48 21 avd.
312 1285 94 25 Diverse,
423 1287 30 19 ett
469 1288 60 19 extra
544 1286 164 27 förslagsanslag
724 1293 25 14 av
766 1287 12 20 5
788 1286 42 21 000
840 1286 42 21 000
898 1286 31 20 kr.

94 1353 7 15 1
122 1349 39 20 För
185 1349 119 22 beredande
321 1357 26 14 av
363 1351 158 27 dyrtidstillägg
541 1352 68 20 under
624 1352 125 27 budgetåret
766 1351 126 28 1927/1928
908 1353 22 19 åt

135 1379 152 26 pensionerade
312 1381 99 21 båtsmän
435 1382 40 20 och
491 1382 163 21 marinsoldater
670 1384 56 19 samt
742 1382 108 21 Vadstena
866 1382 63 26 krigs-

135 1409 178 22 manshuskassas
328 1410 207 28 understödstagare,
552 1412 58 21 vilka
626 1412 36 21 vid
677 1412 106 27 ingången
799 1419 26 14 av
835 1412 41 27 juli
887 1413 43 19 må-

135 1439 42 20 nad
201 1440 23 19 år
247 1439 56 22 1927
328 1442 93 25 uppnått
436 1448 26 14 en
479 1441 149 22 levnadsålder
644 1449 26 14 av
687 1442 27 20 60
730 1443 23 19 år
768 1442 52 21 eller
835 1442 94 25 däröver,

135 1469 84 21 anvisas
242 1470 34 20 för
299 1471 126 26 budgetåret
449 1470 126 29 1927/1928
599 1474 31 19 ett
648 1474 60 19 extra
726 1472 163 26 förslagsanslag
905 1479 26 13 av

137 1499 63 20 1250
210 1499 43 21 000
277 1500 41 24 kr.;
343 1501 40 20 och
399 1501 104 21 förklarar
519 1502 44 24 RD,
580 1504 32 18 att
627 1502 180 27 dyrtidstillägget
823 1502 33 20 till
872 1503 58 26 varje

136 1528 60 27 dylik
220 1529 36 21 vid
279 1530 105 27 ingången
408 1538 26 14 av
457 1531 41 27 juli
517 1532 80 20 månad
613 1532 23 20 år
653 1531 55 21 1927
726 1532 33 20 till
775 1532 89 26 pension
880 1532 51 20 eller

135 1558 88 21 därmed
245 1560 119 27 jämförligt
387 1561 116 21 understöd
527 1561 47 21 från
598 1562 132 25 statsverket,
747 1561 184 21 statsunderstödd

136 1589 218 27 pensionsinrättning
377 1590 51 21 eller
448 1591 109 21 Vadstena
572 1591 225 27 krigsmanshuskassa
813 1591 118 26 berättigad

136 1618 14 20 f.
167 1618 21 20 d.
205 1618 210 28 befattningshavare
439 1621 56 20 skall
513 1622 52 25 utgå
580 1621 51 21 med
646 1623 31 19 ett
693 1621 78 27 belopp
787 1628 26 14 av
831 1621 41 21 150
888 1621 41 25 kr.;

135 1648 40 20 och
192 1648 115 27 medgives,
323 1651 32 19 att
370 1650 182 27 dyrtidstillägget
567 1652 36 19 må
619 1651 33 20 till
668 1651 158 21 vederbörande
836 1651 15 20 f.
865 1651 20 20 d.
898 1651 32 20 be-

135 1677 183 27 fattningshavare
334 1680 58 26 eller,
409 1687 35 14 om
461 1680 43 21 han
520 1680 68 21 under
599 1681 59 20 tiden
671 1681 10 20 1
693 1681 41 27 juli
746 1680 86 21 1927—
845 1680 27 21 30
883 1681 48 27 juni

137 1706 57 22 1928
210 1708 82 25 avlidit,
308 1709 34 20 till
357 1710 55 20 hans
428 1710 100 21 stärbhus
544 1711 27 26 på
587 1717 26 15 en
629 1712 55 25 gång
699 1710 106 22 utbetalas
816 1711 7 20 i
834 1710 41 22 den
886 1710 44 21 ord-

136 1737 57 26 ning,
210 1744 45 15 som
273 1745 25 14 av
314 1739 62 21 KM:t
392 1740 134 21 bestämmes.

95 1807 9 15 2
122 1802 42 20 Till
181 1803 158 28 dyrtidstillägg
355 1805 22 20 åt
393 1806 56 20 vissa
465 1807 60 19 extra
536 1805 189 28 provinsialläkare
742 1807 84 20 anvisas
837 1806 33 21 för
880 1806 51 21 bud-

135 1833 80 25 getåret
232 1832 126 30 1927/1928
375 1837 30 19 ett
420 1837 60 19 extra
496 1836 164 26 förslagsanslag
676 1843 26 14 av
718 1836 13 20 2
734 1836 49 21 000
798 1836 31 21 kr.

93 1910 9 13 3
121 1904 37 20 RD
182 1905 114 27 medgiver,
316 1908 32 19 att
366 1907 70 20 därest
452 1907 26 21 de
494 1907 232 26 distriktsveterinärer,
743 1908 33 21 till
792 1908 69 21 vilkas
877 1908 54 20 avlö-

136 1935 52 26 ning
211 1935 92 21 lämnats
320 1937 134 26 statsbidrag,
471 1937 33 20 för
520 1937 59 21 tiden
597 1938 10 20 1
624 1937 42 27 juli
683 1937 116 21 1927—30
814 1938 49 27 juni
875 1937 57 21 1928

136 1964 88 21 beredas
247 1965 158 28 dyrtidstillägg
420 1968 13 19 å
448 1967 50 20 dem
522 1968 47 20 från
593 1967 158 22 vederbörande
767 1968 109 26 landsting
891 1967 41 21 till-

136 1994 130 22 kommande
282 1996 106 26 avlöning,
405 1996 158 28 dyrtidstillägg
580 2004 26 14 av
622 1998 124 20 statsmedel
760 1999 36 19 må
806 1998 33 20 för
849 2004 84 14 samma

136 2024 31 20 tid
184 2025 33 20 till
234 2025 49 21 dem
294 2027 51 25 utgå
356 2026 49 21 med
416 2027 151 21 motsvarande
578 2027 64 21 andel
653 2034 26 14 av
689 2028 155 26 statsbidraget,
856 2027 76 21 ålders-

136 2054 74 27 tillägg
225 2055 46 20 däri
287 2056 133 25 inberäknat,
437 2056 54 21 dock
507 2057 49 20 med
574 2057 64 27 högst
653 2064 26 14 en
694 2058 103 26 tredjedel
808 2064 27 14 av
845 2059 87 19 statsav-

66 2106 28 17 49,
110 2108 90 19 Sakregister
208 2110 13 14 I.

946 467 8 21 -—-

959 468 12 20 kod

974 468 11 20 0

945 1349 56 23 1927

1024 551 33 18 Fe

1014 604 59 20 mens.
1066 593 6 35 |

1024 623 32 17 frå-
1071 635 2 2 |

1020 652 38 16 gor:
1071 645 1 4 |

1008 670 40 18 avd,
1058 673 8 14 4

1011 891 54 21 St

1017 1226 42 20 222

1011 1351 18 20 1;
1040 1351 25 21 11

1021 1386 34 22 p.8

1177 400 2 29 |

1077 468 41 20 205
1125 434 55 81 212)

1077 498 92 21 206/221

1130 518 50 31 250)

1124 557 2 15 I
1178 561 2 12 I

1124 591 55 41 Ja]

1178 633 1 17 I

1178 653 1 24 se

1198 468 23 39 jä

1196 1352 13 20 8
1285 1347 12 37 TE

1220 437 2 32 |

1273 1226 41 21 163

1346 1356 23 17 17

1347 1810 24 15 52

1347 1911 24 16 43

1389 469 41 21 319

1388 892 41 21 320

1387 1226 40 21 341

1384 1351 46 21 11A|
1454 1357 10 16 9

1391 1804 37 21 5A

1391 1905 12 21 9
1412 1905 52 22 Al2ö

1488 469 33 22 39:
1534 475 38 17 140]
1595 471 70 21 43:16

1487 892 33 21 39:
1532 898 39 16 140|
1595 894 33 20 43:
1641 898 23 16 16

1493 1226 34 20 42:
1539 1231 9 16 2
1595 1227 33 20 44:
1639 1232 10 16 2

1509 1351 19 21 8:
1539 1357 24 15 25

1496 1804 32 21 19:
1539 1809 24 16 33
1566 1800 18 35 |
1596 1804 33 21 20:
1640 1810 25 16 53

1495 1906 69 22 21:74
1565 1902 18 34 |
1596 1906 53 21 22:
1635 1902 9 34 4
