1840 2356
1626 80 42 20 469

87 255 75 20 Hälso-
178 255 36 20 och
230 255 106 26 sjukvård.

116 291 17 20 1.
152 291 41 20 RD
207 291 117 26 medgiver,
337 293 35 18 att
384 298 27 13 av
424 292 37 19 det
474 292 32 19 för
519 292 130 25 budgetåret
664 291 88 26 1941/42
764 292 104 20 anvisade
880 292 99 27 förslags-

85 321 98 26 anslaget
203 321 31 19 till
252 321 75 26 bidrag
344 321 31 20 till
393 321 79 20 driften
489 328 28 13 av
534 321 165 21 Welanderhem
716 323 32 19 ett
765 322 78 26 belopp
859 328 28 14 av
906 322 24 20 10
938 322 41 20 800

86 351 31 19 kr.
137 351 35 19 må
191 351 126 26 disponeras
336 351 32 19 för
386 351 107 20 täckande
511 357 28 14 av
558 351 129 20 underskott
705 352 16 25 å
734 351 106 21 stiftelsen
859 352 120 26 Göteborgs

86 380 178 20 Welanderhems
279 380 146 20 verksamhet.

114 417 19 19 2.
150 416 40 20 Till
206 416 56 20 vissa
278 416 76 26 bidrag
368 416 32 20 till
416 416 89 20 lasarett
520 423 28 13 m.
559 423 27 13 m.
602 417 87 20 anvisas
706 417 23 20 15
739 417 40 20 800
794 417 31 20 kr.

114 482 19 19 3.
152 481 41 20 RD
207 482 126 25 godkänner
346 482 92 26 ändring
451 482 5 20 i
469 482 123 26 grunderna
606 482 33 20 för
651 482 134 27 statsbidrag
799 482 30 20 till
844 483 134 26 uppförande

86 511 51 20 eller
151 511 126 20 inrättande
291 518 28 13 av
335 512 197 26 barnavdelningar
546 512 36 20 vid
597 512 96 23 lasarett;
709 512 39 20 och
764 512 110 27 medgiver
889 513 41 19 RD
945 514 35 19 att

86 541 38 19 det
143 541 12 19 å
177 541 132 26 tilläggsstat
332 541 18 20 II
372 541 31 20 till
424 541 118 20 riksstaten
563 542 33 19 för
615 542 130 26 budgetåret
767 542 86 26 1940/41
875 542 104 20 anvisade

86 570 245 26 reservationsanslaget
347 571 37 25 (B)
403 571 30 19 till
450 571 76 25 bidrag
544 571 31 19 till
593 572 134 25 uppförande
744 572 51 19 eller
811 572 124 20 inrättande
951 578 28 13 av

87 600 198 26 barnavdelningar
297 600 36 20 vid
346 600 90 20 lasarett
447 607 28 13 m.
487 607 27 13 m.
528 601 34 19 må
576 601 68 20 under
656 601 129 26 budgetåret
799 601 89 25 1942/43
899 603 63 24 tagas
974 601 5 20 i

86 629 94 26 anspråk
189 630 121 20 oberoende
318 636 27 14 av
354 630 26 19 de
388 630 33 20 för
428 630 72 26 dylikt
507 630 75 26 anslag
588 630 62 26 eljest
655 630 99 26 gällande
760 631 218 26 förutsättningarna;

86 659 39 20 och
141 659 89 20 anvisar
246 659 41 20 RD
303 659 31 20 till
351 659 75 26 bidrag
441 659 32 20 till
489 660 136 26 uppförande
640 660 50 20 eller
704 660 125 20 inrättande
844 667 28 13 av
887 661 93 19 barnav-

86 688 113 27 delningar
210 689 36 20 vid
259 689 90 20 lasarett
361 695 28 14 m.
400 695 28 14 m.
443 689 38 20 150
490 690 41 19 000
542 689 31 20 kr.
586 690 34 25 (r).

114 724 19 20 4.
151 724 42 20 RD
208 725 127 25 godkänner
349 725 93 26 ändring
456 725 6 19 i
477 725 122 25 grunderna
615 725 32 20 för
662 725 133 27 statsbidrag
809 725 32 20 till
857 725 79 20 driften
951 732 28 14 av

86 754 199 26 barnavdelningar
296 754 36 20 vid
344 754 90 20 lasarett
445 756 58 18 samt
513 754 88 20 anvisar
613 755 30 19 till
656 754 75 27 bidrag
743 755 31 20 till
786 755 79 20 driften
877 761 28 14 av
916 756 63 19 barn-

86 779 142 63 PEGREGAT
241 784 36 19 vid
290 784 91 20 lasarett
393 790 28 13 m.
431 790 29 14 m.
473 784 41 20 400
522 784 41 20 000
576 784 31 20 kr.
621 784 32 25 (f).

152 819 41 19 RD
206 819 117 26 medgiver,
336 821 34 18 att
382 820 37 19 det
430 820 11 19 å
454 819 133 26 tilläggsstat
601 820 18 19 II
633 820 31 20 till
677 820 116 20 riksstaten
806 821 32 19 för
850 820 129 26 budgetåret

89 848 27 20 19.
114 826 60 48 10/41
187 849 104 20 anvisade
301 845 244 43 reservationsanslaget
553 849 37 26 (B)
600 849 31 20 till
640 849 76 27 bidrag
725 850 33 19 till
767 836 137 47 uppförande
911 856 67 14 m.m.

86 884 28 14 av
130 878 48 20 hem
194 878 33 20 för
238 878 100 20 kroniskt
349 878 62 26 sjuka
424 879 34 20 må
472 879 68 20 under
551 879 130 26 budgetåret
694 879 89 26 1942/43
795 881 61 24 tagas
867 879 7 21 i
885 880 93 26 anspråk

87 908 120 20 oberoende
220 914 29 14 av
262 908 25 20 de
302 908 32 20 för
347 908 72 26 dylikt
431 908 76 26 anslag
519 908 63 26 eljest
594 909 100 25 gällande
706 909 219 26 förutsättningarna;
939 910 39 19 och

86 937 88 21 anvisar
187 938 42 19 RD
243 937 32 20 till
290 938 75 26 bidrag
379 938 31 20 till
425 938 136 26 uppförande
574 945 28 13 m.
613 945 28 13 m.
655 945 28 13 av
697 939 48 20 hem
759 939 33 20 för
804 939 100 20 kroniskt
916 939 62 26 sjuka

88 967 38 20 175
135 967 42 20 000
189 968 31 19 kr.
235 967 34 26 (r).

114 1003 19 19 6.
150 1003 40 20 Till
205 1003 75 26 bidrag
294 1003 31 20 till
339 1003 79 20 driften
432 1009 28 14 av
473 1004 48 19 hem
536 1004 32 19 för
581 1004 99 20 kroniskt
693 1004 62 26 sjuka
769 1004 86 20 anvisas
870 1005 7 19 1
892 1004 38 20 150
939 1005 41 20 000

87 1033 30 19 kr.
135 1033 32 25 (f).

115 1062 19 20 7.
151 1062 39 20 Till
205 1062 57 20 vissa
276 1063 119 20 kostnader
408 1063 33 20 för
454 1063 80 20 allmän
549 1063 69 20 hälso-
632 1064 39 19 och
685 1063 105 26 sjukvård
804 1064 87 20 anvisas
904 1064 27 20 20
940 1065 40 19 000

86 1092 32 20 kr.
135 1092 32 26 (1);

114 1122 19 19 8.
150 1121 40 21 Till
209 1122 93 26 lindring
319 1122 5 20 i
342 1122 83 20 mindre
444 1122 126 20 bemedlade
589 1122 119 26 patienters
725 1123 11 20 å
754 1123 150 26 landsbygden
921 1123 59 27 sjuk-

86 1151 186 20 vårdskostnader
284 1152 88 20 anvisas
385 1152 41 20 250
435 1152 41 20 000
489 1152 32 20 kr.
536 1152 32 26 (f).

114 1181 19 20 9.
149 1181 41 20 Till
202 1181 188 26 sjuktransporter
402 1182 49 19 med
463 1182 97 26 flygplan
573 1182 87 20 anvisas
672 1182 26 20 98
707 1182 41 20 000
760 1182 31 20 kr.
804 1183 33 25 (f).

116 1240 31 20 10.
164 1239 40 21 Till
218 1240 76 26 bidrag
307 1240 32 20 till
353 1240 93 21 centralt
458 1240 156 27 sjukhusarkiv
626 1241 87 20 anvisas
728 1242 24 19 19
762 1242 40 19 800
815 1242 31 19 kr.

116 1299 31 20 11.
163 1299 40 20 Till
227 1299 76 26 bidrag
324 1299 33 20 till
379 1299 175 21 internationella
577 1300 197 26 hälsovårdsbyrån
795 1300 6 20 i
819 1300 59 20 Paris
894 1301 86 20 anvisas

85 1329 13 19 9
108 1328 41 20 400
162 1329 31 20 kr.
208 1329 33 25 (f).

116 1358 31 20 12.
164 1358 41 20 AK
220 1358 72 21 avslår
306 1359 82 20 motion
403 1365 48 20 ang.
467 1359 54 20 visst
534 1359 71 26 skydd
619 1365 28 14 av
661 1360 41 19 den
716 1359 214 26 sjukvårdssökande
944 1360 37 20 all-

87 1388 129 20 mänhetens
229 1388 141 20 ekonomiska
384 1389 39 19 och
437 1389 68 20 andra
518 1388 111 21 intressen.

118 1418 30 20 13.
167 1418 41 19 RD
220 1418 127 25 godkänner
359 1418 94 26 grunder
465 1419 33 19 för
511 1419 137 20 bestridande
661 1425 27 13 av
701 1419 118 20 kostnader
831 1419 33 20 för
875 1419 105 26 sjukvård

87 1447 5 20 i
105 1447 88 26 Sverige
205 1448 24 19 åt
240 1448 54 20 barn
306 1448 48 20 från
367 1448 92 20 Finland
471 1450 58 18 samt
540 1448 88 20 anvisar
639 1448 33 20 till
684 1449 122 20 beredande
818 1455 28 14 av
857 1449 105 26 sjukvård
975 1449 5 20 i

87 1477 87 26 Sverige
188 1478 24 19 åt
225 1477 54 20 barn
292 1477 48 20 från
353 1477 93 21 Finland
459 1478 12 20 å
485 1478 132 26 tilläggsstat
632 1478 20 20 II
665 1478 41 21 850
715 1478 41 21 000
768 1479 31 19 kr.
814 1479 34 25 (r).

116 1507 31 19 14.
165 1507 43 20 RD
218 1507 127 26 godkänner
355 1508 96 19 ändrade
461 1508 94 25 grunder
564 1508 34 20 för
606 1508 156 20 kostnadsfritt
771 1508 210 21 tillhandahållande

86 1542 28 14 av
127 1537 204 25 skyddsläkemedel
344 1537 24 20 åt
381 1537 56 20 vissa
450 1537 94 20 kvinnor
556 1538 39 20 och
609 1538 53 20 barn
675 1539 58 19 samt
745 1538 87 20 anvisar
844 1538 33 20 till
889 1538 92 26 skydds-

87 1566 120 20 läkemedel
219 1566 24 20 åt
255 1566 57 21 vissa
324 1567 94 20 kvinnor
429 1567 40 20 och
482 1567 53 20 barn
547 1567 41 20 250
597 1567 41 21 000
649 1567 31 20 kr.
694 1568 32 25 (f).

117 1596 30 20 15.
166 1596 41 20 RD
224 1596 117 26 medgiver,
357 1598 41 22 att,
414 1597 73 20 därest
502 1597 107 20 Gotlands
624 1597 46 20 läns
685 1597 110 27 landsting
810 1597 91 27 beviljas
916 1599 65 19 stats-

87 1625 76 27 bidrag
173 1626 68 26 enligt
250 1626 142 26 kungörelsen
403 1627 41 19 den
454 1627 26 19 20
489 1626 39 26 juli
540 1627 52 20 1939
601 1623 49 41 ang.
660 1627 134 26 statsbidrag
803 1627 32 20 till
845 1627 136 27 uppförande

86 1655 51 20 eller
148 1655 126 21 inrättande
286 1662 28 14 av
326 1656 197 26 barnavdelningar
534 1656 36 20 vid
582 1656 65 20 eller
631 1651 23 36 i
659 1657 127 26 anslutning
797 1657 32 19 till
840 1657 90 20 lasarett
941 1658 39 19 och

87 1685 143 26 kungörelsen
244 1691 83 14 samma
341 1685 42 27 dag
395 1691 49 21 ang.
458 1686 134 26 statsbidrag
605 1686 32 20 till
651 1686 79 20 driften
743 1692 28 14 av
785 1687 196 26 barnavdelningar

87 1714 36 20 vid
138 1714 51 20 eller
203 1714 5 20 i
223 1715 126 26 anslutning
364 1715 31 20 till
409 1715 91 20 lasarett
514 1722 28 13 m.
552 1722 36 16 m.,
604 1715 99 27 bidraget
716 1716 43 23 må,
774 1716 121 20 oberoende
908 1722 28 14 av
950 1716 31 20 in-

86 1744 156 20 vånarantalet
256 1744 58 20 inom
329 1744 229 27 landstingsområdet,
574 1745 107 20 beräknas
695 1745 34 20 för
744 1745 25 20 14
782 1745 143 27 vårdplatser;
941 1746 39 20 och

86 1773 112 26 medgiver
213 1774 49 22 RD,
278 1775 35 19 att
328 1774 63 20 KM:t
405 1775 35 19 må
456 1774 79 26 bevilja
551 1775 107 20 Gotlands
672 1775 47 20 läns
733 1775 111 26 landsting
858 1775 76 26 bidrag
948 1775 32 20 till

87 1809 45 14 om-
144 1803 40 20 och
196 1803 137 26 tillbyggnad
346 1810 28 14 av
387 1804 259 26 tuberkulossjukstugan
658 1804 6 20 i
676 1804 113 26 Follingbo
802 1804 32 20 till
846 1805 134 20 sanatorium

87 1839 34 13 om
131 1833 26 19 64
167 1833 139 26 vårdplatser
314 1833 49 20 med
372 1834 41 19 302
422 1833 41 20 750
472 1834 39 23 kr.;
521 1834 40 20 och
570 1834 111 26 medgiver
690 1834 42 20 RD
741 1835 41 22 att,
793 1834 72 20 därest
875 1834 106 21 Gotlands

87 1862 46 20 läns
146 1862 111 26 landsting
269 1863 67 26 enligt
348 1863 100 26 gällande
459 1864 95 25 grunder
565 1863 34 20 för
610 1864 134 26 statsbidrag
755 1864 32 20 till
800 1864 141 20 anordnande
953 1870 28 14 av

86 1892 133 25 skyddsrum
236 1899 28 13 m.
275 1899 28 13 m.
321 1892 36 20 vid
375 1893 224 26 beredskapssjukhus
616 1893 40 20 blir
672 1893 120 27 berättigat
807 1893 33 20 till
856 1894 77 26 bidrag
948 1894 33 20 för

88 1921 63 20 barn-
164 1921 51 20 eller
228 1922 266 27 barnbördsavdelningen
507 1923 36 19 vid
556 1923 114 20 lasarettet
682 1923 6 20 i
701 1923 67 26 Visby
781 1923 50 20 eller
843 1923 120 21 sanatoriet
975 1924 5 19 i

88 1951 120 26 Follingbo,
219 1952 147 20 kostnaderna
376 1952 33 20 för
418 1952 141 20 anordnande
569 1959 27 13 av
606 1952 131 27 skyddsrum
748 1953 39 20 och
797 1953 184 27 mörkläggnings-

86 1981 149 26 anordningar
246 1982 35 19 må
294 1982 45 19 helt
351 1982 106 20 bestridas
469 1988 28 14 av
509 1982 133 23 statsmedel;
656 1983 39 19 och
707 1982 88 21 anvisar
807 1983 41 20 RD
862 1983 31 20 till
905 1983 76 26 bidrag

87 2010 33 20 till
138 2017 46 13 om-
202 2011 39 20 och
259 2011 137 27 tillbyggnad
414 2018 28 14 av
460 2012 259 27 tuberkulossjukstugan
737 2012 5 20 i
761 2012 113 27 Follingbo
891 2013 40 20 302
940 2013 41 20 800

87 2040 32 20 kr.
133 2040 35 26 (r).

118 2070 31 20 16.
167 2070 42 20 RD
226 2070 73 20 avslår
315 2071 83 20 motion
415 2076 49 21 ang.
482 2071 149 26 upprättande
647 2077 28 14 av
692 2078 26 14 en
734 2071 68 21 klinik
819 2072 33 20 för
868 2072 112 27 allergiska

87 2099 129 26 sjukdomar
229 2106 28 14 m.
268 2106 28 14 m.

1133 169 90 16 Motioner
1272 165 88 29 Utskott
1404 165 52 36 Skriv.
1522 169 94 16 Protokoll

999 189 25 19 ATT
1047 193 53 20 Props
1115 205 64 2 fors
1422 210 22 11 a

1128 223 32 15 FK
1169 219 19 29 |
1191 223 34 16 AK
1247 209 84 30 Smilavd
1356 224 26 15 Nr
1501 223 32 16 FK
1599 223 35 16 AK

1000 294 27 20 42]
1068 294 12 19 2
1144 306 21 2 —!I
1203 306 28 3 —]
1265 295 61 19 61—]1
1367 294 23 20 161
1431 294 24 20 171
1494 294 40 20 7:5
1595 294 18 20 7:
1624 297 11 16 6

1049 331 16 11 s.
1077 325 24 18 63
1352 332 15 11 s.
1379 326 78 18 41]s.13

1009 419 86 19 »[1:5]
1140 431 27 1 —I|
1215 431 17 2 —I
1267 420 60 19 61—
1379 420 12 19 5
1444 419 12 20 51
1483 419 66 20 11:28
1556 415 18 34 |
1584 419 30 20 11:
1625 421 24 17 30

1043 452 21 20 pt
1072 446 37 32 120]
1347 451 111 17 s.441s.22

1009 491 9 12 »
1029 480 18 33 I
1057 484 38 20 1:51]
1140 496 27 2 —I
1206 497 26 2 —I
1267 485 39 19 61-
1379 485 12 20 5
1444 485 12 19 51
1483 485 66 20 11:28
1551 481 26 33 |
1584 481 30 33 11:
1625 487 25 17 30

1044 518 20 19 pt
1072 516 35 17 121
1342 517 51 40 a
1412 522 14 11 s.
1431 513 27 29 22

1010 734 7 12 »
1058 728 38 18 [1:51]
1140 739 26 2 —I
1206 739 26 2 —I
1267 728 60 18 61—
1379 728 13 19 5
1444 727 13 20 51
1484 728 66 19 11:28
1554 723 22 34 |
1585 728 29 19 11:
1626 730 24 17 30

1044 761 20 19 pt
1074 759 35 17 122
1347 765 15 11 s.
1370 759 57 17 451s.
1435 759 23 17 23

1009 828 8 13 »
1058 822 38 19 [1:51]
1140 834 27 2 —I
1205 834 23 2 —I
1267 823 54 19 61—
1380 823 12 19 5
1445 822 12 19 51
1485 823 65 19 11:28
1560 818 17 34 |
1584 822 67 20 11::30

1044 855 21 20 pt
1073 850 37 30 132]
1347 854 80 17 s.501s.
1431 850 28 30 25

1010 1012 8 12 »
1033 1002 14 34 I]
1058 1006 38 19 1:5]
1140 1017 28 2 —I
1205 1018 27 2 —I
1267 1007 61 19 61/—
1380 1006 12 20 5
1445 1006 12 20 51
1485 1007 65 19 11:28
1560 1002 17 34 |
1585 1006 66 20 11:30

1044 1039 21 20 pt
1073 1037 37 18 133]
1348 1038 79 17 s.511|s.
1431 1033 28 31 25

1011 1071 8 13 »
1032 1061 18 34 I
1058 1065 38 20 1:51]
1140 1076 28 3 —I
1205 1077 27 3 —I
1267 1066 61 19 61—
1380 1066 13 20 5
1445 1066 12 19 51
1485 1066 66 20 11:28
1559 1061 18 35 |
1585 1065 65 20 11:31

1044 1098 21 20 pt
1073 1092 37 31 164]
1348 1097 112 18 s.601s.30

1011 1131 8 12 »
1029 1120 22 33 I
1058 1125 38 19 1:5]
1140 1136 28 2 —I
1205 1137 27 1 —I
1268 1125 60 19 61—
1381 1125 12 20 5
1445 1125 12 20 51
1484 1125 67 20 11:28
1560 1120 17 34 |
1584 1124 66 20 11:31

1045 1157 21 20 pt
1073 1151 37 30 165]
1348 1156 111 18 s.601s.30

1011 1190 8 12 »
1029 1180 22 33 I
1058 1184 38 19 1:5]
1140 1195 28 2 —I
1205 1196 27 2 —I
1268 1185 60 19 61—
1381 1184 12 20 5
1445 1184 12 20 SI
1484 1184 66 20 11:28
1585 1184 65 20 l4£81

1045 1217 20 20 pt
1074 1212 36 30 166]
1348 1216 112 17 s.601s.30

1011 1249 8 13 »
1036 1239 14 34 |
1057 1243 39 20 1:51]
1140 1255 28 2 —I
1206 1255 27 2 —I
1268 1244 60 19 6/|—
1380 1243 13 21 5
1445 1243 12 21 51
1484 1244 67 19 11:28)
1585 1243 65 20 11:31

1044 1276 21 20 pt
1073 1275 36 17 167
1348 1275 111 18 s.6015s.30

1011 1308 8 13 »
1028 1298 23 35 I
1058 1302 38 20 1:5]
1140 1314 28 2 —I
1205 1314 28 2 —I
1268 1303 60 19 61—1
1380 1303 13 20 51
1445 1302 12 21 51
1485 1303 66 20 11:33
1564 1298 14 35 |
1585 1302 65 20 11:81

1044 1336 21 19 pt
1072 1334 37 18 221
1348 1340 15 11 s.
1371 1334 88 18 741s.36

1011 1368 8 13 »
1069 1373 28 3 —
1101 1358 18 34 I
1141 1373 26 2 —I|
1205 1362 74 20 331131
1315 1362 13 20 2
1380 1363 13 19 3]
1430 1374 27 2 —
1510 1374 27 2 —
1557 1357 17 34 |
1585 1361 31 20 13:
1630 1363 35 18 141

1011 1427 8 13 »
1069 1422 27 19 861
1140 1432 28 2 —I
1206 1433 26 2 —I
1268 1421 60 20 61—]
1366 1421 26 20 571
1419 1421 38 20 1261
1484 1421 66 20 14:97
1553 1417 22 34 |
1585 1421 31 20 14:
1630 1422 37 18 132

1011 1516 8 13 »
1070 1511 26 19 881
1140 1522 28 2 —|
1216 1522 8 2 —]I
1267 1511 61 19 61)—1
1366 1510 27 21 581
1419 1510 96 20 127114:
1526 1512 24 18 97
1554 1506 22 34 |
1586 1510 30 20 14:
1630 1512 37 17 132

1011 1606 8 12 »
1034 1595 18 34 |
1056 1599 40 20 2261
1140 1611 28 2 —I
1206 1611 27 2 —I]
1267 1600 60 19 61—
1325 1595 18 34 |
1355 1599 37 20 1171
1417 1599 98 21 256119:
1526 1601 24 18 52
1559 1595 18 34 |
1585 1599 31 20 19:
1627 1601 23 17 61

1012 2079 8 13 »
1070 2085 28 2 —
1110 2069 14 34 |
1128 2073 40 20 130]
1206 2085 27 2 —I
1268 2073 61 20 61—]|
1354 2073 39 20 1491]
1431 2085 28 2 —]|
1482 2073 33 20 21:
1527 2073 38 20 20d]
1583 2073 33 20 21:
1628 2075 24 18 48
