1797 2333
745 76 222 20 SAKREGISTER

1617 76 37 19 159

75 251 275 26 Bostadsproduktionen

91 287 10 14 3
120 281 39 21 RD
177 281 137 25 godkänner
331 281 149 20 beträffande
497 281 44 20 den
559 280 112 21 framtida
687 280 222 25 bostadspolitikens
926 280 36 19 ut-

121 311 119 25 formning
251 311 52 20 med
314 310 66 21 bifall
391 311 35 20 till
437 311 27 20 K.
475 311 56 19 M:ts
542 310 88 25 förslag
639 310 44 20 vad
693 310 115 20 utskottet
818 309 89 24 anfört;
918 309 43 20 och

120 341 94 20 anvisar
224 341 39 20 RD
273 341 36 20 till
319 340 291 25 kapitalmedelsförluster
619 340 43 20 och
672 339 197 26 ränteeftergifter
878 339 13 20 å
900 339 61 20 vissa

119 370 259 26 bostadsbyggnadslån
388 370 27 21 60
421 370 41 20 000
469 370 42 20 000
522 370 41 24 kr.,
573 370 35 20 till
618 369 199 21 bostadsrabatter
825 369 40 21 100
871 369 42 20 000
920 369 41 21 000

121 400 34 21 kr.
183 400 44 20 och
254 400 35 20 till
317 400 82 25 bidrag
425 400 35 20 till
487 400 48 20 viss
561 399 400 25 bostadsförbättringsverksamhet

120 430 27 20 25
157 430 42 20 000
209 430 42 20 000
267 430 45 23 kr.;
328 430 45 19 och
387 429 117 25 medgiver
520 429 46 24 RD,
582 430 34 19 att
630 430 74 19 under
718 428 138 26 budgetåret
871 428 89 21 1956/57

120 459 78 21 beslut
210 465 38 14 om
260 459 82 25 bidrag
355 459 35 20 till
402 459 134 20 inrättande
548 465 28 14 av
589 459 192 25 pensionärshem
794 459 38 20 må
844 458 117 21 meddelas

120 489 62 20 intill
195 490 33 19 ett
239 489 84 25 belopp
335 495 28 14 av
376 489 26 20 10
412 489 42 20 000
464 489 41 20 000
518 489 45 23 kr.;
576 489 44 20 och
631 489 94 20 anvisar
736 488 39 21 RD
787 488 35 20 till
834 488 81 25 bidrag
926 488 34 20 till

121 519 134 20 inrättande
267 525 28 14 av
306 519 193 24 pensionärshem
512 519 40 20 100
564 519 34 20 kr.
609 519 43 19 och
664 519 34 20 till
709 518 81 25 bidrag
801 519 35 19 till
847 518 47 20 viss
905 524 57 19 upp-

121 548 256 25 lysningsverksamhet
394 549 45 19 rör.
456 548 229 25 byggnadstekniska
702 548 79 25 frågor
799 548 40 20 100
856 548 45 23 kr.;
919 548 42 20 och

120 577 118 25 medgiver
256 577 39 20 RD
313 578 34 19 att
365 577 74 20 under
456 577 137 25 budgetåret
611 577 90 21 1956/57
719 577 150 25 preliminära
886 577 76 20 beslut

121 612 52 20 ang.
189 607 45 23 lån,
251 613 50 14 som
317 607 59 20 skall
392 607 55 24 utgå
463 606 53 21 från
531 607 141 20 lånefonden
687 606 37 21 för
738 606 224 26 bostadsbyggande,

121 636 39 20 må
171 636 118 20 meddelas
301 636 60 20 intill
373 637 33 19 ett
416 636 84 25 belopp
511 642 29 14 av
550 636 42 20 665
602 636 41 20 000
653 636 42 20 000
707 637 45 23 kr.;
764 636 43 20 och
818 636 93 20 anvisar
922 636 39 20 RD

121 666 35 20 till
168 666 142 20 lånefonden
322 665 37 21 för
370 666 217 25 bostadsbyggande
598 666 42 20 600
650 666 41 20 000
702 666 41 20 000
755 666 34 20 kr.
800 666 44 20 och
854 666 35 20 till
901 666 62 20 låne-

121 695 87 21 fonden
218 695 37 21 för
264 695 250 25 maskinanskaffning
522 696 64 19 inom
595 695 269 26 byggnadsindustrien
845 691 23 34 1
873 695 41 21 000
921 696 41 20 000

122 725 45 24 kr.;
180 725 44 20 och
237 725 118 25 medgiver
367 725 47 24 RD,
427 726 33 19 att
472 726 75 19 under
558 725 137 25 budgetåret
708 725 90 21 1956/57
811 726 151 24 preliminära

121 754 77 22 beslut
211 760 52 20 ang.
279 755 45 23 lån,
339 761 50 14 som
404 755 59 20 skall
478 755 55 25 utgå
547 754 53 21 från
614 756 104 24 anslaget
731 755 35 20 till
780 755 133 26 tilläggslån
927 755 34 21 till

120 785 48 20 viss
183 784 375 25 bostadsbyggnadsverksamhet,
573 784 37 20 må
625 785 118 20 meddelas
757 785 60 20 intill
832 786 33 19 ett
879 785 83 24 belopp

121 820 28 14 av
160 814 27 20 55
196 814 42 20 000
248 814 42 20 000
302 814 45 23 kr.;
359 814 43 20 och
413 814 94 20 anvisar
518 814 38 20 RD
567 814 35 20 till
613 814 132 25 tilläggslån
756 815 34 20 till
801 815 47 20 viss
858 814 104 21 bostads-

121 843 271 26 byggnadsverksamhet
406 843 40 21 160
456 844 42 20 000
507 844 42 20 000
562 844 45 23 kr.;
620 844 44 20 och
676 844 117 25 medgiver
805 844 47 24 RD,
864 845 34 20 att
910 845 52 19 rän-

120 873 89 20 tefoten
226 873 37 20 för
280 873 288 24 lantarbetarbostadslån,
584 873 63 21 vilka
663 873 98 25 beviljas
777 874 75 20 under
867 874 95 25 budget-

122 902 49 21 året
186 903 98 23 1956/57,
297 903 141 20 bestämmes
451 903 34 20 till
500 903 47 23 3,25
565 903 35 24 2;
613 903 44 20 och
670 904 93 20 anvisar
776 904 39 20 RD
828 904 35 20 till
876 904 38 20 lån
927 904 34 20 till

120 932 148 25 uppförande
284 932 44 20 och
344 932 141 25 förbättring
500 939 29 13 av
544 933 253 20 lantarbetarbostäder
813 933 40 20 100
870 933 41 24 kr.,
927 933 34 21 till

121 962 39 20 lån
175 962 35 20 till
226 962 152 20 anordnande
393 968 28 14 av
436 962 126 20 kollektiva
576 963 120 20 tvätterier
710 963 42 20 200
762 963 41 20 000
819 963 41 24 kr.,
875 964 35 19 till
925 969 37 14 av-

122 991 121 25 skrivning
258 997 28 14 av
299 997 47 20 nya
359 992 260 25 kapitalinvesteringar
632 992 7 20 i
653 992 141 21 lånefonden
808 992 36 21 för
857 993 105 20 bostads-

121 1020 121 26 byggande
255 1021 41 20 150
306 1021 41 20 000
358 1021 41 21 000
412 1022 42 23 kr.,
467 1022 34 20 till
514 1022 151 25 avskrivning
677 1028 28 14 av
716 1028 46 19 nya
774 1022 188 25 kapitalinveste-

122 1051 79 24 ringar
213 1051 35 20 till
261 1050 38 21 lån
311 1051 34 20 till
359 1051 151 20 anordnande
522 1057 28 14 av
561 1051 126 21 kollektiva
698 1052 120 20 tvätterier
830 1052 27 21 50
866 1052 41 21 000
920 1052 42 24 kr.,

121 1081 61 19 samt
211 1080 35 20 till
276 1080 151 25 avskrivning
456 1087 28 14 av
511 1081 133 25 oreglerade
672 1081 290 25 kapitalmedelsförluster

121 1109 42 21 543
172 1110 42 20 600
224 1110 42 20 000
284 1110 45 23 kr.;
347 1110 43 20 och
407 1111 93 19 anvisar
517 1110 39 21 RD
573 1111 35 20 till
624 1111 211 25 bostadsstyrelsen
851 1112 35 20 till
902 1112 61 20 avlö-

121 1139 84 25 ningar
222 1139 13 21 3
244 1139 42 21 983
295 1139 43 21 800
355 1139 43 24 kr.,
415 1140 34 20 till
467 1140 166 20 omkostnader
650 1140 42 21 555
701 1140 42 21 000
760 1141 43 24 kr.,
819 1141 36 20 till
871 1141 91 20 länsbo-

122 1169 212 21 stadsnämnderna
347 1170 36 19 till
397 1170 136 25 avlöningar
547 1170 12 20 3
569 1170 40 20 291
620 1170 41 20 700
676 1170 34 21 kr.
723 1171 44 20 och
780 1171 35 20 till
828 1171 134 21 omkostna-

122 1199 40 20 der
172 1199 41 20 729
223 1199 42 20 000
275 1199 34 20 kr.

95 1240 6 14 1
121 1234 40 20 RD
178 1234 124 25 medgiver,
319 1236 34 19 att
369 1235 74 20 under
459 1235 137 25 budgetåret
613 1235 90 21 1956/57
720 1236 151 25 preliminära
886 1236 76 21 beslut

121 1270 38 14 om
171 1264 46 23 lån,
228 1270 51 14 som
290 1264 59 20 skall
361 1264 55 25 utgå
428 1265 52 20 från
491 1265 141 21 lånefonden
643 1265 36 21 för
689 1265 225 26 bostadsbyggande,
925 1266 37 20 må

121 1294 118 20 meddelas
256 1294 61 20 intill
335 1295 32 19 ett
383 1294 84 25 belopp
484 1300 27 15 av
527 1295 43 20 880
579 1295 42 20 000
631 1295 42 21 000
689 1295 35 21 kr.
741 1297 61 19 samt
818 1296 93 20 anvisar
927 1296 34 20 till

122 1322 141 21 lånefonden
277 1323 37 20 för
327 1323 217 26 bostadsbyggande
557 1324 13 20 å
583 1325 140 25 tilläggsstat
736 1325 20 20 II
771 1325 40 21 125
820 1325 42 20 000
872 1325 42 21 000
927 1326 35 19 kr.

93 1359 9 14 2
121 1353 39 20 RD
178 1353 124 25 medgiver,
319 1355 34 18 att
369 1354 75 20 under
459 1354 137 25 budgetåret
613 1354 90 21 1956/57
720 1355 151 25 preliminära
886 1355 77 20 beslut

121 1389 38 13 om
173 1383 46 23 lån,
234 1389 50 14 som
297 1383 60 20 skall
371 1383 55 25 utgå
440 1383 53 20 från
506 1384 105 25 anslaget
623 1384 35 20 till
671 1384 133 25 tilläggslån
817 1385 35 20 till
864 1385 48 20 viss
924 1385 39 20 bo-

121 1412 344 25 stadsbyggnadsverksamhet,
488 1413 39 20 må
550 1413 117 21 meddelas
690 1413 61 21 intill
774 1415 33 19 ett
828 1414 84 25 belopp
935 1420 28 14 av

123 1442 40 20 100
173 1442 42 20 000
224 1442 42 20 000
279 1442 34 20 kr.
325 1443 61 19 samt
398 1443 94 19 anvisar
503 1443 34 20 till
549 1443 133 25 tilläggslån
693 1443 35 21 till
739 1444 48 20 viss
797 1443 166 26 bostadsbygg-

121 1472 210 20 nadsverksamhet
341 1472 13 20 å
363 1472 141 25 tilläggsstat
513 1473 20 19 II
544 1473 26 20 40
579 1473 42 20 000
631 1473 42 20 000
683 1473 34 20 kr.

92 1506 10 15 3
120 1501 45 20 Till
184 1501 82 25 bidrag
285 1501 35 20 till
340 1501 47 20 viss
406 1502 305 25 upplysningsverksamhet
730 1503 44 20 rör.
793 1503 169 25 byggnadstek-

121 1530 69 21 niska
200 1530 78 26 frågor
288 1531 93 20 anvisas
392 1531 27 20 25
428 1531 42 21 000
481 1531 34 20 kr.

93 1566 10 14 4
121 1561 40 20 RD
183 1561 94 20 anvisar
298 1561 35 20 till
356 1561 290 25 kapitalmedelsförluster
667 1562 44 20 och
732 1562 197 26 ränteeftergifter
950 1562 13 21 å

121 1591 63 19 vissa
207 1590 257 25 bostadsbyggnadslån
488 1591 27 20 90
525 1591 92 20 000000
641 1591 42 24 kr.,
706 1592 35 20 till
763 1592 200 21 bostadsrabatter

123 1620 41 20 140
173 1620 42 20 000
225 1620 42 20 000
282 1620 42 24 kr.,
338 1621 35 19 till
387 1620 82 26 bidrag
483 1621 35 20 till
532 1621 47 20 viss
593 1621 369 26 bostadsförbättringsverksam-

121 1650 40 20 het
172 1650 27 20 20
209 1650 42 20 000
260 1649 43 21 000
315 1650 42 24 kr.,
369 1650 124 25 medgiver,
505 1651 33 19 att
551 1651 73 20 under
635 1650 137 26 budgetåret
784 1651 91 21 1957/58
886 1651 76 21 beslut

121 1685 38 14 om
173 1679 82 26 bidrag
270 1680 34 20 till
320 1680 134 20 inrättande
469 1686 28 14 av
510 1680 193 25 pensionärshem
717 1681 38 20 må
769 1681 118 21 meddelas
901 1681 60 21 intill

122 1712 33 19 ett
166 1710 84 25 belopp
262 1716 28 14 av
304 1710 26 21 10
339 1710 42 20 000
390 1710 42 20 000
445 1710 42 24 kr.,
499 1710 93 20 anvisar
604 1710 34 20 till
650 1710 81 26 bidrag
742 1711 35 20 till
788 1711 136 21 inrättande
935 1717 27 14 av

121 1740 193 25 pensionärshem
333 1740 27 20 10
370 1740 41 20 000
421 1739 42 21 000
482 1740 41 23 kr.,
542 1741 123 24 medgiver,
683 1741 35 20 att
734 1741 75 20 under
826 1740 136 26 budgetåret

123 1770 91 20 1957/58
225 1770 152 25 preliminära
388 1770 76 20 beslut
475 1775 51 20 ang.
539 1769 45 24 lån,
596 1776 50 14 som
657 1770 59 20 skall
727 1770 56 25 utgå
794 1770 53 20 från
858 1770 104 20 lånefon-

121 1800 45 19 den
188 1799 38 20 för
247 1799 225 25 bostadsbyggande,
494 1799 38 20 må
554 1800 117 20 meddelas
693 1800 61 20 intill
775 1801 33 19 ett
829 1800 84 25 belopp
934 1806 28 14 av

121 1829 42 20 655
172 1829 42 20 000
224 1829 42 20 000
288 1829 42 23 kr.,
353 1829 93 20 anvisar
467 1829 35 20 till
525 1829 140 20 lånefonden
688 1829 36 20 för
745 1829 217 26 bostadsbyggande

121 1858 42 21 560
173 1858 41 21 000
225 1858 42 21 000
289 1858 42 24 kr.,
352 1859 35 20 till
409 1858 141 21 lånefonden
571 1859 37 20 för
629 1859 249 25 maskinanskaffning
898 1860 64 20 inom

120 1888 254 25 byggnadsindustrien
387 1888 63 20 1500
460 1888 41 20 000
514 1888 42 24 kr.,
568 1888 116 25 medgiver
695 1889 35 20 att
740 1889 75 20 under
825 1889 138 25 budgetåret

123 1919 91 20 1957/58
226 1919 151 24 preliminära
388 1918 76 21 beslut
475 1923 51 20 ang.
539 1918 45 24 lån,
596 1925 49 13 som
657 1919 59 20 skall
727 1919 56 25 utgå
794 1919 53 20 från
858 1919 104 25 anslaget

121 1948 35 20 till
169 1948 114 20 räntefria
296 1948 38 20 lån
346 1948 35 20 till
393 1948 224 25 bostadsbyggande,
630 1948 37 20 må
679 1948 118 21 meddelas
808 1948 61 21 intill
881 1949 34 20 ett
925 1948 37 21 be-

122 1978 54 24 lopp
193 1984 28 14 av
239 1978 41 20 125
289 1977 42 21 000
340 1977 42 21 000
400 1978 33 19 kr.
450 1979 61 19 samt
528 1978 93 20 anvisar
637 1978 35 20 till
688 1978 114 20 räntefria
818 1978 38 20 lån
872 1978 36 20 till
923 1978 39 20 bo-

121 2007 188 25 stadsbyggande
319 2007 41 20 240
370 2007 42 20 000
421 2007 42 20 000
475 2007 45 23 kr.;
531 2007 43 20 och
585 2008 93 19 anvisar
689 2007 39 21 RD
739 2008 35 20 till
784 2008 178 25 bostadsstyrel-

121 2043 51 14 sen:
189 2037 35 19 till
240 2037 137 25 avlöningar
392 2037 62 19 4111
466 2037 41 20 000
523 2037 41 23 kr.,
579 2037 44 20 och
637 2037 35 20 till
687 2037 167 21 omkostnader
868 2037 42 21 670
920 2037 41 20 000

122 2066 42 23 kr.,
177 2066 35 20 till
226 2066 306 21 länsbostadsnämnderna:
546 2067 35 20 till
595 2067 135 25 avlöningar
743 2067 13 20 3
765 2067 42 20 566
817 2067 41 20 000
872 2067 34 21 kr.
919 2067 43 20 och

121 2096 35 21 till
166 2096 167 20 omkostnader
344 2096 41 20 753
394 2096 42 20 000
447 2096 34 20 kr.

982 188 25 20 År
1006 184 16 32 |
1030 192 52 20 Prop.

1116 167 88 17 Motioner

1270 167 70 17 Utskott

1389 179 56 17 Skriv.

1506 168 91 17 Protokoll

1112 221 30 17 FK

1178 221 31 17 AK

1231 220 85 19 SmllAvd|
1340 222 26 16 Nr

1408 209 21 11 nr

1487 222 28 16 FK
1585 223 32 16 AK

984 280 30 22 561
1032 282 34 20 1:7

1034 317 48 15 71—

1047 346 22 16 85

1032 372 51 20 1:26

1033 406 50 15 —12

1033 432 50 19 1:19

1033 461 50 21 1:20

986 1236 30 22 571
1032 1238 51 20 2:12

985 1355 30 22 57)
1032 1357 51 20 2:12

1048 1539 22 16 83

985 1563 30 22 571
1038 1565 42 20 100

1122 282 27 21 60

1108 312 41 21 192

1108 342 42 20 195

1107 372 43 20 394

1107 402 42 20 407

1107 432 41 19 411

1109 1564 41 20 142

1107 1594 42 20 261

1107 1624 43 20 262

1108 1654 43 20 353

1108 1684 43 20 354

1107 1714 44 20 430

1107 1744 42 20 431

1100 1773 53 20 -445

1107 1803 43 21 450

1108 1833 43 20 454

1108 1863 42 19 457

1100 1892 52 20 -461

1107 1922 43 20 467

1173 282 42 21 136

1173 312 40 20 141

1172 342 44 20 296

1173 372 42 20 345

1172 401 44 21 346

1172 432 43 20 357

1165 461 54 21 -359

1172 491 44 20 494

1165 521 52 20 -497

1172 550 43 20 587

1174 1564 42 21 180

1173 1594 43 20 343

1173 1624 44 20 344

1173 1654 44 20 449

1173 1684 44 20 478

1173 1714 42 20 541

1173 1744 44 20 555

1174 1773 42 20 561

1167 1803 52 20 -567

1173 1833 43 20 577

1166 1863 54 20 -584

1256 283 13 20 6]
1291 279 34 35 —]
1332 283 41 20 127

1355 1539 21 16 72

1257 1564 13 20 6)
1292 1576 26 3 —I
1333 1565 42 20 102

1397 283 43 20 284

1413 1238 28 20 54

1412 1357 29 20 54

1397 1564 43 21 272

1456 283 35 20 20:

1458 1505 33 21 10:

1458 1564 34 21 18:

1487 1245 5 13 :
1509 1242 20 16 15
1534 1235 30 33 |
1572 1239 21 20 4:
1608 1243 22 15 46

1487 1363 4 14 :
1508 1361 21 16 15
1536 1353 26 34 |
1572 1357 20 21 4:
1608 1362 22 15 46

1507 283 140 21 48d120:137d

1507 1510 22 15 58
1558 1506 34 20 10:
1608 1510 22 15 83

1520 1564 29 21 sd!
1572 1565 20 21 8:
1608 1565 40 20 48d
