1847 2357
165 149 44 20 358

902 156 136 15 SAKREGISTER

186 1747 10 15 N

185 429 143 35 Domkapitel.
1034 434 1 20 |

1055 340 22 53 1883
1060 248 17 76 psYIY

1113 296 17 104 T98[9ALLYS
1113 236 17 47 199

1133 365 16 54 doad
1133 295 21 63 s):leN
1133 220 21 65 [Bu3Y

1171 272 101 27 Motioner
1261 268 14 35 |

1329 243 94 17 Utskotts-

1317 272 112 18 utlåtanden

1294 302 46 18 eller
1353 302 99 18 memorial

1496 225 54 17 Riks-

1486 255 72 22 dagens

1501 285 46 17 skri-

1492 315 63 17 velser

1495 380 17 16 VA

1543 369 17 18 =

1543 389 17 12 ee

1495 398 11 9 =
1543 402 11 11 18

1616 255 118 17 Kamrarnas

1601 284 145 23 förhandlingar

1589 369 68 17 Första
1671 360 2 19 |
1691 368 65 18 Andra

1586 393 71 17 kamm.
1672 392 1 28 |
1688 393 70 16 kamm.

230 464 96 26 sportler,
351 471 45 13 som
420 464 88 27 jämlikt
533 463 114 21 cirkuläret
671 463 41 21 den
733 463 26 20 13
775 464 48 26 juni
841 463 55 20 1902
917 451 104 44 angående
1034 451 58 44 |1924

229 494 148 20 fastställande
394 501 26 13 av
436 494 153 25 avlöningsstat
605 494 33 19 för
653 494 173 26 tjänstemännen
842 493 36 20 vid
889 493 26 20 de
927 493 97 21 ecklesia-

230 524 57 20 stika
302 524 165 20 konsistorierna
483 523 131 21 fortfarande
633 524 35 19 må
687 524 50 25 utgå
757 523 33 21 till
808 519 216 43 konsistorienotarie,
1034 541 1 17 |

230 554 83 26 uppgår
328 554 42 20 till:
389 553 131 21 beträffande
536 554 97 19 notarien
649 553 36 21 vid
697 554 67 26 Visby
775 553 133 27 domkapitel
920 560 104 14 samman-

229 584 45 25 lagt
289 584 63 26 högst
368 584 65 20 2500
450 584 30 20 kr.
497 584 40 20 och
554 583 131 20 beträffande
701 584 81 20 notarie
798 583 36 21 vid
853 585 66 19 annat
939 583 97 28 domka-
1023 579 15 36 |

229 614 53 26 pitel
298 614 143 26 sammanlagt
457 614 61 26 högst
535 614 12 19 2
558 613 41 20 700
616 613 41 24 kr.;
675 613 33 20 till
724 614 96 20 notarien
836 613 37 21 vid
889 613 147 21 Stockholms
1019 609 14 35 |

230 644 58 20 stads
304 644 152 20 konsistorium
473 644 49 20 med
540 643 63 21 1800
620 644 40 23 kr.;
678 643 33 21 till
727 650 117 14 amanuens
859 644 36 20 vid
906 644 130 26 domkapit-
1026 639 14 35 |

229 674 35 20 len
280 674 8 19 i
304 674 95 27 Uppsala
422 674 39 20 och
486 674 66 20 Luleå
576 673 49 21 med
650 673 64 21 1700
731 674 38 24 kr.,
794 674 36 20 vid
854 674 171 26 domkapitlen
1005 669 24 36 i

230 704 127 26 Linköping,
378 704 73 26 Skara,
470 704 121 26 Strängnäs,
611 704 70 26 Växjö
700 704 39 20 och
759 704 63 20 Lund
841 704 49 20 med
910 704 64 20 17500
994 704 30 20 kr.

230 736 57 18 samt
303 734 36 20 vid
354 734 148 26 domkapitlen
514 734 6 20 i
533 734 104 26 Västerås,
654 734 113 26 Göteborg,
782 734 100 20 Karlstad
894 735 39 19 och
945 735 79 19 Härnö-

230 764 53 20 sand
299 764 50 20 med
370 763 63 21 1000
450 764 30 20 kr.
512 765 32 19 Av
560 763 35 21 det
611 764 142 26 provisoriska
769 764 208 26 avlöningstillägget
992 764 44 29 till
1024 759 10 38 |

230 794 82 20 notarie
328 796 74 24 utgöra
417 795 37 19 två
469 794 127 26 tredjedelar
612 794 36 20 lön
662 794 40 20 och
713 800 26 14 en
750 794 103 26 tredjedel
865 795 170 26 tjänstgörings-
1022 790 14 35 |

230 824 124 26 penningar.
386 824 41 20 För
442 831 117 13 amanuens
576 824 61 25 utgår
650 824 208 26 avlöningstillägget
868 824 7 20 i
886 831 83 13 samma
980 824 44 20 ord-
1034 822 1 22 |

230 854 52 25 ning
297 860 46 14 som
360 854 94 24 arvodet;
475 854 32 20 till
527 853 136 21 bestridande
682 860 26 14 av
726 854 144 20 kostnaderna
893 854 33 20 för
948 855 76 19 omför-
1034 847 1 38 |

230 883 73 20 mälda
311 884 141 26 provisoriska
461 884 153 26 lönereglering
622 884 84 20 anvisas
717 884 33 20 för
761 883 125 27 budgetåret
899 882 125 29 1924/1925
1034 888 1 24 |

230 915 30 19 ett
276 915 60 19 extra
354 914 164 26 förslagsanslag
537 920 26 14 av
582 914 28 19 42
620 913 42 20 000
682 913 39 26 kr.,
740 920 26 13 av
785 914 67 20 vilket
870 914 74 26 anslag
963 914 59 26 högst
1033 930 2 23 |

231 943 42 20 883
290 943 30 20 kr.
338 943 27 20 33
382 945 34 19 öre
436 945 36 19 må
490 943 109 21 användas
618 943 34 20 till
672 943 93 27 höjande
784 950 26 13 av
829 944 144 26 ersättningen
992 945 33 19 för

229 973 92 20 vikariat
337 973 68 20 under
420 974 218 19 konsistorienotaries
655 975 105 18 semester.

214 1039 42 19 Till
276 1039 68 20 ökade
363 1039 151 20 arbetskrafter
532 1039 36 20 vid
588 1039 159 25 domkapitlens
770 1039 147 26 expeditioner
940 1040 84 20 anvisas
1039 1038 57 23 1925

229 1069 33 19 för
279 1068 124 26 budgetåret
420 1068 125 28 1925/1926
562 1070 30 18 ett
610 1068 74 26 anslag
703 1076 25 13 av
748 1068 79 20 30490
848 1069 40 24 kr.;
908 1069 40 20 och
967 1069 56 20 med-

229 1099 58 25 giver
302 1099 44 24 RD,
363 1101 32 18 att
410 1100 60 19 extra
486 1098 92 21 biträdet
593 1098 36 21 vid
646 1098 142 27 domkapitlet
800 1099 7 20 i
820 1099 66 20 Luleå
902 1099 43 20 Rut
958 1099 65 20 Carls-

229 1135 38 13 son
284 1129 35 19 må
335 1129 25 19 fr.
377 1135 18 14 o.
413 1135 28 14 m.
458 1128 42 21 den
518 1128 10 20 1
545 1129 44 26 jan.
611 1128 57 20 1924
691 1129 97 26 uppbära
811 1135 83 14 samma
918 1129 106 25 avlöning,

229 1165 45 13 som
292 1158 114 21 beräknats
422 1159 33 20 för
470 1158 152 21 förutvarande
638 1160 60 18 extra
714 1158 91 21 biträdet
825 1159 38 20 hos
882 1159 142 26 domkapitlet

229 1188 49 20 Ella
294 1183 77 31 Åberg.

214 1253 37 20 RD
267 1253 115 26 medgiver,
400 1255 31 18 att
446 1254 129 25 provisorisk
591 1254 152 26 lönereglering
759 1255 36 19 må
811 1254 67 20 under
889 1254 58 20 tiden
960 1254 10 20 1
982 1254 42 26 juli
1024 1249 14 36 |
1063 1262 8 10 >

230 1283 116 20 1925—30
362 1284 49 26 juni
430 1283 54 21 1926
501 1284 56 25 gälla
573 1284 67 26 ifråga
659 1291 35 13 om
713 1284 93 20 notarier
824 1284 40 20 och
883 1290 142 14 amanuenser

228 1312 37 21 vid
281 1313 26 20 de
323 1313 149 21 ecklesiastika
488 1313 174 25 konsistorierna;
683 1314 40 20 och
742 1314 84 20 anvisas
845 1314 57 26 förty
921 1314 33 20 för
973 1314 50 20 bud-

228 1343 80 24 getåret
332 1341 126 29 1925/1926
483 1345 30 18 ett
536 1345 60 18 extra
619 1343 165 26 förslagsanslag
802 1350 26 13 av
847 1343 28 20 42
885 1343 42 20 000
944 1343 38 24 kr.,
998 1350 26 14 av

228 1372 68 20 vilket
314 1373 74 25 anslag
406 1373 63 26 högst
488 1372 42 21 883
547 1373 30 20 kr.
596 1373 27 20 33
643 1375 34 18 öre
696 1374 36 19 må
751 1373 109 20 användas
879 1373 33 20 till
931 1373 93 27 höjande

229 1409 26 14 av
271 1403 144 25 ersättningen
430 1403 33 20 för
482 1403 91 20 vikariat
592 1403 69 20 under
679 1403 220 20 konsistorienotaries
917 1405 107 18 semester.

213 1468 41 20 För
270 1468 119 26 möblering
405 1475 26 13 av
447 1468 153 26 domkapitlets
611 1469 7 19 i
629 1468 66 20 Luleå
711 1475 42 20 nya
764 1468 80 20 lokaler
855 1469 6 19 i
873 1468 152 27 biskopshuset|
1063 1476 8 11 >»

228 1497 109 21 därstädes
353 1498 84 20 anvisas
453 1498 33 20 för
502 1498 124 26 budgetåret
647 1497 125 28 1925/1926
797 1500 30 18 ett
852 1500 59 18 extra
935 1505 89 14 reserva-

228 1527 131 26 tionsanslag
374 1534 27 14 av
418 1528 26 20 12
455 1527 42 21 000
513 1528 32 20 kr.

214 1593 10 19 I
240 1592 117 27 anledning
372 1600 26 13 av
414 1600 54 13 rev:s
484 1600 57 13 anm.
559 1592 114 28 (Rev:sber.
691 1594 17 24 I,
725 1600 15 13 s.
755 1594 33 24 77,
801 1594 39 24 III,
853 1600 16 14 s.
882 1592 35 29 82)
928 1594 97 20 anhåller
1039 1592 57 23 [1926]

229 1623 44 24 RD,
290 1625 32 18 att
338 1623 61 20 KM:t
417 1624 67 19 måtte
500 1623 44 20 låta
560 1623 115 20 verkställa
691 1623 114 26 utredning
820 1625 40 19 rör.
877 1624 148 20 anordnandet

229 1659 26 14 av
266 1653 93 20 kontroll
370 1655 50 18 över
436 1653 159 26 domkapitlens
612 1653 213 26 medelsförvaltning
840 1655 57 18 samt
912 1653 112 21 utfärdade

229 1682 132 21 föreskrifter
371 1683 7 20 i
390 1683 88 20 berörda
489 1683 128 25 hänseende,
629 1689 45 14 som
684 1684 36 19 må
728 1683 73 20 kunna
810 1690 61 14 anses
880 1683 143 26 erforderliga.

214 1742 49 20 Ord.
276 1742 95 26 anslaget
381 1743 33 20 till
425 1742 159 26 domkapitlens
598 1742 146 27 expeditioner
754 1744 104 25 upptages
869 1742 49 21 med
929 1743 95 20 oföränd-
1033 1748 2 26 |
1063 1751 8 9 >

229 1774 33 18 rat
279 1772 83 27 belopp,
380 1772 79 20 91350
476 1773 31 19 kr.
1033 1776 2 20 |

214 1837 42 20 Till
275 1838 68 20 ökade
361 1838 152 20 arbetskrafter
532 1837 36 21 vid
587 1838 159 26 domkapitlens
770 1838 146 26 expeditioner
940 1839 84 19 anvisas

229 1867 33 20 för
279 1868 123 25 budgetåret
420 1866 124 29 1926/1927
562 1869 30 18 ett
608 1870 60 18 extra
683 1868 74 26 anslag
771 1869 12 19 å
800 1867 77 21 34070
894 1868 31 20 kr.

1063 1846 8 10 »

1033 1901 1 13 I

213 1933 37 20 RD
267 1933 114 26 medgiver,
399 1935 31 18 att
446 1933 129 26 provisorisk
590 1933 153 26 lönereglering
759 1934 35 19 må
810 1933 68 20 under
888 1933 58 20 tiden
960 1933 9 20 1
983 1933 41 27 juli
1024 1929 19 35 |
1062 1942 8 9 >»

230 1962 116 21 1926—530
362 1963 48 26 juni
428 1962 55 21 1927
500 1963 56 26 gälla
572 1963 68 25 ifråga
658 1970 35 13 om
713 1964 92 19 notarier
824 1963 39 20 och
883 1970 151 14 amanuenser
1020 1958 19 36 |

228 1992 37 21 vid
284 1993 26 20 de
326 1993 149 20 ecklesiastika
491 1993 174 23 konsistorierna;
682 1993 40 20 och
738 1993 84 20 anvisas
838 1993 33 20 till
877 1989 134 36 bestridande
1019 1993 15 28 |

228 2029 27 13 av
270 2023 144 20 kostnaderna
432 2023 33 20 för
484 2022 142 21 omförmälda
651 2023 142 26 provisoriska
816 2023 152 26 lönereglering
992 2023 42 20 för/

229 2052 125 26 budgetåret
379 2052 124 28 1926/1927
529 2054 30 18 ett
582 2054 60 19 extra
665 2052 164 26 förslagsanslag
844 2059 27 14 av
887 2053 27 19 42
925 2053 42 20 000
984 2047 49 29 kr.,
1022 2043 11 40 |

1109 1074 46 22 p-43
1165 1064 1 4 |

1113 1254 40 20 1:88

1109 1289 46 22 p.44

1225 1468 39 21 101

1335 1587 23 25 1|

1384 1592 39 22 60
1407 1588 20 37 |

1384 1839 40 25 91
1408 1835 10 33 |

1444 1044 24 15 29

1444 1259 25 15 30

1443 1473 24 15 31

1444 1598 23 16 17

1485 1593 76 21 107113

1486 1742 76 25 19012

1486 1838 75 20 19012

1486 1917 75 36 190118

1585 1040 67 20 19:11
1673 1034 1 10 |
1693 1038 70 21 21:30

1594 1253 67 21 19:11]
1694 1253 69 20 21:30

1593 1468 32 20 19:
1637 1467 127 21 111121:80

1594 1593 33 21 18:
1638 1598 25 16 80
1662 1589 22 34 |
1696 1593 67 20 18:72

1585 1743 34 20 30:
1631 1748 38 16 1138]
1687 1742 33 21 29:
1732 1747 38 16 105

1674 1804 2 23 |

1585 1835 33 33 30:
1632 1824 44 44 113)
1687 1838 33 20 29:
1733 1843 38 15 105

1585 1934 33 20 30:
1631 1939 45 21 113/
1687 1932 33 21 29:
1733 1917 44 55 105]
