1811 2348
67 238 274 22 Justitieombudsmannen.

96 275 19 20 7.
133 275 42 20 RD
184 275 89 20 anvisar
281 275 32 21 till
322 275 129 27 avlöningar
462 276 34 20 101
508 277 41 20 000
558 277 31 20 kr.
600 277 32 26 (f).

95 334 19 20 8.
133 334 42 20 RD
191 334 88 21 anvisar
289 334 32 21 till
332 335 156 21 omkostnader
500 336 24 20 10
536 336 38 20 100
584 336 31 20 kr.
626 336 33 25 (f).

98 405 17 20 1.
133 405 55 26 Ang.
206 406 118 20 verkställd
341 406 133 27 granskning
489 413 28 14 av
532 407 286 26 justitieombudsmannens
834 409 128 20 ämbetsför-

68 435 107 26 valtning.

96 465 19 20 2.
133 465 42 19 RD
190 465 72 20 avslår
276 465 84 21 motion
374 472 35 14 om
424 466 56 20 vissa
494 466 196 27 kompletteringar
703 467 6 20 i
722 466 241 27 justitieombudsman-

69 500 52 14 nens
132 494 40 20 och
184 494 278 22 militieombudsmannens
473 496 158 20 instruktioner
642 497 115 25 (avseende
769 497 94 20 kontroll
874 498 12 20 å
897 499 66 19 stats-

69 524 77 20 rådens
162 524 238 27 ämbetsförvaltning).

95 554 20 19 3.
133 554 42 19 RD
190 554 89 20 anvisar
292 554 33 20 till
340 555 128 25 avlöningar
485 556 34 18 101
531 556 42 19 000
592 556 31 19 kr.
643 556 26 25 (f)
688 558 58 17 samt
761 557 31 19 till
808 557 155 20 omkostnader

70 583 25 19 10
106 583 39 20 100
157 583 32 20 kr.
204 583 33 25 (f).

96 613 26 19 Se
131 612 40 20 ock
180 612 126 27 Avlönings-
314 613 36 20 och
358 613 232 27 omkostnadsanslagen
600 615 79 25 (1948),
686 615 129 26 Lönetillägg
822 616 62 25 (1944
896 616 27 20 H:
936 617 26 25 2),

69 642 120 26 Riksdagen
201 642 70 25 (1943:
284 643 26 25 8),
323 643 131 26 Riksdagens
464 643 53 21 verk.

69 690 303 25 JUSTPTIEREVISIONEN;
385 697 22 13 se
421 691 79 26 Högsta
512 691 119 21 domstolen.

69 734 198 27 JUSTITIERÅD;
283 744 22 14 se
321 738 161 26 Grundlagarna
498 739 70 25 (1948,
587 739 68 26 1949),
672 740 78 26 Högsta
765 740 118 23 domstolen,
898 741 65 20 Löne-

96 766 187 27 plansförordning
297 768 79 26 (1947).

69 814 100 25 JUTHE,
185 815 24 19 B.
226 815 32 24 0.,
274 815 134 26 fartygschef
424 816 26 26 på
467 816 180 26 statsisbrytaren
663 817 73 23 Ymer,
752 817 82 27 kapten
850 818 6 20 i
872 818 91 20 flottans

96 850 79 17 reserv;
186 850 22 14 se
217 844 116 21 Pensioner
342 845 80 26 (1946).

69 887 102 29 JÄDER,
183 892 27 20 K.
223 892 32 24 S.;
266 898 22 14 se
300 892 168 27 Avskrivningar
479 893 63 25 (1948
552 893 37 26 H).

69 928 123 29 JÄGARE;
206 940 21 13 se
241 934 53 20 Jakt
307 934 66 26 (spec.
391 934 58 21 1947:
462 935 26 25 2).

70 970 167 25 JÄMTLANDS
251 975 210 25 FLYGFLOTTILJ;
474 982 22 14 se
510 976 129 27 Flygvapnet
651 977 70 25 (1945:
734 980 17 20 3,
767 977 58 20 1947:
839 978 39 25 11).

70 1007 167 39 JÄMTLANDS
249 1012 378 31 FÄLTJÄGARREGEMENTE;
593 1008 38 39 se
633 1018 79 20 Armén
724 1019 70 25 (1942:
807 1022 30 21 22,
852 1020 58 20 1950:
921 1020 40 26 39).

69 1053 300 25 JÄMTLANDSFJÄLLEN.

97 1093 55 26 Ang.
173 1100 26 14 en
221 1094 69 20 under
309 1094 190 27 militärövningar
518 1095 105 21 inträffad
644 1095 185 27 olyckshändelse;
850 1103 21 14 se
893 1097 70 20 Enkla

68 1123 70 26 frågor
153 1123 70 26 (1949:
237 1123 26 26 9).

69 1160 208 25 JÄMTLÄNDSKA
290 1161 234 25 LAPPVÄSENDETS
536 1166 85 25 FOND;
633 1173 21 13 se
664 1167 123 26 Lapparna.

69 1201 210 26 JÄMTLÄNDSKA
300 1203 284 25 RENBETESFJÄLLENS
606 1208 173 25 SKOGSFOND;
799 1215 21 14 se
839 1209 122 27 Lapparna.

69 1243 183 29 JÄRKVITSLE;
264 1254 22 14 se
302 1248 180 27 Interpellationer
493 1249 70 26 (1947:
576 1249 40 26 38).

69 1284 83 30 JÄRN;
171 1295 22 14 se
216 1289 180 27 Interpellationer
415 1290 70 26 (1947:
499 1290 39 26 74),
558 1291 134 20 Norrbottens
711 1292 104 20 Järnverk
834 1288 127 35 Aktiebolag,

100 1319 112 26 Tackjärn.

69 1356 348 25 JÄRNBRUKSINDUSTRIEN.

96 1396 42 20 AK
149 1396 73 20 avslår
232 1396 84 20 motion
328 1403 34 13 om
374 1397 117 27 utredning
501 1403 49 21 ang.
562 1398 41 20 den
614 1404 26 14 ur
649 1398 126 20 samhällets
786 1399 113 26 synpunkt
910 1400 52 20 nöd-

69 1425 95 26 vändiga
178 1426 163 26 utbyggnaden,
355 1426 198 27 effektiviseringen
567 1428 39 19 och
619 1427 164 27 lokaliseringen
796 1434 28 14 av
835 1428 127 27 järnbruks-

69 1455 128 23 industrien,
211 1461 29 14 m.
250 1462 29 13 m.

97 1485 26 20 Se
137 1485 39 19 ock
194 1485 180 26 Interpellationer
387 1486 70 25 (1946:
471 1488 44 22 116,
531 1486 59 21 1948:
604 1487 52 25 146).

69 1522 282 29 JÄRNMANUFAKTUR;
361 1533 22 14 se
396 1527 179 27 Interpellationer
585 1528 69 25 (1948:
669 1528 52 26 116).

69 1563 83 25 JÄRN-
164 1568 54 20 OCH
231 1568 278 21 METALLFORSKNING.

97 1603 42 21 RD
153 1604 128 26 godkänner
293 1604 61 20 avtal
368 1604 49 20 med
431 1604 107 21 stiftelsen
553 1605 83 20 Svensk
649 1605 58 27 järn-
721 1606 40 20 och
775 1606 188 27 metallforskning

68 1634 58 19 samt
137 1633 144 27 bemyndigar
292 1634 64 20 KM:t
366 1635 41 22 att,
419 1634 6 20 i
437 1634 41 20 den
489 1635 51 19 mån
552 1635 22 20 så
586 1635 97 20 befinnes
695 1635 98 26 påkallat
804 1636 39 20 och
855 1636 106 27 lämpligt,

68 1663 181 20 överenskomma
263 1664 49 19 med
325 1664 106 20 stiftelsen
445 1670 35 14 om
492 1664 140 27 jämkningar
644 1665 5 19 i
662 1665 91 24 avtalet;
767 1666 40 19 och
820 1665 87 21 anvisar
920 1666 41 20 RD

68 1692 32 20 till
123 1693 138 26 uppförande
283 1699 29 14 av
336 1693 126 27 byggnader
484 1694 34 20 för
535 1694 59 26 järn-
612 1695 39 19 och
669 1695 188 27 metallforskning
874 1688 41 38 500
916 1688 47 38 000

67 1722 79 26 kr.Ql)

96 1764 41 20 Till
154 1765 137 25 uppförande
307 1771 28 14 av
352 1765 126 27 byggnader
493 1765 34 21 för
541 1765 59 27 järn-
616 1766 39 20 och
672 1766 188 27 metallforskning
875 1768 87 20 anvisas

68 1794 41 20 700
117 1794 42 20 000
172 1794 32 20 kr.
219 1794 32 26 (i).

69 1855 356 29 JÄRNVERKSAKTIEBOLAG,
437 1860 210 26 NORRBOTTENS;
658 1868 22 13 se
690 1862 141 20 Norrbollens.

69 1896 176 25 JÄRNVÄGAR.

99 1937 17 19 1.
132 1936 41 20 Till
185 1936 90 21 fortsatt
285 1937 131 26 anläggning
426 1943 28 14 av
466 1937 132 27 dubbelspår
608 1938 87 20 anvisas
705 1939 11 19 4
727 1939 41 20 500
776 1939 41 20 000
828 1939 31 20 kr.
871 1939 34 26 (r).

96 2025 20 20 2.
133 2025 40 20 Till
184 2025 137 26 rälsutbyten
331 2032 28 13 m.
370 2032 29 14 m.
409 2026 87 20 anvisas
505 2026 12 20 4
527 2026 41 21 400
576 2027 41 20 000
626 2027 32 20 kr.
668 2027 35 26 (r).

1608 67 44 20 569
