1856 2361
169 155 42 20 370
867 154 223 17 SAKREGISTER

190 453 70 20 Enkla
274 453 75 26 frågor.

188 483 42 20 AK

189 513 32 20 Nr
233 499 27 34 23
276 513 58 26 (herr
349 513 84 26 Bagge):
450 513 40 20 Om
505 512 162 26 framläggande
682 513 33 19 för
729 513 57 19 årets
802 512 41 20 RD
859 518 28 14 av
901 512 80 26 förslag
996 512 31 19 till

216 543 131 26 arbetsplikt
361 543 69 20 under
444 542 99 26 krigstid.

189 603 31 20 Nr
233 602 27 21 24
273 603 58 26 (herr
344 602 96 27 Hagberg
452 602 7 20 i
473 602 96 26 Malmö):
583 602 55 26 Ang.
653 602 57 20 vissa
724 602 149 20 förhållanden
887 602 59 19 inom
960 602 68 19 armé-

216 633 172 26 förvaltningens
405 632 214 26 sjukvårdsstyrelse.

188 692 32 20 Nr
237 693 27 20 25
283 693 58 25 (herr
359 692 124 26 Nylander):
503 692 55 26 Ang.
578 691 142 27 utredningen
740 698 35 13 om
794 691 234 21 utlandssvenskarnas

216 722 109 27 ställning.

188 782 32 20 Nr
231 782 26 20 26
269 782 58 26 (herr
339 782 137 26 Sandström):
489 782 54 25 Ang.
557 782 220 25 tjänstebrevsrätten
790 782 33 19 för
833 781 57 20 vissa
903 780 125 27 sjukvårds-

216 812 112 20 anstalter.

188 872 31 20 Nr
230 872 26 20 27
268 872 58 26 (herr
335 872 93 26 Leffler):
440 872 55 25 Ang.
507 872 116 25 styrelsens
634 871 33 20 för
678 872 45 19 akt.
736 871 142 26 Radiotjänst
889 870 139 26 ansvarighet

215 902 34 20 för
262 902 119 26 företagets
395 901 140 20 verksamhet
550 901 39 20 och
605 906 150 21 programmen
770 900 34 20 för
818 900 167 26 utsändningen.

188 961 31 21 Nr
234 962 26 19 28
276 962 58 25 (herr
349 961 120 20 Andersson
484 961 7 19 i
507 961 98 26 Rasjön):
622 961 54 25 Ang.
693 960 136 26 lagstiftning
844 966 35 14 om
895 960 74 19 ideella
985 960 43 19 för-

215 991 90 26 eningar
319 991 40 20 och
374 997 35 14 om
423 991 189 26 föreningsrätten.

188 1051 31 19 Nr
232 1051 26 19 29
273 1051 58 26 (herr
344 1050 111 26 Hellberg):
470 1050 55 26 Ang.
540 1056 26 13 en
580 1050 102 19 blivande
696 1050 126 25 förordning
835 1050 7 18 i
856 1049 125 25 anslutning
995 1048 33 20 till

215 1080 61 26 lagen
293 1086 35 14 om
344 1081 46 19 rätt
405 1080 34 20 för
454 1080 122 25 Konungen
593 1081 34 18 att
643 1079 97 20 meddela
758 1079 144 20 förordnande
919 1084 35 14 om
970 1078 57 19 vissa

215 1110 109 20 förmåner
339 1110 23 20 åt
377 1109 102 21 statslösa
494 1115 29 14 m.
533 1109 22 20 fl.

188 1170 30 19 Nr
230 1169 27 20 30
269 1170 58 25 (herr
338 1169 95 26 Hagberg
445 1169 7 20 i
463 1169 83 25 Luleå):
558 1169 55 25 Ang.
626 1168 198 26 domänstyrelsens
836 1168 140 20 verksamhet
988 1167 39 20 och

215 1199 41 20 den
271 1199 142 20 norrländska
428 1198 282 26 träförädlingsindustrien.

187 1259 31 20 Nr
229 1259 24 20 31
268 1259 58 26 (herr
338 1259 32 19 De
382 1258 50 21 Geer
442 1258 7 20 i
460 1258 125 26 Lesjöfors):
598 1258 55 25 Ang.
665 1258 46 20 akt.
724 1257 100 20 Junohus
835 1257 6 20 i
854 1257 121 20 Uddevalla
988 1256 39 20 och

215 1289 48 20 dess
276 1288 189 27 sågverksrörelse.

187 1348 31 20 Nr
232 1348 26 20 32
273 1348 58 25 (herr
346 1348 74 20 Olsson
435 1348 6 19 i
456 1347 113 26 Staxäng):
584 1347 55 26 Ang.
655 1347 74 26 planer
743 1347 34 19 för
791 1347 26 19 de
832 1348 68 18 större
915 1346 112 20 städernas

215 1378 39 20 och
265 1378 26 19 de
301 1384 59 14 mera
371 1378 80 19 hotade
462 1377 192 20 industriorternas
664 1376 132 26 evakuering
806 1376 6 20 i
823 1375 101 21 händelse
934 1381 29 14 av
972 1375 54 26 krig.

187 1438 31 19 Nr
230 1437 27 20 33
271 1438 58 25 (herr
341 1437 96 26 Hagberg
450 1437 6 19 i
469 1436 96 26 Malmö):
579 1436 55 26 Ang.
648 1436 133 26 tidpunkten
795 1436 33 19 för
841 1435 145 20 avlämnande
999 1440 28 14 av

215 1467 74 20 KM:ts
305 1467 158 26 propositioner
478 1466 33 20 till
527 1467 57 19 årets
600 1466 49 20 RD.

186 1527 31 20 Nr
226 1527 27 20 34
263 1527 58 25 (herr
328 1526 131 26 Lundqvist):
471 1526 41 20 Om
521 1526 132 26 tidpunkten
663 1526 33 19 för
706 1525 145 20 slutförandet
860 1530 29 14 av
898 1524 41 20 den
949 1524 78 25 ifråga-

214 1558 58 19 satta
288 1556 144 26 utredningen
447 1556 27 26 på
490 1555 218 27 pensionsväsendets
724 1555 94 20 område.

187 1616 30 20 Nr
232 1616 26 20 35
275 1616 58 26 (herr
349 1616 85 26 Bagge):
450 1616 55 25 Ang.
521 1615 104 26 reglering
640 1621 29 14 av
685 1615 238 26 privatsköterskornas
938 1613 89 20 anställ-

214 1646 71 26 nings-
302 1646 40 20 och
359 1645 259 27 pensionsförhållanden.

186 1706 31 19 Nr
227 1706 26 19 36
264 1706 58 26 (herr
332 1705 122 20 Nordström
465 1705 6 20 i
482 1704 130 26 Kramfors):
623 1704 55 26 Ang.
690 1704 182 20 handelsflottans
882 1702 143 27 spisordning.

186 1765 31 20 Nr
228 1765 26 20 37
266 1765 58 26 (herr
336 1765 84 26 Bagge):
432 1765 55 25 Ang.
499 1766 33 18 ett
544 1764 133 20 omedelbart
688 1763 118 21 stärkande
817 1769 29 14 av
856 1763 40 20 vår
906 1762 119 27 personella

214 1795 39 20 och
268 1795 118 20 materiella
401 1794 224 26 försvarsberedskap.

186 1855 31 19 Nr
229 1855 26 19 38
269 1854 58 26 (herr
339 1854 131 26 Lundqvist):
483 1854 55 25 Ang.
553 1853 43 20 viss
610 1853 43 20 risk
666 1853 34 20 för
713 1852 126 27 opåräknad
852 1851 174 26 löneminskning

212 1884 34 20 för
257 1889 94 21 grupper
362 1890 28 14 av
402 1883 142 26 statstjänare
555 1883 37 20 vid
605 1883 138 26 tillämpning
754 1882 41 20 den
809 1882 8 19 1
831 1882 40 26 juli
884 1881 53 20 1939
948 1887 28 14 av
988 1880 38 21 det

213 1920 42 20 nya
271 1914 63 20 civila
348 1913 261 26 avlöningsreglementet.

185 1973 31 20 Nr
232 1973 26 20 39
276 1973 58 26 (herr
349 1973 121 20 Andersson
486 1973 7 19 i
510 1972 99 26 Rasjön):
627 1972 54 26 Ang.
699 1972 125 20 införandet
839 1977 28 14 av
885 1969 140 27 obligatorisk

212 2003 155 26 undervisning
381 2003 6 19 i
402 2002 193 26 hushållsgöromål
609 2002 7 19 i
630 2002 52 20 våra
697 2001 78 20 skolor.

185 2063 30 19 Nr
228 2063 27 19 40
268 2063 58 26 (herr
337 2062 114 26 Liedberg):
465 2062 55 26 Ang.
535 2061 115 27 stödjande
664 2067 28 14 av
705 2060 222 26 kaseintillverkning.

1323 232 96 16 Utskotts-

1493 231 55 17 Riks-

1108 254 54 33 Kungl.
1217 281 4 3 a
1302 257 127 28 utlåtanden,
1485 257 70 29 dagens
1707 249 24 34 er

1111 288 53 18 Maj:t]
1176 280 92 17 MOtlOner
1294 291 97 17 memorial
1403 291 44 17 eller
1486 286 57 30 skri-
1604 279 141 20 förhandlingar

1056 313 26 19 År
1110 322 51 14 Ipropir
1305 321 133 17 betänkanden
1481 316 68 31 velser
1631 309 87 20 (prot.nr)

1108 344 46 27 eller
1289 344 13 33 is

1109 374 48 34 kriva
1288 372 7 34 Ef
1589 375 54 17 Första
1661 369 22 34 |
1693 374 43 16 And;

1110 382 102 22 SEEYSLFK
1230 388 35 17 JAK
1286 383 16 44 ä
1330 378 11 52 Zz
1368 388 88 16 Nummer
1458 379 22 35 |
1475 387 91 17 Nummer
1588 380 70 36 FAR
1690 375 70 44 fördt

1221 441 2 11 |
1674 441 2 19 |

1222 455 1 36 |
1674 461 2 25 |

1047 507 52 20 1939]
1123 520 27 2 —
1155 502 26 40 1
1185 509 166 29 —]—]—|—
1405 522 8 1 ;
1512 521 27 2 SH
1621 498 22 34 gå
1674 499 1 35 |
1717 506 42 20 9:
1740 496 18 34 4

1221 549 2 11 |
1673 536 2 26 |

1221 562 2 3 |
1674 571 1 17 I

1047 597 166 20 Jörns
1287 610 145 3 sin
1513 590 162 25 GSR)

1359 624 1 17 |
1674 620 1 22 |

1359 642 1 32 |
1674 648 1 27 |

1046 686 105 21 HORNE
1239 700 28 2 ale
1351 673 45 50 jun
1512 699 122 2 Sörulr0
1706 686 53 19 HA

1674 727 1 41 |

1046 776 53 21 1939]
1123 790 21 2 —
1159 771 25 39 |
1185 789 28 2 —1
1239 789 121 15 —1]——
1405 790 27 2 —
1517 768 23 39 SS
1613 775 145 31 SRA

1359 817 1 17 |
1674 813 1 27 |

1358 852 2 6 I
1674 847 1 14 I

1045 865 54 22 000
1123 879 89 2 rara
1287 864 73 18 RN
1516 879 23 2 RR
1674 864 1 40 |
1706 864 53 20 12:
1742 854 18 34 9

1674 905 1 22 I

1047 955 103 21 150010)
1239 969 27 2 ord]
1405 969 27 1 tre
1512 968 28 2 hn
1674 932 1 54 |
1706 954 66 19 12:10

1046 1045 53 20 1939)
1287 1058 69 2 ROD
1512 1057 26 2 -—
1613 1057 27 1 —
1673 1003 2 69 |
1706 1043 63 20 121

1674 1075 1 17 I

1045 1164 105 20 190015
1404 1176 28 2 SRA
1532 1175 8 2 -
1706 1161 52 20 14:
1740 1157 18 34 8

1045 1253 54 21 1939]
1122 1266 28 2 —i]
1184 1265 172 11 —]—I—
1348 1245 35 39 2
1404 1265 28 2 —
1512 1265 27 2 —
1704 1251 54 19 14:9

1045 1342 53 22 1939]
1122 1355 28 2 —
1157 1335 29 38 I
1190 1354 124 3 —]—h—
1328 1354 31 15 —
1425 1354 6 2 $
1511 1354 27 2 —
1672 1342 2 32 |
1705 1340 31 19 14:
1749 1342 23 18 10)

1046 1432 52 21 1839
1117 1444 95 3 ==]
1511 1443 27 2 —
1617 1442 13 2 —
1672 1423 2 35 |
1704 1428 54 20 16:4

1357 1476 1 30 |

1045 1522 53 20 1939]
1121 1533 28 3 —
1161 1513 16 41 Il
1184 1533 27 2 —1
1237 1533 80 14 —]-
1328 1533 26 2 =
1403 1533 27 2 —
1522 1532 16 2 v
1616 1531 23 2 Hon
1704 1518 52 20 kuk0rA

1045 1611 53 21 1939]
1121 1623 28 2 —
1153 1602 28 43 I
1183 1622 28 3 —|
1237 1622 117 15 —l—1—
1416 1622 15 2 —
1532 1621 6 2 6
1611 1613 63 9 kopt)
1705 1607 52 20 0808

1315 1640 2 25 i

1043 1700 54 21 1939]
1127 1713 22 2 —
1160 1690 22 44 1
1184 1712 26 2 —
1237 1712 28 3 —l
1285 1711 69 3 1
1415 1711 16 2 —
1512 1710 26 3 5
1704 1696 52 21 18:
1738 1692 12 44 7

1357 1742 1 17 I

1044 1760 53 21 1939]
1121 1773 28 1 —
1155 1752 25 40 I
1183 1760 175 20 —]—]——)
1514 1770 23 2 2
1611 1769 27 2 Frun)
1701 1756 56 20 2088

1357 1789 1 27 |

1357 1823 1 21 |

1044 1849 105 20 10095
1237 1860 27 3 SR
1286 1848 72 31 Sn
1510 1859 27 2 —
1611 1858 27 2 —
1702 1845 55 20 20:
1741 1840 17 33 4

1356 1881 2 31 |

1043 1968 54 21 193890]
1120 1980 28 2 —
1157 1959 25 38 1
1183 1963 174 19 —I—I—1—
1402 1978 18 2 —-—
1518 1977 16 3 -
1619 1977 19 2 —
1672 1987 1 7 |
1702 1963 55 21 20:4

1042 2057 54 21 tä
1352 2043 44 45 RN
1530 2065 8 4 j
1702 2053 55 20 20:
1738 2039 22 43 5
