1791 2328
138 56 39 21 344

825 55 224 21 SAKREGISTER

173 279 8 15 £

171 398 10 15 3

159 874 23 15 10

158 1141 23 14 11

159 1200 23 15 12

159 1259 22 15 13

158 1348 24 15 14

158 1408 23 15 15

159 1467 23 15 16

159 1527 23 14 17

159 1586 24 15 18

159 1704 24 15 19

158 1765 25 15 20

157 1825 24 15 21

153 242 140 21 Folkskolor
301 248 31 15 m.
340 248 32 15 m.

200 273 40 21 RD
253 273 94 21 anvisar
358 273 35 20 till
404 272 82 26 bidrag
497 272 35 21 till
544 272 110 25 avlöning
665 272 23 20 åt
699 272 75 20 lärare
785 272 38 20 vid
835 271 130 21 folkskolor

200 303 42 21 412
252 302 42 21 700
304 302 41 21 000
357 303 35 20 kr.

200 333 40 20 RD
250 332 94 21 anvisar
353 332 35 21 till
398 332 292 25 försökskostnadsbidrag
700 331 41 21 140
750 332 42 20 000
802 332 34 20 kr.

200 392 40 21 RD
252 392 94 21 anvisar
356 392 36 21 till
403 392 144 25 studiehjälp
558 391 24 21 åt
592 392 75 20 elever
677 392 7 20 i
695 391 220 21 försöksdistrikten
928 391 9 20 1
950 391 40 20 100
1000 391 42 20 000

199 422 35 21 KP;

200 452 40 21 RD
256 452 94 20 anvisar
364 452 35 20 till
414 452 82 25 bidrag
509 452 35 20 till
559 451 155 21 hälsovården
728 451 38 21 vid
781 451 59 20 folk-
854 451 44 20 och
912 450 131 21 småskolor

201 482 63 20 1475
274 482 42 20 000
328 482 34 20 kr.

200 512 40 20 RD
256 512 94 20 anvisar
364 512 35 20 till
414 511 324 25 resekostnadsersättningar
752 511 23 21 åt
789 510 128 21 skollärare
931 511 38 20 vid
984 510 59 20 folk-

199 542 45 20 och
253 541 132 21 småskolor
394 542 27 20 65
431 542 42 20 000
483 541 35 21 kr.

201 571 40 20 RD
254 571 94 21 anvisar
360 571 35 21 till
407 571 82 25 bidrag
501 571 35 20 till
549 570 109 26 avlöning
670 570 24 21 åt
706 570 132 21 lärarinnor
850 570 7 20 i
869 569 174 26 hushållsgöro-

200 601 47 20 mål
256 601 39 20 vid
305 601 116 20 särskilda
431 601 113 20 anstalter
554 601 26 20 10
590 600 42 21 000
642 601 34 20 kr.

201 631 40 20 RD
255 631 94 20 anvisar
361 631 35 20 till
409 631 82 25 bidrag
503 630 35 21 till
552 630 109 25 avlöning
674 630 23 20 åt
710 630 75 20 lärare
798 629 37 21 för
847 630 38 20 vid
898 630 144 20 statsunder-

201 661 83 20 stödda
297 660 241 26 sjukvårdsanstalter
550 660 44 20 och
606 660 38 20 vid
657 660 62 20 vissa
731 659 114 21 barnhem
857 660 96 25 intagna
965 659 59 21 barn
1035 660 7 20 i

201 690 133 21 skolåldern
344 690 42 21 530
395 690 43 21 000
448 690 35 21 kr.

200 721 39 19 RD
257 720 93 20 anvisar
366 720 35 20 till
418 720 262 25 folkundervisningens
696 719 134 25 främjande
845 720 8 20 i
869 719 72 21 rikets
957 719 86 21 nordli-

200 751 64 24 gaste
274 750 133 25 gränsorter
417 756 30 14 m.
457 756 30 14 m.
497 750 42 20 250
548 750 42 20 000
601 749 34 20 kr.

201 780 39 20 RD
256 779 94 21 anvisar
364 780 35 20 till
414 779 82 26 bidrag
509 779 35 20 till
560 779 109 25 avlöning
683 779 24 20 åt
721 779 218 20 föreståndarinnor
953 779 43 20 och
1010 779 33 20 bi-

199 809 115 21 trädande
329 809 218 21 föreståndarinnor
562 809 43 20 och
620 809 138 21 biträdande
773 809 218 20 föreståndarinnor
1005 809 37 20 vid

200 839 147 21 folkskolans
357 839 106 20 skolhem
473 839 10 20 1
495 839 41 20 095
546 839 41 20 000
597 839 35 20 kr.

201 869 39 20 RD
255 869 94 20 anvisar
362 869 36 20 till
412 869 82 25 bidrag
507 869 35 20 till
556 868 180 25 inackordering
749 874 28 15 av
791 868 111 21 skolbarn
915 869 7 20 i
936 868 107 21 skolhem

200 899 56 20 eller
267 899 107 20 enskilda
385 899 54 20 hem
450 898 13 21 2
472 898 43 21 250
524 898 42 21 000
578 898 35 20 kr.
625 899 60 20 samt
696 898 124 25 medgiver,
832 899 34 20 att
876 899 38 19 vid
926 898 116 26 utgången

201 934 28 15 av
238 928 138 25 budgetåret
387 928 92 20 1953/54
489 928 129 25 förefintlig
629 928 142 20 reservation
781 928 13 20 å
804 928 38 20 det
852 929 78 20 senast
940 928 37 20 för
986 928 57 20 bud-

200 958 88 25 getåret
314 958 91 20 1947/48
430 958 112 20 anvisade
566 958 262 24 reservationsanslaget
852 958 35 20 till
913 957 130 21 folkskolor

200 994 30 14 m.
239 993 41 15 m.:
298 988 85 25 Bidrag
399 988 35 20 till
452 987 254 25 skolhemsbyggnader
721 987 44 20 och
782 988 67 20 deras
865 987 124 26 inredning
1005 987 38 21 må

200 1018 137 24 disponeras
350 1017 61 20 intill
423 1017 118 25 utgången
553 1023 29 14 av
593 1017 137 24 budgetåret
744 1017 101 23 1954/55;
858 1017 44 19 och
914 1017 77 20 avslår
1003 1017 39 20 RD

200 1046 115 21 motioner
327 1047 52 19 med
391 1046 105 25 yrkande
508 1047 34 19 att
553 1046 7 20 i
573 1046 113 20 samband
699 1046 51 21 med
763 1046 130 26 föreslagen
905 1046 138 20 kommuna-

200 1076 96 25 lisering
310 1082 28 14 av
353 1076 191 25 arbetsstugorna
558 1076 8 20 i
580 1076 69 20 Norr-
663 1076 44 20 och
721 1075 176 21 Västerbottens
912 1076 39 20 län
965 1076 78 20 veder-

200 1106 103 20 börande
312 1106 140 20 kommuner
462 1106 20 24 ej
494 1105 110 21 åsamkas
613 1105 75 21 ökade
697 1106 193 20 driftkostnader.

200 1135 40 20 RD
255 1135 94 20 anvisar
361 1136 35 19 till
410 1135 82 25 bidrag
504 1135 36 20 till
553 1136 152 20 anordnande
719 1141 28 14 av
760 1135 159 25 skolskjutsar
932 1135 37 20 för
982 1135 61 21 skol-

200 1165 98 25 pliktiga
307 1165 59 20 barn
376 1165 28 20 24
413 1165 42 20 000
465 1165 42 20 000
517 1165 35 20 kr.

200 1195 40 20 RD
254 1195 94 20 anvisar
361 1195 35 20 till
410 1194 82 25 bidrag
505 1195 35 20 till
554 1195 158 20 kostnaderna
726 1194 37 21 för
776 1194 226 22 tillhandahållande
1015 1201 28 15 av

200 1224 46 21 fria
256 1224 135 21 läroböcker
401 1230 30 14 m.
440 1230 31 15 m.
481 1224 12 21 9
503 1224 42 21 200
555 1224 41 21 000
606 1224 34 21 kr.

200 1254 40 20 RD
254 1254 93 20 anvisar
360 1254 35 20 till
407 1254 83 25 bidrag
502 1254 34 20 till
549 1254 62 20 vissa
624 1253 216 26 byggnadsarbeten
853 1254 27 21 59
889 1254 43 21 300
941 1254 42 21 000
996 1255 45 22 kr.;

200 1283 43 21 och
257 1284 63 25 giver
334 1284 39 20 RD
387 1284 8 20 i
408 1284 113 20 skrivelse
534 1283 35 21 till
583 1284 26 20 K.
623 1284 45 20 M:t
681 1284 116 20 tillkänna
810 1284 44 20 vad
868 1284 174 21 statsutskottet

200 1313 79 21 anfört
291 1314 44 19 rör.
346 1313 193 25 tillgodoseendet
550 1320 28 14 av
589 1313 240 21 folkskoleväsendets
840 1313 202 26 byggnadsbehov.

200 1342 39 21 RD
259 1343 94 21 anvisar
372 1343 35 20 till
426 1342 82 26 bidrag
526 1343 35 20 till
580 1343 63 21 vissa
662 1343 146 21 fullbordade
827 1343 215 26 byggnadsarbeten

200 1373 13 20 3
222 1373 42 20 000
274 1372 42 21 000
325 1373 35 20 kr.

200 1403 40 20 RD
258 1402 94 21 anvisar
368 1402 35 20 till
420 1402 203 26 byggnadsbidrag
640 1402 37 21 för
693 1402 63 21 vissa
772 1402 64 21 äldre
853 1402 190 26 undervisnings-

201 1432 89 21 lokaler
299 1432 42 21 500
351 1432 42 20 000
403 1432 35 20 kr.

201 1462 39 20 RD
255 1462 95 20 anvisar
363 1462 36 20 till
412 1461 153 26 hyresbidrag
578 1461 37 21 för
628 1462 271 25 undervisningslokaler
912 1468 30 15 m.
956 1469 30 14 m.

202 1492 9 19 1
223 1491 42 21 300
275 1491 42 21 000
327 1491 35 21 kr.

201 1521 39 20 RD
253 1521 94 20 anvisar
358 1521 35 21 till
404 1520 82 26 bidrag
497 1521 35 20 till
544 1521 286 25 undervisningsmateriel
841 1521 13 21 2
864 1521 42 21 800
915 1522 42 21 000
969 1522 34 21 kr.

201 1581 40 20 RD
251 1580 124 26 medgiver,
385 1581 34 20 att
428 1581 75 20 under
511 1580 137 26 budgetåret
659 1581 90 20 1954/55
759 1581 38 20 må
806 1581 98 25 beviljas
913 1581 129 26 byggnads-

200 1610 82 25 bidrag
299 1610 35 20 till
351 1610 198 25 tjänstebostäder
566 1610 37 21 för
620 1610 147 21 folkskolans
784 1611 75 21 lärare
876 1612 51 20 med
944 1611 98 25 tillhopa

200 1640 70 25 högst
282 1639 13 21 6
304 1640 41 20 000
355 1640 41 20 000
410 1640 34 20 kr.
457 1641 61 19 samt
530 1640 94 21 anvisar
635 1640 35 20 till
682 1640 203 26 byggnadsbidrag
897 1641 35 20 till
944 1641 98 25 tjänste-

200 1669 110 21 bostäder
319 1669 13 21 4
340 1669 42 21 800
393 1670 41 20 000
444 1669 34 21 kr.

201 1699 40 21 RD
256 1699 94 20 anvisar
364 1699 35 21 till
414 1699 210 26 övergångsbidrag
637 1700 36 20 till
687 1699 198 26 tjänstebostäder
899 1700 42 21 215
951 1700 42 22 000
1007 1701 34 20 kr.

202 1760 39 20 RD
254 1760 93 20 anvisar
358 1760 35 20 till
405 1760 82 25 bidrag
498 1760 35 20 till
546 1760 157 25 Skytteanska
714 1760 83 20 skolan
808 1760 8 20 i
827 1760 78 21 Tärna
916 1760 27 21 36
953 1760 42 21 500
1007 1761 34 20 kr.

201 1820 39 20 RD
255 1819 94 21 anvisar
363 1820 34 20 till
412 1820 152 20 anordnande
578 1826 29 14 av
620 1819 153 21 kombinerad
787 1820 197 25 korrespondens-
998 1820 43 21 och

200 1849 235 26 radioundervisning
443 1849 42 21 250
495 1849 41 21 000
546 1850 35 20 kr.

200 1904 39 20 RD
254 1904 63 25 giver
330 1904 8 20 i
352 1904 112 20 skrivelse
477 1904 35 20 till
527 1904 27 20 K.
568 1904 45 20 M:t
626 1903 116 21 tillkänna
755 1904 44 20 vad
813 1903 175 21 statsutskottet
1002 1909 39 15 an-

200 1933 47 21 fört
258 1934 8 20 i
279 1934 46 20 anl.
337 1939 29 15 av
377 1934 115 20 motioner
504 1939 38 14 om
553 1933 126 26 utredning
691 1939 28 14 av
730 1933 179 25 möjligheterna
921 1934 34 19 att
966 1933 74 25 bygga

198 1963 106 26 billigare
314 1963 85 21 skolor.

199 2023 40 20 RD
260 2022 94 21 anvisar
373 2022 36 21 till
429 2022 82 25 bidrag
530 2022 35 20 till
585 2022 110 25 avlöning
714 2022 24 20 åt
757 2022 76 21 lärare
852 2022 38 21 vid
910 2022 130 21 folkskolor

199 2053 41 20 447
250 2052 43 21 200
302 2052 42 21 000
358 2052 35 21 kr.
407 2053 61 20 samt
481 2052 77 20 avslår
571 2052 115 20 motioner
699 2058 38 14 om
750 2052 62 20 vissa
826 2052 215 25 förstärkningsan-

199 2083 134 25 ordningar.

1064 168 100 24 lp
1188 143 98 30 Motioner
1341 143 81 30 Utskott
1470 144 57 36 Skriv.
1575 143 102 29 Protokoll

1194 201 30 17 FK
1222 184 28 43 |
1257 201 32 17 AK
1312 199 86 19 |Smilavd]
1422 201 26 17 Nr
1453 184 28 43 |
1489 188 22 12 "7
1568 201 29 16 FK
1665 201 33 17 AK

1066 272 30 22 54)
1114 273 50 21 1:10]
1206 285 27 3 —I
1272 285 26 3 —I
1337 273 13 20 61
1372 285 26 3 —
1442 273 13 20 8
1508 273 64 21 8117:
1587 278 22 15 54
1638 273 71 21 |17:176

1121 308 34 15 226
1424 308 32 15 137

1067 331 30 22 54
1114 333 50 21 1:10]
1207 345 26 3 —1I
1255 333 41 20 135)
1337 333 13 20 6)
1372 345 26 2 —
1442 333 13 20 8
1508 333 63 20 8117:
1587 337 22 16 54
1637 333 72 20 117:176

1122 368 32 15 227
1424 367 32 16 137

1066 391 31 22 54
1114 393 51 21 1:10]
1207 404 26 3 —I
1272 404 26 3 —I
1337 393 13 20 6
1372 405 26 2 —
1442 393 13 20 8
1507 393 64 20 8117:
1587 397 21 16 54
1637 393 71 20 |17:176

1122 427 32 16 228
1424 427 33 16 140

1067 451 30 22 54)
1114 453 50 20 1:10]
1206 464 27 3 —I
1272 464 26 3 —I
1337 452 13 20 61
1372 464 26 3 —
1442 453 13 20 81
1507 452 64 21 8117:
1587 457 21 15 54
1637 453 72 20 |17:176

1122 476 34 36 229
1424 487 32 15 140

1067 511 30 21 54
1114 513 50 20 1:10]
1207 524 26 3 —I
1272 524 26 3 —I
1337 512 13 20 6)
1372 524 26 2 —I
1442 512 13 20 81
1507 512 64 21 8117:
1587 517 21 15 54
1637 512 72 21 117:176

1121 536 34 36 230
1424 547 32 15 140

1066 570 30 22 54)
1114 572 50 21 1:10]
1207 584 25 2 —I
1272 584 26 2 —I
1337 572 13 20 6
1372 583 26 3 —
1443 572 12 20 8
1507 572 64 20 8117:
1587 576 22 16 54
1637 572 72 21 |17:176

1121 607 32 15 231
1424 606 32 16 140

1066 630 30 22 54)
1114 632 50 21 1:10]
1206 643 27 3 —|
1272 643 26 3 —I
1337 632 13 20 6
1372 643 26 3 —
1442 632 13 20 81)
1508 632 63 20 8117:
1587 636 22 16 54
1637 632 72 20 |17:176

1121 666 34 16 232
1424 666 31 16 141

1066 720 30 22 54)
1113 722 51 20 1:10]
1206 733 26 3 —I
1272 733 26 3 —I
1337 721 13 21 6
1372 733 26 3 —
1442 721 13 21 8)
1508 721 63 21 8117:
1587 726 22 15 54
1637 722 72 20 I17:176

1121 756 34 15 233
1424 756 31 15 141

1066 780 30 21 54)
1114 782 50 20 1:10]
1206 793 27 3 —I
1272 793 26 3 —I
1337 781 13 20 6
1372 793 26 2 —-
1442 781 13 20 8
1508 781 64 20 8117:
1587 786 22 15 54
1637 782 72 20 |17:176

1121 816 34 15 234
1424 816 31 15 141

1066 869 30 22 541
1113 871 51 21 1:10]
1203 871 28 20 64]
1268 871 28 20 921
1337 871 13 20 6
1372 882 26 3 —
1442 871 13 20 8
1508 871 64 20 8117:
1587 875 22 16 54
1638 871 90 20 |17:176d

1121 895 34 36 235
1424 905 31 15 141

1066 1136 30 22 54)
1113 1138 51 21 1:10]
1206 1150 26 2 —I
1272 1150 26 3 —I
1337 1138 13 20 61
1372 1149 26 3 —
1442 1138 13 20 81)
1507 1138 64 20 8117:
1587 1142 22 15 54
1637 1138 72 20 |17:176

1121 1172 34 16 236
1424 1172 32 15 144

1066 1196 30 22 541
1113 1197 51 21 1:10]
1206 1209 26 3 —|
1272 1209 26 3 —I
1337 1198 13 20 6
1372 1209 26 3 —
1442 1198 13 19 81
1507 1197 64 20 8117:
1587 1201 21 16 54
1637 1197 72 20 |17:176

1121 1221 33 36 237
1424 1232 32 15 144

1066 1256 30 21 541
1113 1257 51 21 1:10]
1206 1269 26 3 —|
1268 1257 28 20 831
1337 1257 13 20 6
1372 1269 26 2 —
1442 1257 13 20 81
1507 1257 64 20 81/17:
1586 1257 142 20 s4dl17:177d

1121 1291 34 16 238
1424 1291 32 16 144

1066 1345 30 21 54)
1113 1347 50 20 1:10]
1206 1358 26 3 —I
1272 1358 26 3 —I
1337 1347 13 20 61
1372 1358 26 3 —
1442 1347 13 20 81
1507 1346 64 21 8117:
1587 1350 21 16 56
1637 1346 72 20 |17:178

1121 1381 33 15 239
1424 1381 32 15 146

1066 1404 30 22 54)
1113 1406 50 21 1:10]
1206 1418 26 3 —I|
1272 1418 26 3 —I
1337 1406 13 20 6
1372 1418 26 2 —
1442 1406 13 20 81
1507 1406 65 20 8117:
1587 1410 21 16 56
1637 1406 72 20 |17:178

1121 1440 34 16 240
1424 1440 32 16 146

1066 1464 30 22 54
1113 1466 51 20 1:10]
1206 1477 26 3 —I
1271 1478 27 2 —I
1337 1466 13 20 61
1371 1477 27 3 —
1442 1466 13 20 8)
1507 1466 64 20 8117:
1586 1470 22 15 56
1637 1465 71 21 |17:178

1121 1500 32 15 241
1424 1500 32 15 147

1065 1523 31 22 54
1113 1525 51 21 1:10l
1206 1537 26 3 —I
1271 1537 26 3 —I
1336 1525 13 20 61
1372 1537 25 2 —
1442 1525 13 20 81)
1507 1525 64 20 8117:
1586 1529 22 16 56
1636 1525 73 20 |17:178

1121 1560 33 15 242
1423 1560 33 15 147

1065 1583 31 22 54
1113 1585 50 21 1:10]
1206 1597 26 2 —I
1271 1596 27 3 —I
1336 1585 13 20 6
1371 1596 26 3 —
1442 1585 13 20 81
1507 1585 64 20 8117:
1586 1589 22 15 56
1637 1584 72 21 |17:178

1120 1619 34 16 243
1423 1619 33 15 147

1065 1702 30 22 54)
1112 1704 51 21 1:10]
1205 1716 27 3 —I
1270 1715 27 4 —I
1336 1704 13 20 6
1371 1715 26 3 —
1442 1704 13 20 81)
1507 1704 64 20 8117:
1586 1708 22 16 56
1637 1704 72 20 |17:178

1120 1738 34 16 244
1423 1738 32 16 147

1065 1762 30 22 54
1112 1764 51 20 1:10]
1205 1775 27 3 —I
1270 1775 27 3 —I
1336 1764 13 20 6
1371 1775 26 3 —
1442 1764 13 20 81
1507 1763 64 21 8117:
1586 1768 22 15 56
1637 1763 71 20 |17:178

1120 1798 34 15 245
1423 1798 32 15 147

1064 1821 31 22 54
1112 1823 50 21 1:10]
1205 1835 26 3 —I
1270 1835 26 3 —I
1335 1823 13 20 61
1371 1835 26 3 —)]
1442 1824 13 19 8)
1507 1823 64 20 8117:
1586 1827 21 16 56
1636 1823 72 20 |17:178

1119 1858 34 15 246
1423 1858 32 15 147

1064 1904 30 22 54
1136 1917 27 3 —I
1201 1906 94 21 95|214]
1335 1907 13 20 6
1370 1906 200 21 —I'1661380130:
1587 1911 21 15 13
1635 1907 36 20 130:
1687 1911 22 15 50

1063 2023 29 22 55
1111 2025 183 21 1:1013111339]
1334 2025 13 20 6)
1370 2037 26 3 —I
1426 2025 144 21 561158112:
1586 2025 122 21 7z4d/12:118

1119 2059 33 16 236
1433 2060 22 15 26
