1855 2356
772 151 222 16 SAKREGISTER

1645 150 40 19 685

100 442 129 26 Inteckning.

100 473 10 17 3
126 471 42 20 RD
178 473 91 25 antager
279 472 33 20 för
322 472 31 20 sin
365 472 33 20 del
409 472 79 26 förslag
499 472 31 20 till
541 472 34 26 lag
585 478 48 20 ang.
646 472 145 26 upphävande
801 478 27 14 av
839 472 98 25 gällande

140 501 163 20 bestämmelser
320 508 34 13 om
372 502 107 26 förnyelse
496 508 27 14 av
540 502 132 26 inteckning,
690 502 34 26 lag
740 507 49 21 ang.
806 502 131 26 anteckning

139 537 36 13 om
185 531 95 20 innehav
289 537 29 14 av
328 531 212 27 fordringshandling
550 532 26 26 på
587 532 69 26 grund
666 538 69 14 varav
744 531 126 27 inteckning
879 531 59 20 med-

140 560 69 21 delats
221 561 6 19 i
239 561 44 20 fast
294 562 112 24 egendom,
419 561 34 25 lag
464 567 49 20 ang.
525 562 92 25 ändring
628 562 6 19 i
645 561 57 20 vissa
714 561 59 20 delar
784 567 28 14 av
823 561 62 26 lagen
896 561 41 20 den

142 590 24 19 14
178 590 48 26 juni
241 590 53 20 1907
308 590 34 26 (nr
355 591 26 19 36
395 597 16 13 s.
426 591 35 25 31)
475 597 35 13 om
524 591 125 25 inteckning
662 591 6 19 i
681 592 104 19 tomträtt
799 591 38 19 och
851 592 87 18 vatten-

140 619 101 24 fallsrätt,
255 620 33 26 lag
300 626 49 20 ang.
362 620 92 26 ändring
466 621 6 19 i
483 620 58 20 vissa
553 621 59 19 delar
623 627 28 13 av
662 621 62 25 lagen
736 621 41 19 den
792 620 24 19 10
827 620 43 26 maj
885 620 49 20 1901

140 649 34 25 (nr
184 650 26 19 26
221 656 16 13 s.
250 650 19 25 1)
280 656 35 13 om
326 650 126 26 inteckning
462 650 6 20 i
478 651 79 25 fartyg,
569 651 34 25 lag
613 656 35 14 om
660 650 73 26 tillägg
742 650 33 20 till
786 650 151 26 förordningen

140 679 41 20 den
200 679 24 20 13
240 680 55 25 april
313 680 52 20 1883
381 680 35 25 (nr
433 680 24 19 16
474 686 15 14 s.
508 680 20 25 1)
544 686 49 20 ang.
610 680 212 26 förlagsinteckning,
839 680 34 26 lag
889 685 48 20 ang.

141 709 73 26 tillägg
229 709 32 20 till
275 709 61 26 lagen
351 710 41 19 den
407 710 12 19 3
432 710 48 25 juni
496 710 52 20 1932
562 710 34 25 (nr
612 710 47 25 171)
673 716 35 13 om
722 710 126 25 inteckning
861 710 6 19 i
880 710 58 25 jord-

141 739 206 23 bruksinventarier,
364 740 33 25 lag
412 745 48 20 ang.
476 740 92 26 ändring
583 740 6 19 i
604 740 57 19 vissa
677 740 59 19 delar
750 746 27 13 av
793 740 61 25 lagen
870 740 40 19 den
925 739 13 20 8

140 768 54 26 april
209 769 52 19 1927
274 769 35 25 (nr
320 769 36 25 85)
369 775 35 14 om
418 769 99 20 dödande
530 775 28 14 av
570 769 136 20 förkommen
720 769 109 26 handling,
842 769 35 26 lag
889 774 48 21 ang.

140 798 83 20 ändrad
238 799 80 25 lydelse
332 805 27 13 av
373 800 9 23 $
396 799 12 19 3
422 799 152 26 förordningen
589 800 40 19 den
643 799 12 19 4
669 805 57 14 mars
742 799 51 20 1862
807 799 34 25 (nr
856 799 33 25 10)
903 805 35 14 om

142 828 76 26 tioårig
236 828 143 26 preskription
396 829 40 19 och
453 835 34 13 om
504 829 86 19 kallelse
607 830 11 19 å
635 829 86 20 okända
738 829 128 25 borgenärer
881 830 57 18 samt

141 858 33 26 lag
185 864 49 19 ang.
246 858 82 20 ändrad
341 858 80 26 lydelse
432 865 27 13 av
470 859 13 19 2
493 859 10 24 $
514 859 61 25 lagen
587 859 41 19 den
639 859 25 19 27
675 859 47 25 juni
735 859 50 19 1924
798 859 34 23 (nr
842 858 50 25 322)
903 864 34 14 om

140 888 54 19 vård
211 893 27 14 av
255 888 114 26 omyndigs
384 888 204 26 värdehandlingar.

101 949 10 17 4
126 947 40 19 Till
177 947 121 26 ersättning
309 948 32 19 för
352 948 93 19 förlorad
456 948 57 20 lösen
525 948 6 19 i
541 948 53 25 följd
606 954 27 14 av
643 948 295 26 inteckningsförnyelsernas

140 977 144 20 avskaffande
300 978 87 19 anvisas
403 979 32 18 ett
451 979 61 18 extra
528 978 75 25 anslag
618 984 27 13 av
662 978 40 19 270
711 977 40 20 000
767 978 31 19 kr.

126 1036 42 19 RD
185 1036 84 20 bifaller
284 1043 60 20 prop.
361 1037 48 20 med
425 1037 79 26 förslag
520 1037 30 19 till
567 1038 33 25 lag
615 1043 34 13 om
665 1037 83 20 ändrad
764 1037 80 26 lydelse
859 1043 27 14 av
904 1037 7 19 1
929 1038 9 23 $

140 1066 152 26 förordningen
306 1067 40 19 den
362 1067 22 19 13
396 1067 55 26 april
465 1067 51 20 1883
528 1067 34 26 (nr
576 1067 23 19 16
611 1073 15 14 s.
642 1067 18 25 1)
672 1073 48 19 ang.
732 1066 206 27 förlagsinteckning

139 1095 158 26 (innebärande
317 1098 34 18 att
371 1096 83 23 hotell-,
475 1097 124 26 pensionat-
619 1097 39 19 och
679 1096 260 25 restauranginventarier

140 1125 29 20 bli
185 1125 90 20 föremål
292 1126 32 19 för
340 1126 221 26 förlagsinteckning).

103 1206 4 16 1
126 1200 88 23 Ändrad
230 1204 80 25 lydelse
325 1210 27 13 av
366 1205 4 17 35
407 1205 9 23 $
430 1204 152 26 förordningen
597 1210 48 20 ang.
661 1204 125 26 inteckning
801 1204 4 20 i
820 1204 41 20 fast
877 1209 61 20 egen-

140 1233 57 22 dom;
214 1240 21 12 se
250 1233 178 26 Lagsökningslag
444 1233 78 26 (1937).

100 1289 9 17 2
126 1283 88 24 Ändrad
230 1287 80 26 lydelse
325 1294 28 13 av
368 1288 26 19 55
409 1289 9 22 $
433 1288 12 19 2
460 1288 84 26 stycket
561 1288 152 26 förordningen
729 1294 47 19 ang.
793 1288 125 25 inteckning
933 1288 5 19 i

139 1317 40 19 fast
199 1317 112 25 egendom;
328 1323 21 14 se
368 1317 92 26 Delning
476 1324 24 13 av
515 1318 47 25 jord
577 1318 70 26 (1937:
661 1318 24 25 1).

126 1370 41 20 RD
181 1372 91 24 antager
284 1371 34 26 lag
331 1377 35 13 om
379 1371 83 20 ändrad
476 1372 80 25 lydelse
569 1378 28 13 av
610 1372 61 25 lagen
685 1372 41 19 den
742 1371 23 20 15
777 1371 47 26 juni
839 1371 52 20 1934
904 1371 34 25 (nr

139 1400 49 25 255)
201 1406 48 20 ang.
263 1401 133 25 anteckning
409 1407 35 13 om
456 1401 95 20 innehav
564 1408 27 13 av
604 1401 212 26 fordringshandling
828 1401 27 26 på
868 1401 69 26 grund

139 1436 68 13 varav
219 1430 126 26 inteckning
358 1430 101 26 beviljats
472 1431 5 19 i
489 1431 43 19 fast
544 1431 104 25 egendom
660 1437 28 13 m.
699 1437 36 15 m.,
748 1431 34 26 lag
793 1436 48 21 ang.
854 1431 83 20 ändrad

140 1460 79 25 lydelse
233 1466 27 13 av
274 1460 12 19 9
296 1466 12 14 a
322 1461 9 23 $
345 1460 61 26 lagen
420 1460 41 20 den
477 1461 22 19 14
513 1461 48 25 juni
576 1460 52 20 1907
642 1463 34 23 (nr
689 1461 26 19 36
728 1467 16 13 s.
758 1461 35 25 31)
807 1467 35 13 om
856 1460 82 20 inteck-

140 1489 51 25 ning
207 1489 5 20 i
230 1491 101 18 tomträtt
348 1490 39 19 och
403 1490 181 23 vattenfallsrätt,
601 1491 34 25 lag
650 1496 48 20 ang.
715 1491 83 19 ändrad
814 1490 81 26 lydelse
910 1496 27 14 av

141 1519 24 19 17
175 1525 12 14 a
199 1520 9 24 $
221 1519 61 26 lagen
295 1520 40 19 den
351 1520 24 19 10
386 1520 43 25 maj
445 1520 49 19 1901
509 1520 35 26 (nr
555 1521 26 19 26
593 1526 16 14 s.
623 1520 20 25 1)
655 1526 35 14 om
702 1520 126 26 inteckning
840 1520 6 19 i
857 1520 80 26 fartyg,

140 1548 34 26 lag
189 1555 35 13 om
239 1549 83 20 ändrad
339 1549 79 26 lydelse
433 1555 28 14 av
476 1550 34 20 8a
525 1550 9 24 $
549 1550 152 26 förordningen
718 1550 41 19 den
776 1550 24 19 13
815 1550 54 25 april
886 1549 51 20 1883

139 1579 35 24 (nr
192 1579 23 19 16
232 1585 16 13 s.
268 1579 18 25 1)
303 1585 48 19 ang.
369 1579 212 26 förlagsinteckning,
599 1580 34 25 lag
649 1585 48 20 ang.
714 1580 82 20 ändrad
814 1579 80 26 lydelse
910 1586 27 13 av

140 1608 32 20 7a
187 1610 9 22 $
210 1608 61 26 lagen
286 1609 40 19 den
341 1609 12 18 3
366 1609 47 26 juni
429 1609 52 20 1932
495 1609 35 26 (nr
544 1610 48 23 171)
606 1616 34 13 om
655 1610 125 25 inteckning
794 1609 5 20 i
812 1609 126 26 jordbruks-

139 1638 139 23 inventarier,
291 1639 34 25 lag
337 1644 48 20 ang.
399 1639 83 20 ändrad
495 1639 80 26 lydelse
588 1645 27 14 av
627 1640 13 19 9
652 1640 9 24 $
673 1640 61 25 lagen
748 1640 40 19 den
801 1640 12 19 3
825 1639 47 26 juni
886 1639 52 20 1932

139 1669 34 22 (nr
194 1668 46 26 170)
258 1669 50 19 med
326 1669 105 19 särskilda
449 1669 163 20 bestämmelser
630 1675 34 14 om
684 1669 160 26 handläggning
861 1675 28 14 av
907 1669 31 20 in-

138 1697 218 27 skrivningsärenden
376 1700 57 18 samt
451 1699 35 25 lag
504 1705 48 19 ang.
571 1700 83 19 ändrad
674 1699 80 26 lydelse
772 1705 28 14 av
820 1699 38 19 103
876 1701 10 23 $
905 1701 33 18 ut-

138 1727 173 27 sökningslagen.

167 1764 21 15 Se
202 1764 34 16 ock
249 1764 140 20 Apoteksväsen
403 1765 59 19 (1938:
473 1764 22 20 1);
510 1765 79 20 Delning
603 1770 20 11 av
637 1765 40 20 jord
688 1765 58 19 (1937:
757 1765 22 19 1);
789 1765 148 20 Fartygsinteck-

142 1788 51 19 ning;
212 1788 43 15 Fast
272 1788 91 20 egendom
376 1788 68 20 (1933);
462 1789 178 19 Fastighetsböcker;
658 1789 191 20 Förlagsinteckning;
867 1789 72 16 Gruvor

142 1811 41 18 (193
248 1812 51 16 1939:
308 1812 24 19 7);
358 1812 158 20 Inskrivningsfel;
542 1813 216 19 Inskrivningsärenden:
782 1813 155 20 Lagsökningslag

142 1836 68 18 (1937);
233 1836 117 20 Sjörättsmål
363 1836 67 20 (1937);
445 1836 140 20 Stämpelavgift
599 1837 58 17 (1936:

98 1878 331 25 INTECKNINGSDÖDANDE.

125 1912 41 20 RD
184 1912 110 26 medgiver
312 1913 83 26 partiell
413 1913 95 26 dödning
520 1919 27 14 av
562 1914 126 25 inteckning
701 1914 4 19 i
718 1914 130 25 fastigheten
861 1914 75 20 Liden.

95 1961 374 30 INTECKNINGSFÖRNYELSER;
499 1973 21 14 se

125 1995 59 20 1937:
200 1999 14 18 1;
232 1996 59 20 1938:
306 1998 15 21 1;
340 1997 58 19 1939:

551 1968 122 24 Ersättning
702 1968 70 25 (1935:
785 1970 16 21 3;
835 1968 57 19 1936:
909 1970 27 21 10;

412 1999 15 19 2;
445 1997 59 19 1940:
518 1999 25 21 6);
563 1997 193 25 Fastighetsböcker;
776 1997 128 25 Inteckning.

96 2049 322 22 INTENDENTURFORDON:
433 2056 21 14 se
470 2050 77 20 Armén
563 2051 70 22 (1931:
647 2052 39 24 23).

1221 224 107 29 Utskotts-
1400 228 55 16 Riks-

1016 254 56 18 Kungl.|
1126 276 3 4 :
1220 252 117 32 utlåtanden,
1393 253 69 32 dagens
1521 246 117 34 SERIeArR

1019 284 53 18 Maj:ts]
1085 276 92 16 Motioner
1203 288 96 16 memorial
1312 288 43 16 sier
1404 288 37 16 skri
1513 276 139 20 förhandlingar

965 308 25 20 År
1019 317 50 14 Iprop:r
1214 317 131 17 betänkanden
1351 307 28 36 |
1396 318 60 16 velser
1537 305 88 21 (ProEne)

1027 344 36 14 eller
1206 364 4 4 -
1599 353 78 2 RA

1018 373 102 27 ekrivillgg
1137 383 36 17 [AR
1194 379 16 43 ä
1236 378 15 25 7
1256 374 22 33 |
1276 383 90 17 Nummer|
1383 384 90 16 Nummer
1495 372 70 40 Snog
1597 371 69 41 RE

1130 442 2 21 |
1226 439 43 31 ped

957 473 51 20 1934]
1027 473 38 20 100]
1095 472 37 15 —]|
1203 472 24 35 91
1245 473 24 27 1]
1317 473 26 20 50
1409 474 41 19 270
1485 474 33 19 135:
1530 476 24 16 74
1586 473 33 20 137:
1630 475 24 17 79
1666 473 12 20 d

1130 506 1 16 I
1226 508 1 24 I
1267 502 2 8 I
1581 512 1 36 |

1130 530 2 14 |
1226 536 1 9 |

1130 549 2 4 |
1226 547 1 15 |
1581 549 1 23 |

1130 563 1 5 I
1226 564 1 9 |

1226 606 1 19 |
1581 598 1 33 |

1226 627 1 87 |
1268 692 1 14 |
1581 693 1 19 I

1268 707 1 11 I

1226 717 43 19 -
1581 715 1 14 I

1131 777 1 16 |
1268 771 1 13 Sd

1131 795 1 22 I
1226 792 1 27 |
1582 800 1 22 |

1226 860 1 17 |
1582 867 1 16 |

958 948 51 20 19341
1028 949 34 19 1011
1102 949 30 20 74]
1149 961 3 1 -
1203 948 52 21 6:
1306 949 38 19 118
1410 948 40 20 303
1486 949 32 20 135:
1530 951 24 17 74
1565 950 54 20 d/37:
1631 952 24 17 76
1666 950 13 20 d

958 1037 51 20 19351
1027 1038 39 20 157
1203 1034 50 24 9/1
1318 1038 26 19 39
1412 1038 36 19 161,
1486 1039 133 27 120:171--120:
1633 1041 36 18 109

1581 1150 2 18 I

1581 1255 1 18 I

958 1371 51 20 1939)
1040 1361 92 32 Sn
1337 1373 4 18 1
1424 1372 26 19 30
1499 1373 41 19 |9:8
1600 1373 54 19 9:14

1131 1406 1 30 |
1268 1424 1 19 |

1268 1448 1 26 |

1131 1472 1 10 I
1268 1476 1 13 I

1131 1488 1 70 |
1226 1517 1 3 |
1581 1519 2 12 |

1581 1544 1 11 I

1131 1559 1 16 |
1581 1557 2 20 I

1131 1637 1 21 I
1268 1650 1 5 I

1131 1665 1 15 I
1268 1657 1 10 I

1131 1692 1 11 I
1267 1691 2 7 I
1581 1690 2 16 I

1131 1704 1 38 |
1267 1712 1 20 |
1581 1711 2 13 |

1131 1744 1 39 |
1267 1734 1 63 |
1581 1747 2 21 |

1581 1770 2 9 |

1131 1784 1 35 |
1581 1782 1 16 I

1267 1799 1 13 |
1581 1800 1 12 I

1131 1820 1 15 |
1267 1815 1 25 |
1581 1815 1 37 |

955 1913 53 20 1932]
1028 1914 35 20 154
1166 1902 95 31 -I10/—]
1317 1915 26 19 34
1356 1898 33 51 |
1412 1916 38 18 139
1486 1916 66 18 29:12
1581 1915 74 30 31:72

1581 1954 2 26 |

1131 2029 1 19 |
1268 2019 1 26 |

1131 2049 1 27 |
