1863 2362
898 159 136 15 SAKREGISTER

1053 251 23 145 IBSTLPsAIA

1111 298 17 105 198[9ALLIS
1111 239 17 47 19][9

1130 369 17 54 "doad
1130 297 22 65 s:le
1130 222 22 70 uns

1168 276 95 17 Motioner

1326 247 95 17 Utskotts-

1314 277 112 17 utlåtanden

1291 306 46 18 eller
1350 307 98 17 memorial

1493 230 54 17 Riks-

1484 259 71 23 dagens

1498 290 46 17 skri-

1490 319 62 18 velser

1613 260 118 18 Kamrarnas

1598 290 146 23 förhandlingar

1492 384 17 28 IN

1540 376 17 44 BpIS

1668 363 1 3 |
1687 371 66 31 Andra

1668 414 1 18 |
1684 395 70 31 kamm.

1586 374 67 18 Första

1582 398 71 18 kamm.

183 436 177 27 Beskickningar
376 436 36 21 och
428 436 106 21 konsulat.

170 471 25 16 20
212 466 42 21 Till
278 467 118 26 ersättning
418 467 33 20 för
474 464 151 24 kursförluster
643 468 22 20 åt
681 468 208 25 befattningshavare
905 468 59 20 inom
980 467 41 21 den

227 498 56 25 yttre
299 497 195 26 representationen
509 504 29 13 m.
555 504 28 13 m.
602 497 88 27 beviljas
706 498 13 20 å
734 498 127 25 tilläggsstat
876 498 33 20 för
925 498 23 20 år
965 497 55 20 1921

228 528 30 19 ett
273 527 165 26 förslagsanslag
453 534 26 13 av
496 527 77 20 30000
589 527 30 20 kr.

169 585 24 16 21
212 580 42 20 Till
270 581 57 20 vissa
342 581 218 26 reparationsarbeten
574 582 12 19 å
597 581 214 26 beskickningshuset
822 582 7 19 i
840 581 181 27 Konstantinopel

227 617 28 14 m.
273 617 28 13 m.
319 611 84 20 anvisas
419 611 12 19 å
447 611 127 26 tilläggsstat
584 611 33 20 för
627 612 23 19 år
662 611 53 20 1921
730 612 30 19 ett
770 611 170 27 förslagsanslag,
952 612 69 25 högst,

1037 468 9 20 FR

1051 468 11 20 Se

1065 468 12 20 ND

1081 468 10 20 -—

1440 589 24 15 63

1485 440 72 51 ue

1485 583 12 20 3
1506 583 51 21 Bl54

1588 471 33 20 42:
1633 476 24 16 741
1690 472 33 20 53:
1735 477 24 16 67

1691 586 32 20 53:
1735 590 23 17 67

228 640 27 21 40
266 640 42 20 000
327 641 30 20 kr.

170 699 24 16 22
212 694 43 20 Till
278 694 84 20 förvärv
386 701 26 14 av
432 696 30 19 ett
481 695 192 26 beskickningshbus
689 695 7 20 i
712 695 90 21 London
818 703 29 12 m.
864 702 28 13 m.
910 695 84 21 anvisas
1010 696 12 19 å|
1054 690 8 36 >»

227 724 128 26 tilläggsstat
373 725 33 20 för
424 725 22 20 år
466 724 54 21 1921
538 727 30 18 ett
584 725 214 26 reservationsanslag
813 732 26 13 av
858 725 62 20 1150
932 725 42 20 000
991 725 30 20 kr.

1482 697 40 21 136
1582 698 33 20 25:
1627 698 40 21 40d/
1684 699 33 20 30:
1730 699 39 21 17d

169 783 25 16 23
213 778 50 21 Som
286 778 118 26 ersättning
427 779 21 20 åt
471 780 94 25 envoyén
591 779 32 20 W.
640 780 25 19 A.
682 780 22 19 F.
723 779 123 26 Ekengrens
870 779 99 20 stärbhus
989 779 33 20 för

228 808 68 21 ökade
312 808 201 21 kontorskostnader
527 809 36 20 vid
574 809 166 26 beskickningen
751 809 7 20 i
770 809 141 26 Washington
922 809 34 20 till
967 809 54 26 följd

227 845 26 14 av
276 838 68 26 kriget
365 839 85 20 anvisas
473 840 12 19 å
502 839 127 26 tilläggsstat
644 839 33 20 för
693 840 22 19 år
732 839 55 20 1921
805 841 30 18 ett
851 839 169 26 förslagsanslag,

227 869 68 25 högst,
314 868 26 20 12
350 868 42 20 000
408 869 31 20 kr.

213 917 53 25 Ang.
278 916 85 20 förvärv
377 923 26 13 av
415 917 191 26 beskickningshus
618 917 6 20 i
636 917 99 24 London;
752 923 22 14 se
784 914 182 29 Anmärkningar
978 919 44 18 mot

228 946 119 21 ledamöter
362 947 7 19 i
385 946 114 21 statsrådet
514 945 35 28 (2).

185 1004 8 16 1
212 1000 38 20 RD
266 1000 101 24 besluter,
387 1002 32 18 att
437 1000 143 26 ortstilläggen
596 1001 33 20 för
645 1000 138 21 sändebuden
799 1001 7 19 i
822 1000 144 27 Köpenhamn
982 1001 39 19 och

227 1030 135 25 Helsingfors
381 1030 25 20 fr.
423 1037 18 13 o.
459 1037 27 13 m.
505 1030 41 20 den
562 1030 103 27 tidpunkt
680 1030 68 20 under
763 1031 23 19 år
805 1030 63 25 1923,
885 1030 27 20 då
928 1030 26 20 de
970 1030 52 26 tagit

228 1059 46 20 sina
297 1059 120 26 respektive
440 1059 192 26 beskickningshus
655 1060 6 20 i
681 1060 132 26 disposition,
838 1061 36 19 må
899 1061 51 25 utgå
973 1060 49 20 med

163 1088 1 30 |
229 1089 27 20 10
265 1089 43 20 800
324 1089 31 20 kr.
380 1089 33 20 för
436 1089 48 20 dem
504 1089 95 24 vardera;
620 1090 39 20 och
676 1090 135 24 bestämmes,
829 1091 31 19 att
875 1090 47 19 från
939 1096 83 14 samma

163 1120 1 24 |
227 1119 103 26 tidpunkt
338 1120 23 19 år
371 1119 55 20 1923
434 1119 55 20 skall
497 1119 33 20 till
539 1119 133 21 sändebudet
681 1120 6 19 i
697 1119 133 26 Helsingfors
842 1120 50 25 utgå
903 1121 30 18 ett
944 1119 78 26 belopp

228 1155 26 14 av
270 1149 12 20 3
293 1148 42 21 000
351 1149 31 20 kr.
399 1149 39 20 och
454 1149 34 20 till
504 1149 133 21 sändebudet
653 1149 6 20 i
671 1149 142 26 Köpenhamn
832 1149 62 20 1500
906 1149 30 20 kr.
951 1150 70 19 såsom

227 1179 117 26 ersättning
366 1179 32 20 för
417 1179 159 26 uppvärmning
591 1179 39 20 och
647 1179 112 27 belysning
774 1186 26 13 av
816 1179 157 20 vederbörande
989 1179 32 20 be-

227 1208 176 27 skickningshus;
426 1209 39 20 och
481 1209 102 26 uppföres
600 1209 48 20 med
664 1209 156 26 godkännande
835 1216 25 13 av
871 1209 98 26 gällande
980 1211 43 18 stat

227 1239 33 19 för
284 1239 164 26 beskickningar
471 1239 39 20 och
527 1239 100 20 konsulat
642 1239 7 20 i
666 1239 103 20 avseende
785 1240 13 19 å
813 1239 59 20 tiden
890 1239 10 19 1
917 1239 105 26 jan.—30

226 1269 48 26 juni
299 1268 56 21 1923
375 1268 36 21 det
427 1269 43 20 ord.
487 1269 185 26 förslagsanslaget
687 1269 164 26 beskickningar
866 1269 40 20 och
922 1269 101 20 konsulat

227 1298 33 20 för
275 1305 83 14 samma
374 1299 32 20 tid
422 1299 50 20 med
488 1301 30 18 ett
535 1299 77 27 belopp
628 1305 26 14 av
665 1298 42 21 850
717 1298 42 21 000
771 1299 38 23 kr.;
822 1299 39 20 och
873 1298 94 21 besluter
977 1299 44 24 RD,

227 1330 32 18 att
282 1328 36 21 det
341 1328 54 21 skall
419 1329 68 25 åligga
506 1329 117 24 sändebud,
640 1329 163 26 generalkonsul
819 1329 39 20 och
874 1328 84 25 konsul,
976 1335 45 14 som

228 1359 104 26 tjänstgör
355 1359 59 20 inom
438 1359 92 26 Europa,
551 1360 31 19 att
597 1359 67 20 minst
679 1365 25 13 en
721 1359 54 26 gång
791 1360 112 19 vartannat
919 1359 28 24 år,
964 1359 7 19 i
987 1365 34 13 an-

228 1388 96 26 slutning
339 1389 34 20 till
388 1390 108 23 semester,
513 1395 45 14 som
575 1389 90 26 beviljas
682 1389 86 24 honom,
785 1388 68 20 under
868 1389 62 25 högst
946 1388 28 20 14
988 1388 33 20 da-

228 1425 43 19 gar,
287 1420 46 18 mot
348 1418 127 27 åtnjutande
492 1425 25 14 av
533 1419 118 25 ersättning
667 1419 32 19 för
710 1418 71 27 biljett
792 1419 47 19 från
850 1418 39 20 och
903 1418 33 20 till
947 1418 74 26 tjänst-

228 1448 144 26 göringsorten
395 1448 39 20 och
451 1449 7 19 i
474 1449 68 25 övrigt
565 1449 28 26 på
616 1448 26 20 de
658 1448 83 24 villkor,
758 1455 46 13 som
821 1448 32 20 för
869 1450 101 18 semester
986 1450 36 18 äro

228 1477 108 27 stadgade,
352 1478 62 20 ställa
425 1478 33 26 sig
468 1478 33 20 till
512 1478 123 20 ministerns
646 1478 32 20 för
689 1478 80 20 utrikes
780 1477 107 21 ärendena
897 1477 124 26 förfogande

228 1508 33 19 för
276 1508 140 26 tjänstgöring
432 1508 6 20 i
455 1508 252 26 utrikesdepartementet
723 1508 51 20 eller
790 1507 131 24 annorledes,
939 1508 27 25 på
980 1509 42 19 sätt

229 1537 112 21 ministern
356 1539 37 19 må
408 1538 123 20 föreskriva.

186 1596 9 14 2
214 1591 49 20 Med
286 1591 135 20 förklarande
445 1593 31 18 att
494 1591 95 26 anslaget
605 1598 60 13 avser
681 1591 134 20 bestridande
831 1597 26 14 av
873 1590 99 26 avlöning
988 1591 33 20 till

228 1620 96 27 följande
340 1623 59 18 extra
416 1621 218 26 befattningshavare:
652 1621 12 19 3
676 1620 111 21 sändebud
798 1628 26 13 av
835 1621 57 26 lägre
904 1620 117 26 avlönings-

228 1650 57 26 grad,
309 1651 12 19 2
338 1651 191 25 generalkonsuler,
551 1651 9 20 1
578 1651 84 23 konsul,
680 1651 13 19 4
708 1651 65 20 förste
789 1650 232 26 legationssekreterare

228 1681 40 19 och
288 1680 12 20 3
317 1681 119 24 kanslister,
461 1683 56 18 samt
540 1681 221 25 vikariatsersättning
784 1681 39 20 och
847 1680 118 26 ortstillägg
988 1680 33 21 till

228 1716 84 14 samma
327 1711 103 26 personal,
447 1712 101 19 ävensom
565 1711 49 20 med
630 1710 155 26 godkännande
800 1717 25 13 av
837 1711 53 20 visst
899 1710 79 26 förslag
988 1710 33 20 till

229 1741 42 19 stat
293 1741 33 19 för
349 1741 117 26 ortstillägg
489 1741 33 19 för
540 1741 43 20 viss
599 1742 60 19 extra
675 1740 97 26 personal
789 1740 6 20 i
811 1740 210 26 utrikesrepresenta-

229 1770 72 20 tionen
317 1771 84 19 anvisar
416 1771 37 19 RD
469 1770 34 21 till
518 1770 93 21 arvoden
627 1771 39 20 och
683 1770 117 26 ortstillägg
816 1771 22 19 åt
853 1770 43 20 viss
907 1772 59 18 extra
977 1777 44 19 per-

165 1805 1 34 |
229 1800 60 20 sonal
305 1800 7 20 i
328 1801 275 25 utrikesrepresentationen
620 1801 13 19 å
643 1802 60 18 extra
719 1802 42 18 stat
776 1800 33 20 för
824 1800 59 20 tiden
896 1799 10 20 1
918 1800 103 26 jan.—30

228 1830 47 26 juni
293 1830 56 20 1923
366 1832 31 18 ett
411 1830 164 26 förslagsanslag
590 1831 13 19 å
620 1830 91 20 123500
728 1830 31 20 kr.

228 1913 63 27 viljas
307 1914 13 19 å
335 1915 60 19 extra
411 1915 42 19 stat
468 1914 34 19 för
517 1913 58 20 tiden
594 1914 9 19 1
621 1913 104 27 jan.—30
741 1914 48 26 juni
807 1913 55 20 1923
879 1915 31 19 ett
925 1913 96 26 förslags-

163 1867 2 81 |
185 1888 10 16 3
213 1884 41 19 För
270 1883 108 26 tillfälliga
401 1883 152 27 diplomatiska
577 1884 39 20 och
635 1883 115 21 konsulära
765 1885 71 25 poster
851 1884 7 19 i
874 1883 99 21 utlandet
988 1884 34 20 be-

163 1962 2 22 |
228 1943 80 26 anslag,
325 1943 68 26 högst,
412 1943 26 20 15
447 1943 42 20 000
506 1943 30 20 kr.

163 1985 2 12 I

185 2001 9 15 4
212 1996 42 20 Till
278 1998 60 18 extra
361 1996 118 26 ortstillägg
500 1997 22 20 åt
540 1996 105 20 ordinarie
668 1996 40 21 och
727 2003 17 14 e.
761 2003 18 13 o.
797 1996 98 27 personal
911 1997 7 19 i
933 1996 88 21 utrikes-

227 2027 193 25 representationen
440 2026 84 20 anvisas
540 2027 12 19 å
567 2029 60 17 extra
643 2028 43 18 stat
701 2026 32 20 för
749 2026 59 21 tiden
825 2026 10 20 1
853 2026 104 27 jan.—30
973 2027 49 26 juni

229 2056 56 20 1923
302 2057 30 19 ett
347 2056 170 26 förslagsanslag,
534 2056 68 26 högst,
620 2055 42 21 200
672 2056 41 20 000
730 2056 30 20 kr.

1038 1000 55 22 1922

1110 1883 10 20 fog

1136 1883 15 52 Sw

1136 1996 15 52 30

1109 1997 19 56 ”&

1470 781 52 20 153

1483 1996 12 20 3
1505 1996 52 21 Al8

1581 782 33 20 26:
1627 788 38 15 140]
1691 783 68 20 31:13
1758 778 14 35 |

1772 850 2 64 |

1773 931 1 34 |

1772 969 2 22 |

1583 1003 32 20 13:
1627 993 52 41 s2d|
1692 1004 59 21 13:
1730 993 21 41 4
1772 998 2 3 |

1670 1563 1 13 I
1771 1573 2 3 I

1581 1581 33 55 13:
1625 1581 47 55 60d/
1691 1591 32 20 13:
1735 1592 25 19 4d
1771 1618 1 3 |

1589 1882 32 21 36:
1633 1888 23 15 61
1670 1883 1 33 |
1691 1883 32 20 13:
1735 1888 9 15 &

1670 1917 1 42 |

1568 1976 46 50 18:
1625 1976 53 50 61d|
1691 1996 52 20 18:5
1771 1980 1 39 |
