1849 2357
824 156 135 33 SAKREGISTER
1648 159 40 21 521

1034 227 41 31 Så
1415 233 54 18 Riks-

981 257 17 26 z
1034 256 36 36 2&
1130 265 7 24 Zz
1191 257 2 23 I
1237 248 107 41 Utskotts-
1406 259 73 31 dagens
1535 260 118 29 Kamrarnas

981 288 65 25 2
1058 286 17 37 2
1092 277 94 45 Brotonen
1224 277 125 45 Stärmngen
1420 289 47 33 skri-
1521 293 144 23 förhandlingar

981 317 17 28 >
1035 314 40 33 22
1213 311 47 18 eller
1273 311 98 18 memorial
1412 323 63 18 velsör

1034 345 242 42 Elen

975 373 26 24 fard
1035 376 11 10 a
1367 375 5 24 on
1468 375 5 24 an

981 387 89 41 213
1096 389 87 17 |FKlAK
1207 377 70 49 Ela]
1303 389 17 27 2
1362 389 118 36 (EE
1480 373 17 62 |
1505 378 71 41 komm
1581 373 16 62 |
1606 378 71 42 komb

107 437 183 37 Folkskoleväsen.
1192 443 1 16 |

109 478 8 15 4
136 473 41 20 För
188 472 119 21 beredande
318 479 26 14 av
355 472 71 20 medel
437 473 31 20 att
479 472 24 20 fr.
514 479 18 14 o.
543 479 29 13 m.
585 472 41 20 den
639 472 10 20 1
661 472 44 26 jan.
719 471 56 21 1922
786 472 36 21 vid
832 472 113 21 folkskole-
961 473 54 20 |1921]
1034 472 9 21 1:
1062 474 12 20 8
1192 464 1 48 |
1212 474 12 20 6!
1255 474 6 20 11
1290 474 40 21 8A
1349 474 70 21 12318
1427 476 58 19 Alos]
1510 474 69 21 26:49
1603 475 33 20 131:
1648 480 39 16 150

151 502 153 21 seminarierna
319 503 102 26 upprätta
435 502 122 27 ytterligare
572 502 46 20 dels
633 502 15 20 4
663 502 175 26 lektorstjänster,
850 502 46 21 dels
906 503 39 21 ock
1025 508 57 23 p-158
1192 514 1 27 |

152 532 12 20 2
174 532 285 27 övningsskollärartjänster
470 532 61 27 höjes
544 532 42 20 den
582 528 14 36 i
610 532 36 20 det
657 532 43 20 ord.
710 532 236 27 reservationsanslaget
1192 543 1 14 I
1341 545 1 6 |

151 562 34 20 till
201 562 260 20 folkskoleseminarierna
477 562 104 26 ingående
597 562 169 26 anslagsposten:
778 562 166 21 folkskolesemi-
1192 563 1 29 |
1396 577 2 4 |

152 592 98 20 narierna
265 591 50 21 med
332 592 27 20 30
369 591 43 21 000
428 591 30 21 kr.
475 592 34 20 till
526 591 63 21 1786
599 591 43 21 590
658 591 32 21 kr.
1085 590 1 34 |
1192 594 1 14 |
1396 583 2 41 |

1085 638 1 11 I
1192 641 1 3 |

109 657 9 15 5
136 652 42 20 För
199 651 119 21 beredande
341 658 27 14 av
389 651 67 27 höjda
472 651 117 27 stipendier
604 652 22 20 åt
641 651 70 21 elever
726 651 36 21 vid
777 651 167 21 folkskolesemi-|
983 661 8 10 >
1034 653 17 20 |1:
1062 650 24 41 8
1192 652 1 27 I
1212 653 11 20 6]
1256 653 6 20 11
1290 653 39 21 8A
1341 659 45 21 12418
1406 653 79 21 Alo6)
1510 654 69 20 26:49
1603 654 33 20 131:
1649 659 38 16 150

152 681 98 21 narierna
260 682 84 20 anvisas
355 682 28 26 på
394 683 60 19 extra
464 683 43 19 stat
515 683 31 19 ett
554 681 170 27 förslagsanslag,
733 681 68 27 högst,
812 681 40 21 125
862 681 42 21 000
913 682 31 20 kr.
1025 688 61 22 p-159/
1192 680 1 16 |
1341 688 1 10 |

109 746 9 15 6
136 741 42 20 Till
202 741 135 21 bestridande
356 748 26 14 av
397 742 182 26 hyresersättning
594 741 34 20 till
643 741 122 21 rektorerna
781 741 36 21 vid
832 741 113 21 folkskole-|
984 750 8 10 »
1032 743 41 20 11:8

151 771 154 21 seminarierna
319 771 8 20 i
343 771 128 27 Linköping,
496 771 73 25 Skara,
588 771 96 24 Kalmar,
704 771 69 25 Lund,
790 771 101 21 Karlstad
906 772 39 20 och
1025 778 57 22 p.160

151 801 74 24 Umeå,
249 802 52 19 utan
320 802 43 19 rätt
380 801 34 20 för
429 801 66 26 sagda
509 801 94 21 rektorer
619 803 32 19 att
666 801 12 20 å
693 801 207 26 hyresersättningen
917 802 28 20 åt-
1085 798 1 32 |

151 831 62 26 njuta
236 830 165 27 dyrtidstillägg,
425 831 84 21 anvisas
531 831 28 26 på
582 832 60 19 extra
664 833 42 18 stat
728 832 30 19 ett
776 831 169 26 förslagsanslag,
1085 834 1 13 I

151 861 68 26 högst,
238 860 79 21 11400
333 860 31 21 kr.
1085 848 1 63 |

1085 972 1 17 I

1085 991 1 15 I

108 925 9 16 7
136 920 38 20 RD
190 920 115 25 medgiver,
328 922 32 19 att
381 920 36 20 det
440 920 33 21 till
497 927 65 14 envar
585 927 26 13 av
627 920 56 20 vissa
698 920 67 20 lärare
782 920 35 20 vid
833 920 112 21 folkskole-|
984 929 8 10 »
1033 921 41 21 11:8

151 950 123 20 seminariet
289 950 7 20 i
308 950 124 20 Stockholm
444 950 88 27 jämlikt
542 950 123 26 riksdagens
676 950 71 20 beslut
757 950 105 26 utgående
876 951 69 26 hyres-
1025 962 11 17 p
1048 956 32 18 161

151 980 74 26 bidrag
248 980 35 20 må
307 980 48 20 från
374 980 40 20 och
433 980 50 20 med
499 980 23 20 år
539 980 56 20 1922
612 979 44 21 tills
672 979 71 21 vidare
759 980 62 27 höjas
837 980 50 20 med
904 980 41 20 150

151 1010 39 24 kr.;
214 1010 40 20 och
278 1010 85 20 anvisas
386 1010 33 20 för
442 1009 119 21 beredande
580 1016 26 14 av
625 1010 139 26 hyresbidrag
779 1010 32 20 till
828 1010 66 21 lärare
910 1010 36 21 vid

150 1039 260 21 folkskoleseminarierna
425 1040 7 20 i
449 1040 125 20 Stockholm
598 1040 39 20 och
661 1040 107 26 Göteborg
786 1040 27 26 på
829 1042 60 18 extra
904 1042 42 19 stat

151 1071 31 19 ett
201 1069 165 26 förslagsanslag
381 1076 26 14 av
424 1069 77 21 12000
518 1070 38 24 kr.;
573 1069 40 21 och
628 1069 105 21 förklarar
748 1070 44 25 RD,
809 1071 31 19 att
856 1070 88 27 dyrtids-

150 1099 75 26 tillägg
241 1100 12 20 å
269 1099 162 26 ifrågavarande
447 1099 139 27 hyresbidrag
601 1100 19 26 ej
638 1099 55 21 skall
709 1100 57 25 utgå.
1085 1104 1 21 I
1340 1109 2 11 I

1212 922 12 20 61!
1255 923 9 20 11
1290 923 39 20 8A
1340 920 78 23 1258
1426 924 9 19 A
1453 923 31 20 107]
1509 923 69 20 26:49
1580 916 56 37 131:
1648 928 39 16 150

107 1164 10 16 8
135 1159 43 21 Till
201 1159 139 21 anordnande
366 1166 26 14 av
415 1159 162 21 studentkurser
600 1159 36 21 vid
659 1159 258 21 folkskoleseminarierna
939 1161 7 19 i|
984 1168 8 10 »
1034 1160 39 21 |1:8

150 1189 102 27 Uppsala,
277 1189 122 27 Strängnäs,
425 1190 75 26 Växjö,
516 1189 70 25 Lund,
606 1189 90 20 Kalmar
715 1189 39 21 och
771 1189 132 25 Stockholm,
920 1197 26 13 av
1026 1196 56 22 p-162

150 1219 238 26 parallellavdelningar
398 1219 36 21 vid
445 1219 260 21 folkskoleseminarierna
715 1219 7 20 i
734 1219 72 25 Skara,
818 1219 127 27 Linköping,

151 1248 146 25 Landskrona,
314 1249 107 24 Karlstad,
439 1249 68 21 Umeå
522 1249 40 21 och
578 1249 67 21 Luleå
660 1251 57 19 samt
732 1256 27 14 av
774 1249 172 27 preparandkurs

151 1279 36 20 vid
203 1279 135 21 sistnämnda
351 1279 139 21 seminarium
502 1279 84 20 anvisas
597 1280 28 26 på
636 1280 59 19 extra
706 1280 42 19 stat
758 1281 31 19 ett
799 1279 146 21 reservations-
1392 1302 2 7 |

151 1308 75 27 anslag
241 1316 26 13 av
283 1308 43 21 440
336 1309 43 20 000
395 1309 31 21 kr.
1392 1310 2 10 I

1454 1168 32 13 108]
1510 1158 33 34 26:
1554 1167 24 15 49
1581 1158 18 34 |
1598 1158 38 34 31:
1649 1168 38 15 150

1212 1161 12 20 SS

1254 1161 10 21 -

1290 1162 12 20 oo

1312 1162 17 20 -

1340 1161 15 21 =

1362 1167 9 15 vo

1377 1167 9 15 -

1406 1161 13 21 2

1428 1162 17 19 -

108 1379 10 15 9
136 1374 42 20 Till
200 1374 129 27 förhyrande
353 1381 26 14 av
397 1374 58 21 vissa
473 1374 81 21 lokaler
569 1374 33 21 för
617 1374 230 21 folkskoleseminariet
861 1375 8 20 i
885 1375 62 21 Göte-|
984 1383 8 10 »
1036 1375 45 21 |1:8
1139 1374 2 26 I
1212 1374 23 34 6/
1255 1376 75 21 1|8A
1350 1382 36 15 12918
1407 1376 79 21 Alio]
1510 1376 68 20 26:49
1578 1372 22 33 |
1603 1376 34 21 31:
1649 1382 39 15 150

152 1404 51 26 borg
222 1406 56 18 samt
296 1404 34 20 till
346 1404 61 21 dessa
423 1404 91 20 lokalers
530 1405 165 26 uppvärmning,
712 1404 118 27 belysning,
847 1404 100 27 städning
1026 1416 17 17 p-
1045 1403 37 34 163
1234 1412 1 12 I

152 1440 28 14 m.
196 1441 28 13 m.
242 1434 84 21 anvisas
343 1435 28 25 på
386 1436 61 18 extra
462 1436 42 19 stat
520 1436 31 19 ett
566 1434 215 26 reservationsanslag
796 1441 26 14 av
838 1434 13 20 2
861 1434 41 21 275
914 1435 31 20 kr.

95 1499 24 15 10
137 1493 88 27 Förslag
248 1500 47 20 ang.
319 1494 117 20 anvisande
459 1494 28 26 på
509 1496 60 19 extra
588 1496 42 18 stat
645 1500 27 15 av
687 1495 31 19 ett
733 1494 214 27 reservationsanslag|
984 1503 8 10 »
1034 1495 41 20 1|1:8

151 1530 27 14 av
189 1523 43 20 900
242 1523 42 21 000
300 1523 31 21 kr.
348 1524 34 20 till
398 1524 134 27 uppförande
548 1530 26 14 av
590 1531 42 19 nya
643 1523 122 27 byggnader
775 1524 33 20 för
818 1525 31 19 ett
859 1524 86 21 dubbel-
1025 1536 13 16 Ip
1048 1530 35 17 164

153 1553 138 21 seminarium
308 1553 7 20 i
331 1553 101 21 Karlstad
449 1554 76 21 avslås.

1213 1495 11 20 6'
1256 1496 9 20 11
1291 1496 39 20 8A
1348 1500 39 16 12918
1405 1496 81 20 Alii]
1510 1496 69 20 26:49
1584 1491 15 36 |
1604 1496 33 21 31:
1649 1501 39 16 150

96 1618 21 15 11
136 1613 43 21 Till
190 1613 56 20 vissa
256 1613 129 21 inventarier
392 1613 37 21 vid
437 1613 42 21 den
488 1620 42 20 nya
538 1613 126 27 byggnaden
673 1613 35 21 vid
717 1613 230 22 folkskoleseminariet
949 1609 14 35 |
985 1623 7 10 »
1034 1614 41 21 11:8
1213 1615 12 19 61
1256 1615 9 20 11
1291 1615 39 20 8A
1349 1616 70 20 138018
1428 1616 59 20 Ali]
1511 1615 69 21 26:49
1583 1611 18 35 |
1605 1615 33 21 31:
1651 1621 38 15 150

151 1643 7 20 i
182 1643 101 20 Karlstad
309 1643 90 27 beviljas
425 1644 28 26 på
478 1645 60 19 extra
563 1645 43 19 stat
631 1645 30 19 ett
685 1643 214 27 reservationsanslag
920 1651 26 14 av
1026 1656 16 16 p.
1046 1649 37 23 165

153 1673 26 20 12
190 1672 43 21 000
250 1673 31 20 kr.

95 1737 23 16 12
136 1733 42 20 För
196 1733 121 26 ytterligare
337 1733 112 26 inredning
468 1733 39 21 och
523 1733 243 27 materiellanskaffning
781 1733 36 21 vid
833 1733 113 21 folkskole-|
984 1742 9 10 »
1034 1733 41 21 11:8
1213 1734 12 20 6|
1256 1734 9 21 11
1291 1735 40 20 8A
1349 1740 35 16 13118
1406 1736 81 20 All
1512 1735 69 20 26:49
1584 1730 19 36 |
1605 1735 34 20 81:
1651 1740 36 16 151

151 1763 123 20 seminariet
289 1763 7 20 i
312 1763 63 20 Lund
398 1763 85 21 anvisas
502 1764 27 25 på
548 1765 60 19 extra
626 1765 43 19 stat
687 1765 30 19 ett
732 1763 215 27 reservationsanslag
1026 1769 56 22 p-167

151 1799 26 14 av
194 1792 26 20 61
232 1792 42 21 700
290 1793 31 20 kr.

95 1856 23 16 13
137 1852 74 20 Såsom
228 1852 74 26 bidrag
317 1852 34 21 till
368 1852 135 21 bestridande
520 1860 26 13 av
561 1853 144 21 kostnaderna
719 1853 33 20 för
763 1852 137 22 studiebesök
910 1853 37 21 vid|
984 1861 9 11 >
1034 1853 40 20 1|1:8
1213 1853 12 20 6|
1255 1853 11 21 11
1291 1854 40 24 8A
1350 1854 69 21 18118
1429 1854 58 20 Ale
1512 1854 33 20 26:
1557 1859 24 16 49
1582 1849 21 33 |
1606 1854 33 20 31:
1651 1859 37 15 151

151 1882 124 24 folkskolor,
300 1882 58 20 vilka
381 1889 27 14 av
429 1882 67 21 lärare
515 1882 37 21 vid
567 1883 260 20 folkskoleseminarierna
842 1883 104 26 företagas
1026 1894 16 16 p.
1045 1888 38 22 168

151 1911 34 21 för
208 1913 31 19 att
260 1912 98 20 inhämta
381 1912 122 21 kännedom
527 1919 35 14 om
579 1913 118 20 folkskolor
712 1919 26 14 av
754 1913 57 20 olika
827 1912 45 27 slag
887 1913 59 20 inom

153 1941 91 27 Sverige,
262 1942 84 20 anvisas
362 1943 28 25 på
405 1944 61 19 extra
481 1944 43 19 stat
534 1944 31 19 ett
575 1942 215 27 reservationsanslag
801 1949 26 14 av
838 1943 13 20 4
861 1942 42 21 000
914 1943 31 20 kr.

95 2005 24 16 14
137 2001 42 20 Till
195 2001 117 21 understöd
327 2002 23 20 åt
365 2002 97 20 vartdera
478 2008 26 14 av
520 2002 118 21 Ateneums
649 2002 246 21 folkskoleseminarium
906 2003 40 20 och
946 1997 18 36 |
984 2010 8 11 »
1033 2002 42 21 11:8
1213 2002 12 20 6|/
1256 2002 10 21 11
1291 2003 41 21 8A
1350 2008 38 16 13218
1407 2003 81 21 Als]
1512 2003 69 21 26:49
1582 1998 23 36 |
1607 2003 83 21 31:151

153 2031 118 26 Göteborgs
294 2032 111 26 kvinnliga
423 2032 246 21 folkskoleseminarium
686 2033 84 20 anvisas
786 2033 28 26 på
829 2034 60 19 extra
905 2034 42 19 stat
1025 2037 58 23 p.169

153 2062 31 19 ett
199 2061 170 27 förslagsanslag,
386 2062 68 26 högst,
472 2062 27 20 30
509 2062 42 21 000
568 2062 30 20 kr.

89 2114 29 17 66.
132 2115 91 20 Sakregister
232 2116 13 15 I.
