1082 1578
68 66 117 23 [160-160a]

68 201 51 22 [160]

498 69 104 21 Riksdagen

69 240 30 24 V.
124 239 255 30 RIKSDAGEN,
402 240 98 25 DESS
522 235 268 30 OMBUDSMÄN
813 241 83 25 OCH
918 241 110 24 VERK

241 306 109 22 Riksdagen

152 340 90 20 (Postadr.,
252 341 51 18 Fack,
313 341 99 16 Stockholm
421 341 28 19 46)

91 368 84 16 Riksdagen
183 369 41 15 skall,
233 369 4 13 i
245 369 39 13 kraft
292 373 18 9 av
317 369 135 16 regeringsformen,
457 373 73 9 samman-

69 386 43 13 träda
124 386 39 16 varje
172 386 16 13 år
197 387 28 13 den
237 387 16 12 10
261 387 57 15 januari
327 387 38 16 eller,
375 391 25 9 om
410 387 61 16 helgdag
480 387 19 13 då
510 387 21 13 in-

68 404 56 16 träffar,
136 405 48 15 dagen
196 404 67 14 därefter.
277 405 83 15 Riksdagen
372 405 36 13 skall
420 409 35 9 vara
464 405 67 13 avslutad

68 422 29 13 den
108 422 15 13 31
136 423 81 12 december.
229 422 84 16 Riksdagen
323 423 118 13 sammanträder
448 423 22 13 till
476 422 55 14 vårses-

68 440 33 13 sion
109 440 29 13 och
146 440 95 16 höstsession;
250 440 24 13 vid
281 441 49 13 behov
336 441 30 12 kan
373 441 76 13 anordnas
455 442 40 12 extra
502 444 29 10 ses-

68 458 37 13 sion.
113 458 106 13 Vårsessionen
226 458 36 13 skall
270 458 4 13 i
282 458 38 15 regel
328 462 34 9 vara
368 459 66 12 avslutad
439 459 29 12 den
474 458 15 13 31
497 458 33 16 maj.

89 476 51 12 Första
150 475 91 13 kammarens
250 476 78 12 ledamöter
338 477 26 11 äro
377 476 26 13 150
413 476 35 13 eller
454 476 25 12 det
485 476 46 15 högre

68 492 26 16 tal,
106 496 33 10 som
152 493 85 13 föranledes
249 497 19 9 av
280 493 89 15 stadgandet
380 493 4 13 i
396 493 22 16 6$
432 493 4 13 1
448 497 14 9 o.
469 493 9 13 4
485 493 45 13 mom.

68 510 150 17 riksdagsordningen
226 511 35 16 (f.n.
270 511 38 16 151).
318 511 24 13 De
352 512 45 12 väljas
404 511 23 13 för
434 511 30 13 åtta
471 511 20 16 år,
498 511 33 13 räk-

68 529 39 13 nade
113 528 33 14 från
153 529 28 13 och
191 529 33 13 med
230 529 57 15 januari
295 528 60 14 månads
362 529 53 16 början
422 529 30 13 året
457 530 33 12 näst
495 529 36 13 efter

68 546 29 16 det,
102 546 46 13 under
154 546 43 14 vilket
204 547 38 13 valet
248 547 43 15 skett,
297 551 18 9 av
321 547 92 16 landstingen
421 547 28 13 och
458 547 73 13 stadsfull-

69 564 64 16 mäktige
145 564 5 13 i
163 564 18 13 de
193 565 53 15 städer,
260 568 32 9 som
305 564 13 16 ej
331 565 57 15 deltaga
400 565 88 15 ilandsting.
502 564 29 13 För

68 582 23 13 val
105 582 21 13 till
141 582 51 13 Första
201 582 86 13 kammaren
296 583 16 12 är
321 582 36 13 riket
366 582 54 14 indelat
429 582 5 13 i
444 582 16 13 19
469 582 62 13 valkret-

68 603 28 10 sar.
110 600 94 13 Stockholms
217 600 33 13 stad
263 600 29 13 och
305 600 84 16 Göteborgs
404 600 32 13 stad
445 601 52 15 utgöra
505 604 26 9 var

68 617 24 13 för
100 618 21 15 sig
129 621 19 9 en
156 618 67 13 valkrets.
232 618 54 13 Annan
295 618 38 16 stad,
342 622 32 9 som
382 618 13 16 ej
402 618 64 16 deltager
472 618 4 13 i
482 618 48 13 lands-

68 635 36 16 ting,
122 635 49 13 tillhör
186 639 57 10 samma
259 636 63 13 valkrets
334 639 32 10 som
380 636 24 13 det
418 636 112 15 landstingsom-

68 653 40 16 råde,
120 653 31 13 vari
161 653 51 13 staden
221 653 40 14 förut
271 653 50 16 ingått.
331 653 96 16 Indelningen
436 654 4 13 i
452 654 79 12 valkretsar

68 671 63 15 regleras
148 671 3 13 i
170 671 69 16 vallagen.
257 671 29 13 För
302 671 39 16 varje
357 672 63 12 valkrets
436 671 43 16 väljes
494 671 37 13 efter

69 688 105 16 folkmängden
190 689 41 13 inom
247 689 32 13 dess
292 689 61 13 område
365 693 18 9 en
396 689 101 16 riksdagsman
507 689 23 13 för

68 708 32 12 vart
115 706 32 14 fullt
162 707 26 15 tal,
202 707 104 13 motsvarande
317 707 29 15 !/,s.
356 711 19 9 av
385 707 44 13 rikets
438 707 92 15 folkmängd,

69 724 39 13 dock
119 724 34 14 med
162 725 97 15 iakttagande
268 728 18 10 av
298 725 18 13 de
327 725 72 13 särskilda
410 725 67 15 reglerna
488 724 4 14 i
504 725 8 13 6
523 725 7 16 $

68 742 157 16 riksdagsordningen.
237 742 103 14 Valkretsarna
350 743 56 13 indelas
414 742 4 14 i
425 743 30 13 åtta
462 746 68 12 grupper,

68 760 49 13 vilken
129 760 75 16 indelning
214 760 77 14 fastställes
304 761 4 13 i
321 761 70 15 vallagen.
404 760 43 16 Varje
459 760 16 14 år
485 760 45 14 under

68 778 64 13 oktober
141 778 54 13 månad
205 778 37 13 skall
251 778 41 13 inom
301 782 19 9 en
330 782 17 9 av
357 778 65 13 nämnda
432 782 63 12 grupper
501 778 29 13 för-

68 796 46 13 rättas
128 796 22 13 val
160 796 23 13 för
192 796 99 16 nästföljande
300 796 111 16 åttaårsperiod.
420 796 64 13 Valbara
492 797 26 12 äro
526 796 4 13 i

68 813 116 14 kommunernas
197 814 75 13 allmänna
281 814 120 15 angelägenheter
410 814 120 16 röstberättigade

69 832 35 12 män
112 831 28 13 och
150 831 68 16 kvinnor,
224 835 32 10 som
264 831 63 16 uppnått
334 832 17 13 23
359 831 23 14 års
390 831 44 14 ålder.

90 849 49 13 Andra
145 849 91 14 kammarens
242 849 77 13 ledamöter
326 849 42 14 skola
373 850 21 13 till
401 850 53 12 antalet
462 853 34 9 vara
503 849 27 13 230

68 866 34 14 eller
109 867 24 13 det
140 867 45 16 högre
191 867 20 13 tal
216 871 33 9 som
254 867 83 13 föranledes
342 871 18 9 av
365 867 96 16 stadgandet
448 857 16 30 i
469 867 15 13 15
490 867 7 16 $
502 867 7 13 3
515 871 14 9 o.

68 885 9 12 4
86 888 45 10 mom.
140 885 147 15 riksdagsordningen
295 885 35 16 (f.n.
335 885 38 16 233).
378 885 24 13 De
407 885 46 16 väljas
458 885 23 13 för
486 889 17 9 en
509 885 21 13 tid

68 906 18 9 av
94 902 31 16 fyra
132 902 20 16 år,
159 903 66 13 räknade
232 902 32 14 från
271 903 28 13 och
307 903 33 13 med
345 903 58 15 januari
410 903 61 13 månads
478 902 52 16 början

68 920 30 14 året
106 921 32 13 näst
145 920 36 14 efter
188 921 28 15 det,
224 921 46 13 under
277 921 44 13 vilket
328 921 37 13 valet
371 921 43 13 skett.
422 921 29 13 För
458 921 41 13 dessa
506 921 23 13 val

68 939 17 12 är
93 938 36 13 riket
138 938 54 13 indelat
201 939 3 12 i
213 939 17 13 28
239 939 84 13 valkretsar.
333 939 28 13 För
369 939 39 16 varje
416 939 62 13 valkrets
487 938 43 16 väljes

68 956 36 13 efter
110 956 106 16 folkmängden
222 956 41 14 inom
270 957 32 13 dess
309 956 60 14 område
375 960 18 9 en
400 956 101 16 riksdagsman
508 956 23 13 för

68 976 32 11 vart
112 974 33 13 fullt
157 974 24 16 tal,
194 975 104 12 motsvarande
310 975 31 15 ?/ss
353 978 18 9 av
383 975 44 12 rikets
439 974 91 16 folkmängd,

69 992 39 13 dock
118 992 34 13 med
164 992 96 16 iakttagande
271 996 18 9 av
300 992 18 13 de
329 992 73 13 särskilda
412 992 67 16 reglerna
489 992 41 16 i15$

68 1009 156 16 riksdagsordningen.
238 1010 51 13 Rikets
302 1010 73 15 indelning
385 1010 5 13 i
399 1010 79 13 valkretsar
491 1010 39 13 inne-

69 1027 45 18 hålles
131 1027 3 13 i
152 1028 69 15 vallagen.
236 1028 43 16 Varje
292 1028 24 13 län
330 1029 42 14 utgör
382 1032 18 9 en
411 1028 67 15 valkrets,
489 1030 42 11 utom

69 1045 80 16 Älvsborgs
160 1046 29 15 län,
199 1049 32 10 som
242 1047 16 12 är
270 1046 38 13 delat
319 1046 5 13 i
335 1046 9 12 2
355 1046 60 15 kretsar,
427 1046 69 15 varjämte
503 1046 28 13 föl-

68 1063 44 16 jande
125 1063 48 13 städer
185 1063 40 14 bilda
239 1067 26 10 var
278 1064 22 13 sin
311 1064 67 13 valkrets:
392 1064 13 15 1)
413 1063 91 16 Stockholm,
516 1063 15 16 2)

69 1081 64 16 Malmö,
144 1081 103 16 Hälsingborg,
259 1081 97 13 Landskrona
366 1081 28 13 och
404 1082 47 15 Lund,
461 1081 15 15 3)
485 1081 46 13 Göte-

70 1099 41 15 borg.
119 1099 56 13 Valrätt
181 1099 89 13 tillkommer
276 1103 45 9 envar
330 1099 52 13 svensk
392 1103 34 9 man
436 1099 28 13 och
471 1099 59 16 kvinna,

69 1120 32 10 som
111 1119 48 11 senast
168 1117 46 13 under
220 1117 122 16 nästföregående
348 1117 86 13 kalenderår
440 1117 32 16 fyllt
482 1117 16 13 21
509 1117 21 15 år,

69 1134 39 13 dock
117 1134 13 16 ej
142 1135 33 15 den,
186 1139 33 9 som
230 1134 30 14 står
271 1135 46 13 under
328 1135 127 16 förmynderskap.
468 1135 63 13 Valbara

68 1153 27 12 äro
106 1153 34 12 män
151 1153 29 13 och
191 1153 67 15 kvinnor,
269 1156 33 10 som
313 1153 63 15 uppnått
385 1153 17 13 23
412 1153 23 13 års
445 1153 40 13 ålder
493 1155 38 11 samt

69 1171 27 15 äga
107 1170 52 13 valrätt
170 1170 41 13 inom
221 1171 82 13 valkretsen
310 1171 38 15 eller,
355 1171 27 13 där
388 1170 41 16 fråga
435 1171 17 12 är
458 1174 25 10 om
493 1171 37 15 stad,

69 1192 32 9 som
110 1188 49 13 består
169 1192 17 9 av
193 1189 35 12 flera
235 1188 84 16 valkretsar,
324 1188 41 13 inom
370 1188 50 16 någon
425 1192 18 9 av
448 1188 46 13 dessa.

90 1206 96 13 Gemensamt
200 1206 23 13 för
236 1206 39 13 båda
289 1207 86 13 kamrarnas
388 1206 81 14 ledamöter
482 1206 48 16 gäller,

68 1226 21 11 att
95 1224 204 16 riksdagsmannabefattning
305 1224 28 13 kan
340 1225 52 12 utövas
397 1224 52 13 endast
455 1228 18 9 av
478 1224 53 13 svensk

68 1241 100 16 medborgare.

90 1259 27 13 Till
132 1259 39 14 båda
184 1259 79 14 kamrarna
276 1260 26 13 ske
316 1260 41 13 valen
371 1260 34 13 med
418 1260 113 16 proportionellt

68 1277 57 13 valsätt.

90 1295 79 13 Allmänna
182 1295 23 13 val
218 1295 21 13 till
253 1295 51 13 Andra
318 1295 85 13 kammaren
416 1295 38 16 ägde
468 1299 33 9 rum
515 1295 16 14 år

70 1312 36 14 1964
113 1312 28 14 och
148 1312 44 17 avsåg
198 1313 71 16 perioden
278 1313 96 13 1965—1968.

91 1331 92 13 Beträffande
196 1331 99 15 ersättningen
309 1331 23 13 för
346 1331 185 16 riksdagsmannauppdra-

68 1351 31 12 gets
109 1348 92 16 fullgörande
211 1349 37 12 hava
259 1349 108 13 bestämmelser
377 1349 42 15 givits
429 1349 3 13 i
443 1349 24 15 lag
478 1349 28 13 den
515 1349 16 12 14

68 1366 32 13 dec.
108 1366 36 13 1962
155 1366 39 15 (SFS
205 1370 18 9 nr
230 1366 39 15 622).
281 1367 108 14 Riksdagsman
402 1366 62 16 åtnjuter
476 1367 55 12 arvode

69 1383 32 13 från
108 1384 29 13 och
144 1384 33 13 med
183 1384 73 16 ingången
264 1388 18 9 av
288 1384 29 13 den
324 1384 59 16 månad,
390 1384 20 13 då
416 1384 30 13 han
453 1384 37 13 skall
497 1386 34 14 taga

68 1401 39 16 plats
118 1401 5 13 i
134 1401 84 16 riksdagen,
230 1402 38 13 dock
275 1402 13 16 ej
296 1402 23 13 för
326 1402 22 13 tid
354 1402 46 13 innan
406 1402 30 13 han
443 1402 42 13 blivit
492 1402 39 13 leda-

68 1421 37 14 mot,
116 1419 22 13 till
149 1420 29 12 och
184 1420 34 13 med
225 1420 73 15 utgången
306 1424 18 9 av
331 1420 28 13 den
365 1420 60 15 månad,
432 1420 19 13 då
459 1420 72 15 riksdags-

69 1437 138 16 mannauppdraget
218 1438 64 15 upphör.
291 1438 59 12 Arvode
359 1437 41 16 utgår
407 1438 33 13 med
447 1438 52 15 26,000
508 1438 22 13 kr.

68 1454 116 17 igrundbelopp
195 1455 24 13 för
230 1455 21 13 år.
263 1455 20 13 På
290 1455 55 13 arvode
351 1455 43 16 utgår
405 1456 51 15 tillägg
466 1457 65 11 motsva-

68 1472 48 14 rande
123 1472 50 16 tillägg
180 1472 19 17 på
204 1473 25 13 lön
236 1473 20 13 till
263 1473 143 16 befattningshavare
411 1473 5 13 i
421 1475 55 11 statens
482 1473 48 16 tjänst.

529 1514 37 17 270

566 304 104 14 Traktamente
681 303 43 17 utgår
733 304 47 14 under
790 304 27 16 tid,
828 304 19 14 då
857 304 78 16 riksdagen
944 304 47 14 håller
1000 308 29 10 ses-

567 322 38 16 sion,
615 322 33 13 med
658 322 55 16 belopp
722 322 104 14 motsvarande
839 322 27 14 705
876 322 22 13 kr.
908 323 24 13 för
942 322 54 13 månad
1007 322 22 14 till

567 340 106 16 riksdagsman,
680 344 33 9 som
723 341 16 12 är
745 340 50 14 bosatt
802 340 19 16 på
827 340 50 16 längre
884 340 61 14 avstånd
953 341 19 12 än
978 340 51 16 sjuttio

567 358 77 13 kilometer
653 358 85 16 fågelvägen
747 358 34 13 från
790 358 85 16 riksdagens
886 358 32 13 hus.
928 358 55 13 Annan
993 358 35 13 riks-

567 376 71 16 dagsman
645 377 18 12 än
670 380 20 9 nu
700 378 45 14 sagts,
752 376 49 13 vilken
808 377 16 12 är
830 376 49 13 bosatt
886 376 19 16 på
912 376 49 16 längre
967 376 62 13 avstånd

567 395 19 12 än
596 394 56 13 femton
662 394 77 13 kilometer
745 394 85 16 fågelvägen
837 394 33 13 från
879 394 116 16 riksdagshuset,
1005 393 24 14 må

567 415 18 10 av
592 412 137 15 kanslideputerade
736 412 95 13 tillerkännas
838 412 97 13 traktamente
942 412 33 13 med
985 412 43 16 högst

567 430 65 13 nämnda
646 430 59 15 belopp.
718 430 108 16 Riksdagsman
838 431 34 15 äger
882 430 18 16 på
912 430 24 13 det
948 430 81 13 allmännas

567 448 82 12 bekostnad
656 448 66 15 företaga
728 451 45 10 resor.

586 465 108 15 Riksdagsman
705 466 17 12 är
732 465 20 16 på
762 465 25 13 det
793 465 82 13 allmännas
882 465 85 13 bekostnad
973 469 56 11 grupp-

566 482 104 14 livförsäkrad.

588 500 91 13 Kamrarnas
691 500 55 13 talmän
758 499 55 14 erhålla
825 500 77 15 undertid,
914 499 20 14 då
951 499 78 16 riksdagen

567 517 46 14 håller
622 518 60 16 session,
695 518 113 16 tilläggsarvode
817 518 34 13 med
860 518 56 16 belopp
925 518 104 13 motsvarande

569 536 41 16 1,000
616 536 22 13 kr.
645 536 24 13 för
675 535 55 14 månad
736 536 6 14 i
748 536 108 16 grundbelopp.

673 605 90 19 FÖRSTA
776 608 142 16 KAMMAREN

725 644 105 16 Stockholms
837 644 38 16 stad

661 673 127 20 (Mandattiden
799 673 48 19 utgår
857 673 19 16 år
888 674 47 18 1969)

566 710 99 18 Andersson,
670 709 49 16 Ebon
726 709 56 16 Maria
787 709 76 19 Isabella,
868 709 58 18 Fil.L.,
931 709 98 18 Socionom,

588 733 25 16 fd.
620 733 124 18 Bibliotekarie,
762 733 56 18 KNO,
836 733 26 19 96;
878 733 20 15 62
913 733 42 19 (adr.
971 732 58 16 Stock-

588 757 60 19 holm).

567 781 66 18 Strand,
642 781 41 15 Axel
691 780 84 19 Wilhelm,
784 780 186 19 Riksgäldsfullmäktig
979 780 49 19 [211],

589 805 56 15 Förste
659 805 33 15 vice
705 804 67 19 talman,
785 804 27 18 93;
826 804 20 15 62
860 804 42 18 (adr.
916 803 112 19 Stockholm).

567 828 102 18 Lundström,
685 828 37 15 Nils
736 828 62 19 Birger,
812 827 93 19 Redaktör,
918 828 27 18 04;
956 828 20 15 62
986 827 42 19 (adr.

589 852 92 18 Bromma).

568 876 98 18 Lindström,
684 875 39 15 Ulla
740 875 75 18 Gunilla,
832 875 11 15 f.
861 875 74 18 Wohlin,
953 874 75 16 Statsråd

592 899 37 19 [48],
638 899 27 18 09;
674 899 20 15 62
703 898 42 19 (adr.
755 898 111 19 Stockholm).

567 923 93 19 Hernelius,
668 923 45 15 John
722 923 56 18 Allan,
787 923 44 18 J.K.,
841 922 93 19 Redaktör,
942 922 53 19 RVO,
1004 922 25 18 11;

589 947 20 15 62
619 946 42 20 (adr.
670 947 112 18 Stockholm).

567 971 90 18 Anderson,
671 970 40 16 Carl
726 970 64 19 Albert,
805 970 80 16 Direktör
901 970 49 19 [858],
965 970 28 18 99;
1008 970 20 15 62

589 994 42 19 (adr.
640 994 112 19 Stockholm).

567 1018 99 18 Johansson,
676 1018 48 15 Knut
732 1017 72 19 Brynolf
810 1018 70 18 Martin,
887 1017 142 19 Förbundsordf.,

592 1042 24 18 11;
626 1042 20 15 62
655 1041 43 19 (adr.
707 1041 133 19 Johanneshov).

567 1066 98 18 Holmberg,
673 1066 65 18 Yngve,
747 1066 45 18 J.K.,
802 1065 111 18 Partisekret.,
922 1065 26 18 25;
958 1065 20 15 62
985 1064 44 20 (adr.

589 1089 113 19 Stockholm).

567 1113 74 19 Myrdal,
654 1113 48 18 Alva,
717 1113 12 15 f.
743 1113 73 18 Reimer,
825 1112 92 16 Sändebud
926 1113 38 18 [55],
973 1113 26 17 02;
1009 1112 21 16 62

589 1137 42 18 (adr.
642 1137 112 18 Stockholm).

567 1161 61 18 Geijer,
641 1161 56 15 Johan
711 1161 78 17 Lennart,
801 1160 44 18 J.D.,
854 1160 27 18 09;
891 1160 20 15 62
920 1160 43 18 (adr.
972 1160 58 15 Stock-

589 1184 59 18 holm).

567 1208 60 19 Lager,
634 1208 42 16 Karl
683 1208 65 19 Fritjof,
756 1208 92 18 Redaktör,
855 1208 27 18 05;
890 1207 20 16 62
918 1207 42 20 (adr.
966 1208 64 18 Häger-

591 1232 49 17 sten).

567 1255 69 19 Dahlén,
649 1255 30 16 Per
692 1255 41 16 Olof
742 1255 91 18 Reinhold,
843 1255 68 18 Pol.M.,
923 1256 24 17 15;
957 1255 20 15 64
986 1254 43 20 (adr.

589 1279 92 19 Bromma).

567 1303 69 19 Hultell,
645 1303 60 15 Emma
715 1303 50 18 Mary
774 1302 91 19 Elisabeth,
874 1302 11 16 f.
896 1302 65 18 Radhe,
971 1303 59 15 Förste

589 1326 134 19 kammarskriv.,
737 1327 51 18 LVO,
799 1327 26 17 08;
835 1327 20 15 64
864 1326 43 19 (adr.
917 1326 112 19 Stockholm).

568 1351 87 18 Sörenson,
669 1350 42 18 Joel,
726 1350 60 18 Fil.K.,
796 1351 65 17 Pastor,
872 1351 25 17 15;
907 1351 21 14 64
937 1350 43 19 (adr.
990 1347 40 18 Älv-

589 1374 38 19 sjö).

567 1398 76 18 Persson,
653 1397 39 16 Erik
701 1398 64 18 Yngve,
775 1397 135 16 Förbundsordf.
922 1397 24 18 11;
956 1397 21 16 64
986 1397 42 19 (adr.

589 1421 112 19 Stockholm).

567 1445 77 19 Lidgard,
658 1445 48 15 Hans
720 1445 51 15 Bertil
784 1446 82 18 Ingemar,
877 1445 44 18 J.K.,
931 1444 98 16 Förbunds-

589 1469 80 18 direktör,
681 1469 24 18 16;
715 1469 25 15 65.

567 606 65 22 [160a]
