1250 1904
44 74 79 18 30-30b

554 74 110 22 Riksdagen

43 162 26 25 30
91 158 20 38 —
126 166 128 26 Riksdagen

125 203 55 19 Riksg.
190 203 13 15 1.
211 203 21 15 Pa
242 203 29 15 100
280 203 18 15 12
305 203 99 15 Stockholm.
412 203 32 15 Tel.
451 203 62 15 08-786
519 203 22 14 40
547 203 21 15 00

43 234 151 20 Regeringsformen
212 235 31 14 den
260 235 21 14 28
298 234 38 15 febr.
357 234 40 15 1974
415 235 25 17 (nr
459 234 35 17 152;
512 234 79 19 omtryckt

46 257 45 15 1994:
99 257 52 18 1483).
163 257 169 19 Riksdagsordningen
342 257 31 14 den
384 257 20 14 28
415 256 37 15 febr.
466 257 41 14 1974
518 257 25 17 (nr
555 256 35 17 153;

42 279 80 19 omtryckt
132 279 45 15 1995:
185 279 37 17 272;
231 279 59 15 ändrad
298 282 53 12 senast
362 279 45 15 1996:
417 279 52 17 1530).
479 279 55 19 Vallag
542 279 30 14 den
581 279 9 14 8

42 302 35 14 dec.
97 301 41 15 1972
156 302 25 17 (nr
198 301 37 17 620;
253 301 79 19 omtryckt
352 301 91 17 1994:287;
461 301 59 15 ändrad
538 303 52 12 senast

45 324 46 15 1995:
98 324 44 17 746).

43 368 91 19 Riksdagen
140 370 17 13 är
162 368 26 15 det
194 368 66 15 främsta
266 368 123 19 representativa
395 371 103 16 statsorganet
505 368 25 14 för
536 372 54 10 svens-

42 391 20 14 ka
68 390 55 15 folket.
130 390 91 19 Riksdagen
228 390 50 15 stiftar
284 390 30 19 lag,
320 390 70 15 beslutar
395 395 27 10 om
429 390 40 15 skatt
474 390 23 15 till
504 392 50 13 staten
560 390 30 14 och

42 413 96 14 bestämmer
145 413 29 14 hur
181 415 58 12 statens
246 412 53 15 medel
307 412 40 15 skall
354 412 85 15 användas.

65 435 91 19 Riksdagen
164 434 52 15 består
223 439 19 10 av
251 435 31 14 349
289 435 92 16 ledamöter,
389 435 47 14 valda
443 434 50 15 direkt
501 439 19 10 av
528 434 50 15 folket
586 434 4 15 i

43 457 80 15 allmänna
130 457 29 14 val.
168 457 83 15 Ordinarie
258 457 99 19 riksdagsval
365 458 37 18 äger
408 461 35 10 rum
450 459 33 12 vart
490 456 50 19 fjärde
548 456 16 15 år
571 456 20 19 på

42 479 49 19 tredje
103 479 81 19 söndagen
195 479 4 15 i
211 479 89 19 september
310 479 63 15 månad.
385 479 85 14 Allmänna
481 479 25 14 val
517 479 23 14 till
551 479 39 14 riks-

42 502 52 18 dagen
101 501 40 19 ägde
148 504 52 12 senast
206 506 35 10 rum
248 501 30 15 den
287 501 18 15 18
313 501 90 19 september
412 501 39 15 1994
458 501 30 15 och
496 505 45 11 avser
547 501 43 15 tiden

43 524 39 14 intill
92 524 36 14 dess
137 528 19 10 en
166 524 58 19 nyvald
233 524 64 18 riksdag
306 524 59 14 samlas
373 523 41 15 efter
422 523 99 19 riksdagsval
530 523 30 15 den
570 523 21 15 20

43 546 90 19 september
141 546 45 15 1998.

65 569 30 14 För
103 568 99 19 riksdagsval
212 570 16 13 är
237 568 39 15 riket
286 568 58 15 indelat
354 568 3 14 i
367 568 21 15 29
397 568 89 15 valkretsar.
496 568 24 14 Av
530 568 19 14 de
559 568 31 14 349

42 591 158 19 riksdagsmandaten
210 592 16 13 är
236 591 31 14 310
277 590 41 15 fasta
327 590 138 17 valkretsmandat,
476 595 35 10 som
520 590 70 15 fördelas

43 613 58 15 mellan
112 613 107 15 valkretsarna
229 613 40 14 efter
279 613 58 14 antalet
347 612 130 19 röstberättigade
488 612 4 15 i
504 612 42 19 varje
557 612 33 15 val-

43 635 46 15 krets.
96 635 45 15 Inom
147 635 43 19 varje
196 635 69 15 valkrets
271 635 71 15 tillfaller
347 635 85 14 mandaten
438 635 19 14 de
464 635 4 14 i
475 634 115 19 riksdagsvalet

42 657 94 19 deltagande
142 657 78 19 partierna
225 657 120 19 proportionellt
351 656 20 20 på
376 657 76 19 grundval
458 661 20 11 av
484 657 106 14 valresultatet

43 680 43 15 inom
94 680 94 14 valkretsen.
196 677 60 22 Övriga
263 680 21 14 39
291 680 64 14 mandat
362 681 17 13 är
386 679 162 19 utjämningsmandat
555 684 35 10 som

42 702 70 15 fördelas
122 702 17 15 så
148 705 21 12 att
178 702 43 19 varje
231 702 48 19 partis
289 702 120 19 sammanlagda
418 702 41 14 antal
469 702 59 19 platser
537 702 4 14 i
551 701 39 15 riks-

42 725 52 19 dagen
100 724 18 15 så
123 726 37 13 nära
165 729 36 10 som
206 724 64 19 möjligt
275 729 53 10 svarar
334 727 33 12 mot
373 724 58 15 antalet
436 724 69 19 avgivna
511 725 49 13 röster
566 724 25 14 för

42 747 55 19 partiet
105 747 4 14 i
117 747 35 14 hela
159 747 57 14 landet.

65 769 5 14 I
78 769 112 18 fördelningen
198 773 19 10 av
225 769 137 18 riksdagsmandat
370 769 50 14 deltar
427 768 56 15 endast
491 768 56 19 partier
555 773 35 9 som

43 791 27 14 har
78 790 29 15 fått
116 791 47 13 minst
172 790 35 19 fyra
215 793 66 16 procent
290 795 19 9 av
319 790 73 18 samtliga
402 790 4 14 i
415 790 35 14 hela
460 790 52 14 landet
522 790 68 18 avgivna

42 814 53 13 röster.
103 813 25 14 Ett
135 812 39 19 parti
182 817 35 10 som
225 812 31 15 inte
264 811 27 16 når
298 817 32 14 upp
338 812 22 14 till
368 812 178 19 fyraprocentsgränsen
554 816 36 10 men

43 839 35 10 som
86 835 28 14 har
121 834 61 15 erhållit
191 834 48 15 minst
246 834 34 15 tolv
288 836 65 17 procent
361 839 19 10 av
389 835 70 14 rösterna
468 834 3 14 i
480 834 33 15 viss
522 834 68 14 valkrets

42 857 50 14 deltar
101 857 42 14 dock
153 857 26 14 vid
190 856 111 19 fördelningen
311 861 19 10 av
341 856 19 15 de
371 856 40 15 fasta
421 856 154 15 valkretsmandaten
586 856 3 14 i

43 883 61 11 samma
111 879 73 14 valkrets.

65 901 68 15 Rösträtt
140 901 26 15 vid
174 901 98 19 riksdagsval
280 901 27 14 har
313 901 59 14 svensk
379 901 109 18 medborgare,
495 905 36 10 som
538 903 52 12 senast

42 923 20 19 på
68 923 78 19 valdagen
152 923 35 19 fyllt
195 923 19 15 18
220 923 17 15 år
242 923 50 15 under
297 923 112 19 förutsättning
415 926 21 11 att
441 923 31 14 han
478 924 16 13 är
500 926 79 16 upptagen
586 923 4 14 i

42 946 86 18 röstlängd.

65 968 30 14 För
104 970 20 12 att
133 968 53 14 kunna
196 970 42 12 utses
248 968 22 14 till
281 967 144 19 riksdagsledamot
434 967 49 19 gäller
493 971 61 10 samma
563 967 27 14 be-

43 990 119 19 hörighetskrav
170 994 35 10 som
212 990 25 14 för
244 991 66 13 rösträtt.

65 1012 91 19 Riksdagen
165 1012 124 15 sammanträder
296 1012 24 14 till
328 1012 81 16 riksmöte,
418 1011 40 15 efter
466 1012 47 18 nyval
522 1011 20 19 på
550 1011 40 15 fem-

42 1035 48 14 tonde
99 1034 51 19 dagen
159 1034 40 15 efter
208 1034 47 17 valet,
264 1034 31 15 och
304 1034 56 19 övriga
369 1033 16 16 år
394 1034 4 14 i
408 1034 54 14 mitten
472 1038 19 10 av
501 1034 90 19 september

42 1056 63 15 månad.

65 1079 149 19 Riksdagsärenden
223 1079 56 14 bereds
289 1078 4 15 i
303 1078 48 19 något
360 1083 19 10 av
389 1078 93 19 riksdagens
491 1078 59 15 utskott
559 1078 31 14 och

42 1102 58 18 avgörs
108 1105 58 15 genom
175 1101 51 14 beslut
235 1101 4 14 i
247 1101 66 19 plenum
321 1101 111 17 (kammaren).
441 1100 100 19 Regeringen
550 1100 39 15 skall

43 1123 72 15 samråda
120 1123 36 15 med
162 1123 116 15 EU-nämnden
284 1123 4 14 i
294 1122 53 20 frågor
352 1127 35 10 som
393 1123 40 14 skall
438 1123 87 14 behandlas
531 1122 4 15 i
541 1123 49 14 Euro-

42 1145 56 19 peiska
109 1145 82 15 Unionens
203 1145 38 15 Råd.
254 1145 144 15 Utrikesnämnden
409 1146 16 13 är
436 1144 78 15 samråds-
525 1145 31 14 och
567 1145 22 14 in-

42 1167 144 19 formationsorgan
194 1167 57 15 mellan
260 1167 92 19 regeringen
359 1167 31 14 och
397 1167 84 19 riksdagen
489 1167 4 14 i
501 1167 89 18 betydelse-

43 1190 39 14 fulla
89 1190 134 19 utrikespolitiska
230 1190 73 14 ärenden.

65 1212 101 14 Beträffande
176 1212 152 18 riksdagsledamots
338 1212 86 18 ersättning
433 1212 28 14 har
470 1211 120 15 bestämmelser

43 1237 52 12 senast
115 1234 35 14 givits
160 1234 3 14 i
174 1234 24 19 lag
207 1234 30 14 den
246 1234 10 14 9
262 1234 35 19 juni
308 1234 41 14 1994
358 1234 24 17 (nr
393 1234 47 17 1065)
449 1238 27 10 om
484 1233 106 15 ekonomiska

42 1256 58 15 villkor
105 1256 25 15 för
134 1256 93 19 riksdagens
234 1256 89 15 ledamöter.
329 1256 65 15 Arvode
400 1255 44 20 utgår
448 1256 37 14 med
490 1256 59 19 belopp
555 1260 35 10 som

42 1279 70 14 bestäms
124 1283 18 10 av
154 1279 93 18 riksdagens
259 1278 132 15 arvodesnämnd.
404 1278 70 15 Arvodet
486 1279 16 14 är
514 1278 4 14 i
528 1278 61 19 januari

45 1301 40 14 1997
94 1301 20 14 29
121 1301 31 14 500
161 1300 65 15 kr/mån.
236 1301 60 14 Utöver
304 1301 64 14 arvodet
377 1301 76 14 utbetalas
461 1305 19 10 en
489 1300 100 15 kostnadser-

43 1323 68 19 sättning
120 1327 35 10 som
164 1323 25 14 för
198 1322 16 15 år
223 1323 53 14 räknat
286 1324 45 18 utgör
342 1323 47 14 18096
399 1327 20 10 av
428 1322 104 19 basbeloppet
541 1322 49 19 enligt

43 1346 45 18 lagen
95 1350 27 10 om
127 1345 59 15 allmän
192 1345 94 19 försäkring.
293 1345 47 15 Såväl
347 1345 65 15 arvodet
418 1349 34 10 som
459 1345 130 14 kostnadsersätt-

43 1368 58 18 ningen
113 1369 16 13 är
141 1367 107 19 skattepliktig
261 1367 74 15 inkomst.
348 1367 94 15 Ledamöter
454 1372 35 10 som
501 1368 16 13 är
528 1367 62 15 bosatta

43 1390 62 14 utanför
112 1389 174 15 Stockholmsområdet
293 1389 24 15 får
323 1390 103 14 traktamente
433 1394 35 10 som
476 1391 16 13 är
498 1389 91 19 skatteplik-

42 1412 28 19 tigt
75 1412 49 19 enligt
129 1412 65 14 allmänt
199 1412 74 19 gällande
278 1412 54 19 regler.
338 1412 115 14 Traktamentet
459 1412 76 14 utbetalas
541 1412 49 14 under

45 1434 39 15 1997
90 1434 37 15 med
133 1434 31 15 300
170 1434 55 19 kr/dag
231 1433 20 16 då
256 1434 90 15 ledamoten
352 1435 87 13 övernattat
445 1434 63 14 utanför
512 1434 77 14 bostaden

42 1456 20 20 på
71 1457 86 14 hemorten.
167 1456 168 19 Riksdagsledamöter
344 1456 57 15 utifrån
411 1456 52 15 landet
472 1455 24 16 får
504 1456 85 19 ersättning

42 1479 37 14 med
86 1479 141 19 hyreskostnaden,
234 1479 42 14 dock
283 1479 47 18 högst
336 1479 10 14 4
353 1479 32 14 000
392 1478 87 15 kr/månad,
486 1478 25 15 för
518 1483 19 10 en
544 1479 45 14 över-

42 1501 154 19 nattningslägenhet
208 1501 4 14 i
225 1501 98 14 Stockholm.
336 1500 150 19 Riksdagsledamot
498 1500 24 15 får
533 1500 20 19 på
564 1500 26 15 det

42 1523 88 15 allmännas
137 1523 88 15 bekostnad
233 1523 50 15 företa
290 1527 46 11 resor.

65 1546 92 14 Utskottens
166 1545 95 15 ordförande
271 1545 30 15 och
311 1545 35 15 vice
356 1545 95 15 ordförande
461 1545 87 16 redovisas,
558 1545 31 14 för-

42 1570 44 12 utom
96 1568 5 14 i
110 1567 117 15 nedanstående
238 1567 100 19 förteckning
348 1569 38 13 över
395 1567 93 19 riksdagens
498 1567 91 17 ledamöter,

42 1591 40 13 även
92 1590 49 14 under
149 1590 55 14 avd.nr
212 1590 25 14 33.
246 1590 128 14 Statskalendern
384 1589 81 15 redovisar
473 1589 116 19 riksdagsleda-

42 1613 72 14 möterna
122 1612 4 14 i
135 1612 30 14 den
174 1612 117 19 ordningsföljd
301 1612 4 14 i
314 1612 53 14 vilken
376 1612 20 14 de
405 1613 16 13 är
430 1614 78 16 upptagna
518 1611 4 15 i
531 1611 29 15 den
570 1616 19 10 av

42 1634 84 19 riksdagen
135 1634 92 19 upprättade
236 1634 125 19 förteckningen.
371 1630 85 18 Årssiffror
465 1634 44 14 inom
517 1636 72 16 parentes

42 1656 85 15 betecknar
132 1656 66 19 tidigare
204 1656 110 19 ledamotskap
319 1661 19 10 av
345 1656 84 19 riksdagen
435 1656 33 17 (FK
474 1666 11 2 =
492 1656 48 15 första
546 1656 43 14 kam-

42 1683 59 12 maren,
109 1679 30 14 AK
146 1685 11 5 =
165 1679 48 14 andra
219 1679 97 16 kammaren,
324 1679 13 14 R
344 1684 12 6 =
363 1678 96 19 riksdagen).

597 1841 21 15 58

710 160 140 19 Partiställningen
857 160 4 15 i
868 160 86 19 riksdagen

1000 195 44 13 Antal
1051 195 83 13 ledamöter

945 212 49 26 Män
1035 216 68 13 Kvinnor
1123 216 47 13 Totalt

617 233 174 26 Socialdemokraterna
968 236 19 14 82
1045 236 19 14 79
1125 237 26 13 161

627 258 78 13 Moderata
712 258 125 17 samlingspartiet
968 257 19 14 56
1045 257 19 14 24
1134 257 19 14 80

627 274 64 27 Centern
970 278 17 14 14
1047 278 17 14 13
1133 278 19 13 27

627 299 90 18 Folkpartiet
723 299 88 14 liberalerna
970 299 16 13 15
1047 299 15 13 11
1133 299 20 13 26

618 316 125 26 Vänsterpartiet
970 320 14 13 1
1047 319 15 14 11
1133 319 20 14 22

617 331 108 31 Miljöpartiet
978 341 9 13 7
1047 340 14 14 11
1136 340 16 14 18

616 357 165 28 Kristdemokraterna
970 361 17 14 10
1055 361 8 14 5
1136 361 16 14 15

627 394 85 17 Riksdagen
719 394 43 14 totalt
958 389 27 27 195
1035 393 27 14 154
1122 393 29 14 349

710 434 98 15 Procentuell
815 434 92 19 fördelning
913 439 20 10 av
939 434 82 19 kvinnliga
1028 434 89 15 ledamöter

709 456 44 15 inom
760 456 82 19 partierna

1008 481 52 26 Antal
1105 485 62 13 Procent

619 502 172 26 Socialdemokraterna
1027 505 19 14 79
1105 505 19 14 49

627 526 78 14 Moderata
712 526 125 18 samlingspartiet
1027 526 20 14 24
1106 526 19 14 30

627 543 63 27 Centern
1029 547 17 13 13
1105 547 19 14 48

627 568 90 18 Folkpartiet
724 568 87 14 liberalerna
1029 568 14 13 1
1104 567 20 14 42

618 584 125 26 Vänsterpartiet
1029 589 14 13 11
1105 588 20 14 50

616 605 109 26 Miljöpartiet
1029 609 14 14 1
1105 609 16 14 61

616 626 165 28 Kristdemokraterna
1037 630 8 14 5
1105 630 19 13 33

627 657 85 18 Riksdagen
719 657 42 14 totalt
1017 656 27 14 154
1105 656 18 14 44

627 700 39 25 30a
681 696 20 39 —
710 704 128 26 Riksdagen

709 751 66 15 Talman

627 773 40 15 Dahl
675 774 31 14 Rut
713 773 72 19 Birgitta,
793 773 25 17 37,
826 773 21 15 94
855 778 6 9 s

709 814 55 14 Förste
771 813 33 15 vice
811 813 61 15 talman

626 836 60 19 Björck
692 836 64 15 Anders
762 836 85 17 Per-Arne,
854 836 26 17 44,
888 836 21 14 94
916 840 16 10 m

709 877 55 15 Andre
770 877 34 15 vice
811 877 60 15 talman

626 899 74 15 Thurdin
707 899 48 15 Görel
763 899 56 17 Maria,
826 899 26 17 42,
860 899 21 15 94
888 904 8 10 c

709 941 57 19 Tredje
772 941 34 15 vice
813 941 60 15 talman

627 963 65 15 Eirefelt
698 964 28 14 Jan
734 963 78 17 Christer,
819 963 26 17 42,
853 963 21 14 94
881 963 17 19 fp

627 1007 39 24 30b

627 1057 122 18 Papadopoulos
756 1056 49 15 Nikos
813 1057 97 18 Företagare,
918 1056 26 17 39,
952 1056 21 15 96
980 1056 109 18 (Stockholm)
1096 1061 7 9 s

626 1078 97 19 Segelström
730 1079 47 18 Inger
784 1079 62 19 Agneta
853 1078 94 19 Miljösekr.,
955 1078 26 17 52,
988 1078 20 15 95
1017 1078 108 18 (Stockholm)
1133 1083 7 10 s

626 1101 91 16 Johansson
727 1101 37 14 Sten
774 1100 40 16 Olof
821 1100 56 15 Håkan
887 1100 17 15 fd
914 1100 74 17 Statsråd,
999 1100 25 17 37,
1035 1101 18 14 71
1065 1100 109 18 (Stockholm)

650 1123 82 15 Partiordf.
740 1128 8 9 c

626 1145 52 17 Järrel
686 1145 62 15 Henrik
755 1145 54 15 Stefan
817 1145 125 17 Mediekonsult,
950 1145 26 17 48,
984 1145 20 17 (R
1012 1145 62 17 91—94)
1082 1145 20 14 95
1111 1145 63 17 (Stock-

650 1167 51 18 holm)
709 1172 16 10 m

626 1190 90 14 Fleetwood
726 1189 82 15 Elisabeth
819 1190 48 14 Alma
878 1189 74 15 Fredrika
963 1189 124 15 Swantesdotter
1098 1189 76 19 Adjunkt,

650 1212 26 16 27,
684 1212 20 15 79
712 1212 108 17 (Stockholm)
828 1212 52 14 KrU:s
888 1212 34 14 vice
930 1211 40 15 ordf.
978 1216 16 10 m

626 1234 43 15 Bildt
679 1234 35 15 Nils
725 1234 56 14 Daniel
792 1234 38 14 Carl
841 1234 17 14 fd
869 1234 117 16 Statsminister,
997 1234 26 16 49,
1034 1234 20 14 79
1065 1233 109 18 (Stockholm)

650 1256 82 15 Partiordf.
740 1261 15 10 m

626 1279 79 18 Friggebo
713 1278 50 19 Birgit
772 1279 40 14 Irma
821 1278 77 19 Gunborg
907 1278 17 15 fd
933 1278 74 17 Statsråd,
1016 1278 27 17 41,
1053 1278 19 18 (R
1082 1278 62 18 79-82)
1154 1278 19 15 85

650 1301 108 17 (Stockholm)
767 1301 44 15 KU:s
818 1301 40 14 ordf.
867 1301 17 19 fp

626 1323 96 15 Nordström
728 1323 72 15 Kristina
807 1324 57 13 Anette
870 1323 116 16 Ombudsman,
993 1323 25 17 55,
1025 1323 21 14 96
1052 1323 108 17 (Stockholm)
1167 1327 7 10 s

627 1345 76 19 Könberg
710 1345 23 15 Bo
740 1345 53 15 Göran
801 1345 17 15 fd
826 1344 74 18 Statsråd,
907 1345 26 17 45,
941 1345 20 15 95
969 1345 109 18 (Stockholm)
1085 1345 17 19 fp

615 1363 85 27 Nygårds
706 1358 84 32 Sven-Åke
797 1368 102 17 Smidesarb.,
907 1368 26 16 43,
941 1368 20 17 (R
969 1367 62 18 88-91)
1038 1367 21 15 94
1066 1368 90 17 (Bromma)
1165 1372 6 10 s

626 1390 72 19 Ygeman
705 1390 63 15 Anders
776 1390 56 19 Ingvar
839 1390 92 19 Försäljare,
939 1390 25 16 70,
972 1390 21 14 96
1000 1390 109 17 (Stockholm)
1116 1394 7 10 s

627 1412 104 15 Westerholm
738 1412 63 15 Barbro
809 1412 33 15 MD
850 1412 39 14 Doc.
898 1412 46 17 Prof.,
952 1412 26 16 33,
986 1412 20 15 88
1014 1412 108 17 (Stockholm)
1130 1412 17 19 fp

626 1434 76 15 Hedlund
709 1434 38 15 Carl
754 1434 39 15 Erik
800 1434 82 15 Civ.ekon.
892 1434 36 17 Dir.,
935 1434 26 17 36,
969 1434 20 15 95
997 1434 109 18 (Stockholm)
1113 1438 16 10 m

626 1457 94 18 Zetterberg
727 1456 52 19 Ingrid
787 1456 33 15 Eva
827 1457 94 18 Margareta,
928 1457 26 16 47,
962 1456 17 15 91
990 1456 109 18 (Stockholm)
1106 1461 10 9 v

626 1479 88 18 Odenberg
720 1479 60 14 Mikael
789 1479 41 14 I:son
838 1479 73 17 Konsult,
919 1479 26 16 53,
952 1479 19 14 91
981 1479 108 17 (Stockholm)
1097 1483 15 10 m

626 1501 82 15 Wistrand
714 1501 68 19 Birgitta
789 1501 61 15 Helena
855 1501 90 19 Margareta
951 1501 27 14 FK
984 1501 20 14 Dir.,
1039 1501 15 16 39,
1061 1501 18 14 91
1088 1501 85 19 (Uppsala)

650 1528 15 10 m

626 1545 101 15 Kristersson
734 1545 28 15 Ulf
767 1545 88 17 Civ.ekon.,
863 1545 25 17 63,
896 1546 20 14 94
924 1545 108 18 (Stockholm)
1041 1550 15 10 m

626 1568 81 18 Lindgren
714 1567 52 19 Sylvia
774 1568 53 14 Astrid
834 1567 83 17 Tidn.bud,
925 1568 26 16 45,
958 1567 21 15 92
987 1567 108 18 (Stockholm)
1103 1572 7 10 s

626 1590 42 15 Goäs
677 1590 33 15 Eva
719 1590 79 15 Christina
807 1590 145 17 Mellanstadielär.,
961 1590 26 16 47,
997 1590 20 17 (R
1027 1590 61 17 88-91)
1097 1590 21 14 94
1127 1590 46 17 (Här-

650 1612 68 17 nösand)
725 1617 27 14 mp

626 1634 70 15 Fonseca
702 1634 43 17 Juan
753 1634 61 19 Miguel
822 1635 64 16 Förest.,
894 1634 25 17 54,
927 1634 20 15 95
955 1634 60 18 (Kista)
1023 1639 6 9 s

626 1657 33 14 Ask
665 1657 33 14 Eva
705 1657 47 14 Carin
758 1656 73 15 Beatrice
837 1656 17 15 fd
861 1656 74 17 Statsråd,
942 1656 26 17 56,
975 1657 21 17 (R
1003 1656 27 18 88)
1037 1656 21 15 94
1065 1656 108 18 (Stockholm)

650 1679 55 14 UbU:s
714 1679 34 14 vice
755 1679 40 14 ordf.
804 1683 15 10 m

625 1701 82 16 Josefsson
713 1701 40 14 Rolf
758 1696 35 19 Åke
800 1701 75 18 Ingemar
881 1701 16 14 fd
905 1700 92 19 Borgarråd,
1004 1701 26 16 39,
1037 1701 21 14 94
1065 1700 108 18 (Stockholm)

650 1728 6 9 s

710 1015 116 16 Stockholms
834 1015 98 16 kommuns
940 1014 78 17 valkrets
