1066 1564
106 73 62 26 [148]

106 241 62 27 [148]

506 76 115 22 Riksdagen.

124 282 48 34 V.
222 280 288 47 Riksdagen,
542 280 109 37 dess
683 280 327 37 Ombudsmän

436 334 89 37 och
556 334 138 36 Verk.

257 412 143 28 Riksdagen.

122 454 67 16 Lagtima
199 454 60 16 riksdag
270 454 43 15 skall,
324 454 4 12 i
340 454 40 12 kraft
392 458 19 8 av
422 454 46 12 rikets
480 454 78 15 regerings-

103 472 43 16 form,
156 472 109 13 sammanträda
275 472 41 16 varje
326 472 16 12 år
351 472 28 12 den
391 475 17 9 10
418 471 58 17 januari
484 471 40 16 eller,
533 475 24 9 om

104 490 61 16 helgdag
174 490 19 13 då
202 490 74 16 inträffar,
285 490 46 16 dagen
341 490 69 13 därefter.

122 508 50 13 Första
182 508 88 12 kammarens
280 508 74 13 ledamöter
364 509 26 11 äro
402 511 26 12 150
439 508 27 12 och
478 507 46 16 väljas
535 507 23 13 för

104 525 32 14 åtta
146 526 22 15 år,
175 526 65 12 räknade
249 525 33 13 från
291 526 27 12 och
327 526 34 12 med
370 525 58 17 januari
436 525 61 13 månads
506 525 51 16 början

104 544 31 12 året
144 545 33 11 näst
186 544 37 12 efter
231 544 31 15 det,
271 544 46 12 under
325 543 47 13 vilket
381 543 39 13 valet
429 543 45 16 skett,
483 547 18 9 av
510 543 48 13 lands-

104 561 49 16 tingen
167 562 27 12 och
207 561 132 16 stadsfullmäktige
352 561 5 13 i
369 561 18 13 de
400 561 54 16 städer,
465 565 32 9 som
508 561 13 16 ej
528 561 30 13 del-

104 580 34 15 taga
150 579 5 13 i
170 579 78 16 landsting.
266 579 29 13 För
307 579 25 13 val
343 579 25 13 till
379 579 51 13 Första
444 579 84 13 kammaren
542 580 16 11 är

103 597 39 13 riket
154 597 55 13 indelat
222 597 6 13 i
242 601 16 12 19
271 597 87 13 valkretsar.
380 597 92 13 Stockholms
485 597 33 13 stad
531 597 27 13 och

104 615 81 16 Göteborgs
196 615 34 13 stad
242 616 53 15 utgöra
307 619 27 9 var
345 615 23 13 för
380 615 22 16 sig
414 619 17 9 en
442 615 69 13 valkrets.
529 615 29 12 An-

104 637 29 9 nan
145 633 39 16 stad,
197 637 32 9 som
241 633 13 16 ej
268 633 65 16 deltager
343 633 4 12 i
357 633 79 16 landsting,
445 633 50 13 tillhör
502 636 56 10 samma

103 651 65 13 valkrets
178 655 32 9 som
221 651 25 13 det
256 651 146 16 landstingsområde,
413 651 33 13 vari
456 651 51 13 staden
517 651 41 12 förut

103 669 53 16 ingått.
178 669 94 16 Indelningen
288 669 5 13 i
310 669 81 13 valkretsar
406 669 79 13 innehålles
503 668 5 13 i
527 668 31 13 val-

104 687 46 16 lagen.
167 687 28 13 För
210 687 41 16 varje
266 687 65 13 valkrets
346 687 46 16 väljes
407 687 38 12 efter
455 686 102 16 folkmängden

103 704 40 14 inom
157 705 32 12 dess
200 705 60 12 område
271 708 17 10 en
298 705 101 15 riksdagsman
410 705 24 12 för
444 706 34 11 vart
489 704 34 13 fullt
533 704 26 16 tal,

103 723 104 13 motsvarande
218 722 30 16 1/59
261 726 18 9 av
290 722 46 13 rikets
347 722 90 16 folkmängd.
455 722 103 13 Valkretsarna

103 740 56 13 indelas
166 740 5 13 i
179 741 31 12 åtta
218 744 68 12 grupper,
292 740 49 13 vilken
348 740 75 16 indelning
430 740 78 13 fastställes
516 740 4 13 i
528 740 30 13 val-

104 758 47 16 lagen.
165 758 44 16 Varje
217 758 17 13 år
242 758 46 13 under
296 758 82 16 september
385 758 54 13 månad
447 758 37 13 skall
492 758 39 13 inom
540 762 18 9 en

104 780 19 9 av
131 776 64 13 nämnda
202 780 64 12 grupper
273 776 70 13 förrättas
351 776 25 13 val
383 776 23 13 för
414 776 98 16 nästföljande
520 776 38 13 åtta-

104 794 78 16 årsperiod.
201 794 29 13 Det
244 794 41 13 antal
297 794 100 16 riksdagsmän
411 794 18 13 de
443 794 71 13 särskilda
528 794 30 13 val-

103 812 77 13 kretsarna
193 812 42 13 skola
249 814 32 11 utse
295 812 87 13 bestämmes
397 812 45 16 enligt
456 812 102 13 ovannämnda

104 834 42 9 norm
155 834 19 9 av
185 830 81 16 Konungen
277 831 33 12 vart
322 834 30 9 10:e
362 830 16 13 år
388 830 25 16 (K.
424 830 44 16 kung.
478 830 50 13 härom
534 829 24 16 12/6

106 848 46 16 1941).
170 848 64 13 Valbara
248 849 26 12 äro
286 848 5 13 i
303 848 112 13 kommunernas
428 848 74 13 allmänna
516 852 41 12 ange-

104 866 83 15 lägenheter
195 866 123 16 röstberättigade
327 867 34 12 män
370 866 27 13 och
407 866 68 16 kvinnor,
484 870 32 9 som
521 870 36 12 upp-

104 884 34 13 nått
148 887 16 12 35
175 884 23 13 års
207 884 45 13 ålder.

122 902 49 13 Andra
179 902 87 13 kammarens
273 902 73 13 ledamöter
354 902 25 12 äro
388 905 31 12 230,
428 901 43 13 valda
479 901 23 13 för
509 905 18 9 en
536 901 21 13 tid

104 923 19 9 av
131 920 33 15 fyra
172 920 21 15 år,
201 920 64 13 räknade
273 920 32 12 från
314 920 27 12 och
349 919 33 13 med
390 919 59 16 januari
456 919 61 13 månads
525 920 33 12 bör-

103 937 25 16 jan
139 938 31 12 året
180 939 33 11 näst
223 938 38 12 efter
269 938 31 15 det,
310 938 46 12 under
365 937 47 13 vilket
421 937 40 13 valet
470 938 44 12 skett.
530 937 28 13 För

103 955 42 13 dessa
152 955 24 13 val
182 957 17 11 är
203 956 39 12 riket
248 955 56 13 indelat
310 955 5 13 i
323 956 16 12 28
347 955 86 13 valkretsar.
445 955 29 13 För
480 955 41 16 varje
527 955 30 13 val-

103 973 40 13 krets
149 973 46 16 väljes
200 973 38 13 efter
242 973 102 16 folkmängden
350 973 40 13 inom
396 973 32 13 dess
434 973 58 13 område
498 977 18 9 en
521 973 36 13 riks-

103 991 70 16 dagsman
168 981 31 30 för
198 981 36 30 vart
241 991 34 13 fullt
280 991 26 16 tal,
310 991 102 13 motsvarande
416 990 29 16 !/sso
450 991 66 13 avrikets
521 991 36 13 folk-

103 1009 59 16 mängd.
177 1009 51 13 Rikets
237 1009 75 16 indelning
320 1009 5 13 i
334 1009 82 13 valkretsar
424 1009 79 18 innehålles
512 1009 6 13 i
527 1009 30 13 val-

104 1027 46 15 lagen.
163 1027 44 16 Varje
213 1027 24 13 län
244 1028 44 15 utgör
294 1031 17 9 en
318 1027 70 16 valkrets,
394 1028 42 12 utom
444 1025 78 18 Älvsborgs
528 1027 29 15 län,

103 1048 32 10 som
142 1046 17 11 är
166 1045 39 13 delat
212 1045 6 13 i
226 1049 7 9 2
241 1045 63 16 kretsar,
311 1045 72 16 varjämte
390 1045 64 16 följande
462 1045 49 13 städer
517 1045 40 13 bilda

103 1066 28 9 var
137 1062 22 13 sin
167 1062 70 14 valkrets:
246 1063 13 16 1)
268 1063 90 15 Stockholm,
366 1063 13 16 2)
389 1062 59 17 Malmö,
456 1063 101 16 Hälsingborg,

103 1081 96 13 Landskrona
210 1081 26 13 och
248 1081 48 16 Lund,
308 1081 13 16 3)
334 1081 78 16 Göteborg.
429 1081 29 13 Det
470 1081 41 13 antal
521 1081 37 13 riks-

103 1099 75 15 dagsmän,
187 1099 41 16 varje
236 1099 65 13 valkrets
310 1100 34 15 äger
352 1100 38 14 utse,
399 1098 79 14 fastställes
486 1099 23 13 för
517 1099 41 16 varje

103 1116 107 17 fyraårsperiod
220 1120 19 10 av
248 1117 81 16 Konungen
338 1117 25 16 (K.
372 1117 44 15 kung.
425 1117 51 13 härom
485 1116 17 16 ?/s
512 1117 45 16 1940).

104 1134 58 13 Valrätt
171 1134 89 14 tillkommer
268 1138 46 9 envar
322 1135 53 12 svensk
383 1138 34 9 man
426 1135 27 13 och
461 1134 60 16 kvinna,
527 1139 31 8 som

103 1154 49 11 senast
161 1152 47 13 under
215 1152 119 16 nästföregående
340 1152 86 13 kalenderår
431 1152 34 16 fyllt
472 1156 17 12 23
496 1152 21 16 år,
522 1153 37 12 dock

104 1170 13 16 ej
123 1170 33 15 den,
162 1174 31 9 som
199 1170 32 13 står
236 1170 47 13 under
288 1170 121 17 förmynderskap
414 1170 36 13 eller
455 1171 17 12 är
478 1170 4 13 i
488 1170 70 13 konkurs-

104 1188 72 16 tillstånd,
181 1188 13 16 ej
202 1188 46 13 heller
255 1188 33 16 den,
297 1192 31 9 som
336 1190 17 11 är
358 1192 20 9 av
382 1188 74 13 allmänna
460 1188 98 16 fattigvården

104 1206 123 16 omhändertagen
233 1206 23 13 för
260 1206 68 16 varaktig
331 1206 93 16 försörjning.
430 1206 63 13 Valbara
497 1207 25 12 äro
525 1208 33 11 män

104 1224 26 13 och
141 1224 68 15 kvinnor,
218 1228 32 9 som
259 1224 65 16 uppnått
334 1227 16 12 25
361 1224 24 13 års
394 1224 41 13 ålder
444 1226 38 11 samt
492 1225 27 15 äga
529 1224 30 13 val-

105 1242 31 12 rätt
145 1242 40 13 inom
194 1242 83 13 valkretsen
288 1242 40 16 eller,
337 1242 28 13 där
373 1242 42 16 fråga
424 1243 17 12 är
450 1246 24 9 om
483 1242 39 16 stad,
528 1246 31 9 som

105 1259 50 14 består
164 1263 19 9 av
191 1260 37 13 flera
237 1260 88 16 valkretsar,
333 1260 40 13 inom
383 1260 47 16 någon
440 1264 19 9 av
469 1260 46 13 dessa.

122 1277 93 13 Gemensamt
223 1278 23 13 för
255 1278 38 13 båda
302 1278 85 13 kamrarnas
394 1277 81 14 ledamöter
480 1278 51 16 gäller,
537 1279 22 11 att

103 1295 204 17 riksdagsmannabefattning
318 1296 28 13 kan
357 1297 53 12 utövas
418 1296 52 13 endast
479 1300 19 8 av
506 1296 53 13 svensk

104 1313 99 16 medborgare.

122 1331 30 12 Till
165 1331 38 13 båda
216 1331 79 13 kamrarna
308 1332 25 12 ske
347 1331 43 13 valen
403 1332 34 12 med
448 1331 111 17 proportionellt

104 1348 61 14 valsätt.

122 1366 93 13 Beträffande
228 1367 99 16 ersättningen
341 1367 23 12 för
376 1367 183 16 riksdagsmannauppdra-

104 1385 31 15 gets
149 1384 91 16 fullgörande
256 1385 39 12 hava
310 1385 110 13 bestämmelser
433 1385 44 15 givits
490 1385 5 12 i
509 1388 17 9 en
540 1389 19 8 av

105 1402 80 16 Konungen
199 1403 27 12 och
240 1402 76 16 riksdagen
331 1403 15 12 år
363 1407 34 11 1941
413 1402 65 13 samfällt
492 1402 67 13 beslutad

104 1420 57 15 stadga.
180 1420 131 13 Bestämmelserna
325 1421 24 12 äro
363 1420 5 13 i
380 1420 57 16 princip
446 1420 82 13 utformade
538 1420 20 16 så,

104 1439 23 11 att
141 1438 54 12 arvode
208 1438 44 15 utgår
266 1438 51 13 endast
332 1438 8 13 å
353 1438 44 16 tider,
412 1438 19 13 då
446 1439 67 14 ärenden,
528 1442 31 9 som

105 1455 81 16 Konungen
200 1455 62 16 förelagt
275 1456 81 15 riksdagen,
371 1457 25 12 äro
410 1456 70 13 beroende
492 1456 19 16 på
525 1456 34 12 den-

105 1477 27 9 nas
146 1473 72 16 prövning
232 1473 34 13 eller
276 1473 19 14 då
305 1474 78 15 riksdagen
392 1474 42 16 eljest
444 1474 115 13 sammanträder

104 1491 26 13 för
143 1491 96 16 mottagande
253 1495 19 9 av
284 1491 95 14 meddelande
389 1491 45 17 enligt
444 1492 6 15 $
460 1492 18 15 56
487 1492 72 15 riksdags-

548 1535 9 16 2

573 413 80 16 ordningen
666 412 6 13 i
685 412 124 17 utrikespolitiskt
822 412 35 14 eller
866 413 46 13 annat
921 413 58 13 ärende.
998 412 28 14 Vid

572 431 61 15 lagtima
648 431 59 15 riksdag
721 430 38 13 skall
774 430 54 13 arvode
843 430 37 13 dock
895 431 36 15 utgå
946 431 22 12 för
981 430 45 14 minst

572 449 33 15 fyra
613 448 73 15 månader,
696 449 16 12 så
722 449 44 12 framt
775 448 13 16 ej
797 448 77 15 riksdagen
883 448 100 13 dessförinnan
989 452 37 12 upp-

572 465 41 13 löses.
638 466 64 13 Arvodet
715 466 46 12 under
776 465 61 16 lagtima
852 466 27 13 och
892 465 55 13 urtima
960 465 67 16 riksdags

572 483 64 13 faktiska
645 483 154 14 sammanträdestider
806 484 44 15 utgår
857 483 34 13 med
901 486 26 13 750
936 483 22 13 kr.
968 483 23 13 för
996 484 31 12 må-

572 502 30 12 nad
611 502 23 13 för
645 502 106 15 riksdagsman,
765 505 30 10 som
809 503 17 11 är
838 502 50 12 bosatt
900 501 5 13 i
913 501 112 16 riksdagsorten,

573 520 27 13 och
610 523 40 12 1,000
659 520 22 13 kr.
691 520 23 12 för
723 519 53 13 månad
785 520 23 12 för
817 522 47 10 annan
873 519 106 16 riksdagsman.
998 519 29 13 Vid

573 541 31 9 resa
613 537 24 13 till
650 538 27 12 och
690 538 32 12 från
735 537 77 16 riksdagen
824 537 26 13 vid
858 537 33 13 dess
900 537 51 16 början
961 537 27 13 och
997 537 30 13 slut

582 559 7 9 r
597 555 106 16 riksdagsman,
712 559 31 9 som
755 555 13 16 ej
779 556 16 12 är
804 555 49 13 bosatt
863 555 8 13 å
880 555 113 15 riksdagsorten,
1002 555 25 13 be-

573 573 64 16 rättigad
650 573 25 13 till
687 573 81 16 ersättning
781 573 23 13 för
817 573 45 13 därav
872 573 76 13 föranledd
957 573 70 13 resekost-

573 591 34 13 nad.
625 591 76 13 Därjämte
714 592 34 15 äger
760 591 105 15 riksdagsman,
875 594 31 9 som
915 591 46 13 under
970 591 27 15 tid,
1007 591 20 13 då

563 607 1 16 |
573 609 53 13 arvode
640 609 43 16 utgår
695 608 25 13 till
732 609 58 15 honom,
804 609 37 12 efter
853 608 65 17 beviljad
930 608 63 16 ledighet
1002 609 25 12 be-

573 627 42 13 söker
623 627 80 16 hemorten,
713 627 59 16 åtnjuta
781 626 81 16 ersättning
871 626 23 13 för
899 627 46 12 därav
950 626 77 13 föranledd

573 645 98 15 resekostnad,
685 645 37 13 dock
736 645 42 15 högst
790 645 23 12 för
821 644 25 13 det
855 644 41 13 antal
905 648 39 9 resor
952 644 38 13 fram
999 645 27 12 och

573 663 36 15 åter,
618 667 31 9 som
658 664 82 12 motsvarar
748 666 18 9 en
775 666 27 9 var
810 662 74 13 femtonde
894 662 33 16 dag.

592 681 87 13 Kamrarnas
693 680 55 13 talmän
758 680 55 13 erhålla
822 680 46 13 under
876 680 28 16 tid,
913 680 19 13 då
941 680 54 13 arvode
1004 680 24 13 till

573 699 33 13 dem
620 699 48 15 utgår,
681 698 173 17 representationsbidrag
867 698 33 13 med
915 702 40 11 1,000
969 698 21 13 kr.
1004 698 23 13 för

573 716 58 16 månad,
645 716 37 13 dock
691 716 43 16 högst
742 716 34 13 med
786 719 40 13 5,000
836 716 22 13 kr.
867 716 46 13 under
922 717 22 11 ett
952 716 28 13 och
989 719 38 10 sam-

573 738 24 10 ma
606 734 88 13 kalenderår.

591 753 54 12 Genom
655 756 18 9 en
683 752 16 13 år
709 755 34 13 1941
761 753 65 14 företagen
836 751 63 16 ändring
908 751 4 13 i
919 752 6 15 $
932 755 17 12 30
954 751 73 16 riksdags-

573 770 79 16 ordningen
666 770 27 13 har
707 769 76 17 möjlighet
798 770 55 12 beretts
868 770 23 12 att
906 769 26 13 vid
945 769 34 16 krig
993 769 35 13 eller

573 788 70 16 krigsfara
653 788 80 16 uppskjuta
742 787 24 13 val
778 787 24 13 till
809 787 82 16 riksdagen,
900 786 42 14 såväl
950 787 24 13 till
981 787 46 13 första

573 810 31 9 som
613 806 45 13 andra
667 806 89 13 kammaren.
775 805 79 16 Konungen
867 805 27 13 och
903 805 76 16 riksdagen
988 805 39 13 hava

573 824 72 16 nämligen
664 824 87 15 berättigats
767 824 23 12 att
804 824 89 15 gemensamt
906 823 62 15 besluta,
984 824 23 12 att
1022 823 5 13 i

572 842 64 13 nämnda
650 841 26 13 fall
689 841 24 13 val
726 841 24 13 till
762 841 77 16 riksdagen
852 840 43 16 skall,
908 845 24 9 om
946 841 24 13 det
979 841 48 13 finnes

573 860 114 16 oundgängligen
700 859 96 16 nödvändigt,
805 859 92 16 uppskjutas,
906 858 38 14 dock
954 859 42 16 högst
1005 860 22 12 ett

573 878 17 13 år
598 885 18 3 —
625 878 62 13 beslutet
696 878 29 12 kan
735 877 80 13 emellertid
824 880 72 13 upprepas
905 883 18 3 —
932 877 32 13 från
971 877 25 12 det
1002 880 26 9 va-

573 896 20 13 let
602 896 33 13 bort
645 897 26 15 äga
680 900 37 11 rum,
727 896 27 12 och
764 896 22 12 att
793 894 81 17 valperiod,
880 899 31 8 som
917 894 48 14 skolat
970 894 57 17 utlöpa,

572 913 72 17 förlänges
658 914 32 12 med
704 914 22 12 ett
738 913 20 13 år.
777 913 57 13 Härvid
843 913 23 13 må
875 912 49 13 tillika
933 913 94 15 bestämmas,

573 933 23 12 att
605 932 114 16 giltighetstiden
732 931 23 13 för
768 931 25 13 det
802 931 30 15 val,
840 934 31 10 som
881 932 34 14 äger
923 934 32 9 rum
951 923 16 30 i
978 930 50 14 stället

572 950 23 12 för
604 950 25 12 det
642 949 95 17 uppskjutna,
751 948 38 14 skall
802 949 72 13 förkortas
886 948 33 13 med
928 949 22 12 ett
960 948 21 13 år.
1000 948 28 13 För

572 968 83 15 riksdagens
667 967 24 13 del
699 967 73 13 erfordras
780 966 81 13 emellertid
870 966 23 13 för
902 966 47 13 beslut
958 970 24 9 om
991 970 37 12 upp-

572 986 36 12 skov
621 989 19 9 av
654 984 24 14 val
691 985 27 13 och
731 984 91 16 förlängning
835 988 19 9 av
868 984 76 16 valperiod
955 984 46 13 minst
1010 983 17 16 5/4

571 1003 75 17 majoritet
659 1003 5 13 i
677 1003 61 13 vardera
750 1003 89 12 kammaren.
857 1002 29 13 Det
903 1006 29 12 nya
941 1002 87 16 stadgandet

572 1025 24 9 om
604 1021 92 16 förlängning
709 1024 19 10 av
740 1020 75 17 valperiod
828 1020 57 13 medför
900 1020 43 16 ingen
951 1020 77 13 inskränk-

572 1039 35 16 ning
616 1039 5 13 i
631 1039 87 16 Konungens
726 1040 31 11 rätt
766 1040 23 11 att
797 1038 69 13 förordna
874 1042 25 9 om
909 1042 30 12 nya
948 1037 29 14 val.

591 1057 77 13 Allmänna
677 1057 24 13 val
710 1057 23 12 till
741 1056 50 13 Andra
799 1057 84 12 kammaren
892 1056 56 13 skedde
956 1057 49 12 senast
1012 1056 16 13 år

574 1079 40 13 1940,
624 1075 40 13 vilka
673 1075 25 13 val
707 1074 38 17 gälla
754 1075 23 13 för
786 1074 69 17 perioden
866 1078 97 13 1941—1944.

693 1128 75 17 Första
781 1127 122 18 kammaren.

713 1164 115 17 Stockholms
840 1164 47 17 stad.

656 1193 125 22 (Mandattiden
793 1193 49 22 utgår
854 1193 19 17 år
887 1193 57 22 1945.)

574 1224 88 20 Wistrand,
674 1225 43 16 Karl
726 1225 93 19 Knutsson,
829 1224 23 16 fd.
862 1224 82 16 Direktör
953 1221 53 23 [976],
1016 1224 11 15 f.

599 1249 28 18 89;
641 1249 21 16 38
675 1247 42 21 (adr.
731 1246 111 21 Stockholm).

574 1272 60 19 Ström,
647 1273 40 16 Otto
696 1272 78 20 Fredrik,
784 1272 123 16 Skriftställare
915 1269 53 23 [851],
979 1272 9 15 f.
998 1271 29 19 80;

599 1297 22 16 38
634 1295 43 21 (adr.
690 1294 99 22 Ulvsunda).

574 1320 76 19 Ewerlöf,
668 1321 48 15 Knut
734 1320 83 19 Gerhard,
831 1318 76 18 Statsråd
919 1317 40 22 [48],
973 1319 11 16 f.
998 1318 28 20 90;

599 1345 22 15 38
633 1342 42 22 (adr.
689 1342 112 21 Stockholm).

575 1367 81 19 Carlsson,
669 1368 46 19 Olof,
731 1368 24 15 fd.
772 1367 152 19 Förtroendeman,
938 1367 11 15 f.
963 1365 28 20 72;
1005 1366 22 16 38

598 1390 42 21 (adr.
654 1389 112 22 Stockholm).

574 1415 57 19 Gärde,
637 1416 87 20 Johannes
732 1415 90 19 Natanael,
832 1415 23 15 fd.
862 1412 98 23 Justitieråd
969 1411 28 22 [72
1005 1411 22 22 al,

598 1440 11 15 f.
623 1439 27 19 80;
665 1439 22 16 38
699 1437 42 21 (adr.
755 1436 111 21 Stockholm).

574 1462 84 22 Branting,
677 1463 63 20 Georg,
758 1463 14 20 J.
791 1462 28 20 K.,
839 1461 85 20 Advokat,
937 1461 11 16 f.
962 1459 28 21 87;
1005 1460 22 16 38

597 1485 42 21 (adr.
653 1484 113 22 Stockholm).

561 1534 21 16 14
