1040 1550
75 45 64 35 [148]

483 48 115 22 Riksdagen.

78 177 61 25 [148]

95 223 48 34 V.
193 221 288 47 Riksdagen,
514 221 109 36 dess
656 220 327 37 Ombudsmän

409 281 88 36 och
528 280 139 36 Verk.

228 371 144 27 Riksdagen.

93 418 83 16 Riksdagen
185 418 43 15 skall,
237 418 4 12 i
250 418 39 13 kraft
295 422 19 9 av
320 418 46 13 rikets
372 418 115 16 regeringsform,
493 422 37 9 sam-

75 436 77 13 manträda
162 436 41 16 varje
214 436 16 12 år
239 436 28 12 den
279 440 16 8 10
305 436 57 15 januari
368 436 40 15 eller,
414 440 23 9 om
444 436 61 15 helgdag
511 436 18 12 då

74 454 75 15 inträffar,
157 454 46 15 dagen
211 454 69 13 därefter,
290 454 81 16 Riksdagen
381 454 36 12 skall
423 457 34 9 vara
464 453 66 13 avslutad

75 472 29 13 den
114 475 15 12 31
140 472 79 12 december.
236 475 34 12 1949
281 472 91 12 avskaffades
382 472 80 15 begreppen
471 471 59 16 lagtima

75 490 26 12 och
116 490 53 12 urtima
182 490 57 15 riksdag
253 490 26 12 och
294 491 60 11 ersattes
368 493 18 9 av
399 489 83 16 vårsession,
492 489 38 13 höst-

75 507 53 13 session
137 508 27 12 och
173 509 41 11 extra
224 507 57 13 session.
291 507 100 13 Vårsessionen
400 508 36 12 skall
442 507 5 13 i
453 507 37 16 regel
496 511 34 9 vara

75 525 68 13 avslutad
152 525 28 13 den
190 529 16 12 31
216 525 34 16 maj.

94 546 49 13 Första
155 546 87 13 kammarens
252 546 74 13 ledamöter
337 547 26 11 äro
375 549 26 12 150
412 546 27 13 och
451 546 46 16 väljas
509 546 22 12 för

75 564 32 13 åtta
117 564 22 16 år,
147 564 65 13 räknade
221 564 32 13 från
263 564 27 13 och
300 564 33 12 med
342 564 59 16 januari
409 564 60 13 månads
479 563 51 17 början

75 582 31 13 året
115 583 34 12 näst
158 582 37 13 efter
203 582 31 15 det,
243 582 46 12 under
297 582 47 12 vilket
353 582 40 12 valet
401 582 45 15 skett,
456 585 18 9 av
483 581 47 13 lands-

75 600 50 15 tingen
139 600 27 13 och
179 599 132 16 stadsfullmäktige
324 600 5 12 i
341 600 18 12 de
372 600 55 15 städer,
438 603 31 9 som
481 599 13 16 ej
501 599 29 13 del-

75 619 34 14 taga
121 618 5 12 i
142 618 78 15 landsting.
238 618 29 12 För
279 618 25 12 val
316 617 24 13 till
351 618 52 12 Första
417 618 84 12 kammaren
515 618 16 12 är

74 636 39 12 riket
125 635 56 13 indelat
194 636 5 12 i
214 639 16 12 19
243 635 87 13 valkretsar.
353 635 91 13 Stockholms
458 635 33 13 stad
503 635 27 13 och

75 654 81 15 Göteborgs
168 654 34 12 stad
214 655 52 14 utgöra
279 657 27 9 var
317 653 23 13 för
352 653 22 16 sig
386 657 17 9 en
415 653 69 13 valkrets.
502 653 28 13 An-

75 675 29 9 nan
117 672 39 15 stad,
169 675 31 9 som
213 672 13 15 ej
240 671 65 16 deltager
316 671 4 13 i
330 671 78 16 landsting,
417 671 50 13 tillhör
475 675 55 9 samma

75 689 64 13 valkrets
150 693 31 9 som
193 689 24 13 det
228 689 146 16 landstingsområde,
385 689 33 13 vari
428 689 51 13 staden
490 689 40 12 förut

74 707 54 16 ingått.
150 707 94 16 Indelningen
260 707 5 12 i
281 707 82 12 valkretsar
378 707 79 13 innehålles
476 707 4 12 i
501 707 30 12 val-

75 725 46 16 lagen.
139 725 28 13 För
182 725 40 16 varje
238 725 65 12 valkrets
318 725 46 16 väljes
380 725 37 12 efter
428 725 102 15 folkmängden

75 743 40 13 inom
129 743 32 13 dess
172 743 59 13 område
243 747 17 8 en
270 743 101 15 riksdagsman
383 743 23 12 för
416 744 34 11 vart
461 742 34 13 fullt
505 742 26 16 tal,

75 761 104 13 motsvarande
190 760 30 16 1/15
232 764 19 9 av
261 760 47 13 rikets
320 760 89 16 folkmängd.
427 760 103 13 Valkretsarna

74 779 56 13 indelas
138 779 5 12 i
151 779 31 12 åtta
190 782 68 13 grupper,
264 778 49 13 vilken
321 778 74 16 indelning
402 778 79 13 fastställes
489 778 4 13 i
501 779 30 12 val-

75 796 47 16 lagen.
137 797 44 16 Varje
189 797 17 12 år
214 797 46 12 under
268 797 83 15 september
358 797 53 12 månad
420 796 37 13 skall
465 796 40 13 inom
513 800 17 9 en

75 818 19 9 av
103 815 64 12 nämnda
175 818 63 12 grupper
245 814 70 13 förrättas
323 814 25 13 val
356 814 23 13 för
387 814 97 16 nästföljande
493 814 38 13 åtta-

75 832 79 16 årsperiod.
173 832 29 13 Det
216 832 41 13 antal
269 832 100 16 riksdagsmän
383 832 18 13 de
415 832 72 13 särskilda
501 832 30 13 val-

75 850 76 13 kretsarna
165 850 41 13 skola
221 851 32 12 utse
267 850 88 13 bestämmes
369 850 45 16 enligt
429 851 102 12 ovannämnda

75 872 42 9 norm
127 872 19 9 av
157 868 81 16 Konungen
249 869 34 12 vart
294 872 30 9 10:e
334 868 17 13 år
361 868 24 16 (K.
396 868 44 16 kung.
450 868 51 13 härom
508 867 23 16 !2/e

77 886 46 16 1941).
143 886 63 13 Valbara
220 887 26 11 äro
259 886 5 12 i
275 886 113 12 kommunernas
401 886 74 13 allmänna
489 890 42 11 ange-

75 903 85 16 lägenheter
168 903 123 16 röstberättigade
300 905 33 11 män
344 904 26 12 och
380 904 69 15 kvinnor,
458 907 31 10 som
495 908 36 12 upp-

76 922 33 12 nått
123 925 16 12 35
150 921 23 13 års
183 922 40 12 ålder
232 922 41 15 (1949
283 921 23 13 års
315 922 57 15 riksdag
381 923 44 14 antog
435 925 30 9 som
475 922 56 13 vilande

75 941 22 11 ett
106 939 53 16 förslag
168 943 24 9 om
201 939 100 13 valbarhetens
311 939 70 16 sänkning
391 939 21 13 till
422 943 16 12 23
449 939 26 16 år).

94 957 50 13 Andra
152 958 87 12 kammarens
246 958 74 12 ledamöter
327 959 26 11 äro
361 961 32 17 230,
401 957 44 13 valda
453 958 23 12 för
484 961 17 9 en
510 957 21 13 tid

76 979 19 9 av
103 975 33 16 fyra
145 975 21 16 år,
174 975 64 13 räknade
245 975 33 13 från
287 975 27 13 och
322 975 33 13 med
364 975 58 16 januari
429 975 61 13 månads
499 975 33 13 bör-

75 993 25 16 jan
111 993 31 13 året
152 994 34 12 näst
196 993 37 13 efter
242 993 31 16 det,
283 993 46 13 under
338 993 47 13 vilket
395 993 39 13 valet
444 993 44 13 skett.
504 993 28 13 För

75 1011 42 13 dessa
124 1011 24 13 val
147 1007 23 25 är
176 1011 39 13 riket
221 1011 66 13 indelat
275 1007 17 25 i
296 1011 17 13 28
320 1011 87 13 valkretsar.
419 1011 28 13 För
454 1011 41 16 varje
501 1011 30 13 val-

75 1029 40 12 krets
121 1030 46 15 väljes
173 1029 38 13 efter
215 1021 103 30 folkmängden
323 1029 40 12 inom
369 1029 32 13 dess
407 1029 59 13 område
472 1033 17 9 en
495 1029 36 13 riks-

75 1047 70 15 dagsman
151 1047 58 13 förvart
214 1047 33 12 fullt
253 1047 25 16 tal,
283 1047 103 13 motsvarande
389 1046 29 16 !/280
423 1047 67 13 avrikets
495 1047 36 13 folk-

75 1065 59 15 mängd.
150 1065 51 12 Rikets
210 1065 74 15 indelning
293 1065 5 12 i
308 1065 82 12 valkretsar
398 1065 79 12 innehålles
487 1065 5 12 i
502 1065 30 12 val-

76 1082 46 16 lagen.
135 1083 44 16 Varje
186 1083 23 12 län
217 1084 43 14 utgör
267 1087 17 8 en
291 1083 70 15 valkrets,
368 1084 41 11 utom
417 1081 79 17 Älvsborgs
503 1083 8 12 lä

75 1104 32 9 som
115 1101 16 12 är
138 1100 40 13 delat
185 1101 5 12 i
199 1104 7 9 2
214 1101 62 15 kretsar,
284 1100 72 16 varjämte
364 1101 64 15 följande
435 1101 50 12 städer
492 1093 39 20 bilda

75 1122 28 9 var
109 1118 22 13 sin
140 1118 69 13 valkrets:
219 1119 12 15 1)
241 1111 90 23 Stockholm,
339 1119 14 15 2)
362 1118 59 16 Malmö,
430 1118 101 16 Hälsingborg,

76 1136 95 13 Landskrona
182 1136 27 13 och
221 1136 47 16 Lund,
281 1136 13 16 3)
307 1136 78 16 Göteborg.
403 1128 29 21 Det
443 1137 41 12 antal
495 1136 36 13 riks-

75 1154 76 15 dagsmän,
160 1154 41 16 varje
210 1154 64 13 valkrets
283 1155 35 15 äger
326 1155 37 15 utse,
372 1154 79 13 fastställes
460 1154 23 13 för
491 1154 40 16 varje

75 1172 108 16 fyraårsperiod
194 1176 19 9 av
220 1172 81 16 Konungen
311 1172 25 16 (K.
345 1172 44 16 kung.
398 1173 51 12 härom
457 1171 18 16 8/s
485 1172 46 16 1948).

76 1189 58 14 Valrätt
143 1190 89 13 tillkommer
241 1194 45 11 envar
294 1190 53 13 svensk
356 1194 33 9 man
399 1190 26 13 och
433 1190 60 16 kvinna,
500 1194 31 9 som

75 1209 49 11 senast
133 1208 47 12 under
188 1208 119 15 nästföregående
313 1208 86 13 kalenderår
404 1208 34 16 fyllt
445 1212 16 9 21
462 1200 28 30 år,
494 1208 38 13 dock

76 1226 13 15 ej
97 1226 33 15 den,
137 1229 31 9 som
175 1226 31 12 står
211 1226 47 12 under
263 1226 126 16 förmynderskap.
398 1226 64 13 Valbara
467 1227 25 12 äro
497 1227 33 12 män

75 1244 27 12 och
113 1243 68 16 kvinnor,
190 1247 31 9 som
231 1244 64 16 uppnått
305 1248 17 11 23
333 1244 24 13 års
367 1244 40 13 ålder
416 1245 38 12 samt
464 1245 27 14 äga
501 1244 30 13 val-

76 1263 31 11 rätt
116 1261 40 13 inom
166 1261 83 13 valkretsen
259 1261 40 16 eller,
309 1262 28 12 där
345 1262 41 15 fråga
396 1263 17 11 är
422 1266 24 9 om
455 1262 39 15 stad,
500 1266 31 9 som

76 1279 50 13 består
135 1283 19 9 av
163 1279 36 13 flera
209 1280 87 15 valkretsar,
305 1279 40 13 inom
355 1280 47 15 någon
412 1283 19 9 av
440 1280 47 12 dessa.

94 1297 55 12 Genom
159 1301 16 8 en
187 1297 16 13 år
213 1301 32 12 1941
257 1298 73 15 företagen
341 1298 62 15 ändring
412 1297 4 13 i
417 1289 9 31 $
423 1298 30 15 30
459 1297 72 16 riksdags-

76 1315 79 15 ordningen
170 1315 26 12 har
211 1315 76 16 möjlighet
302 1315 55 13 beretts
372 1316 23 12 att
410 1315 25 13 vid
449 1315 34 16 krig
497 1315 35 12 eller

75 1332 71 16 krigsfara
156 1333 80 16 uppskjuta
245 1333 25 12 val
281 1333 24 12 till
313 1333 81 16 riksdagen,
404 1332 41 14 såväl
454 1333 24 13 till
486 1333 45 13 första

76 1354 31 9 som
117 1350 45 13 andra
170 1351 89 12 kammaren.

93 1368 93 13 Gemensamt
195 1369 22 12 för
226 1368 38 13 båda
273 1368 86 13 kamrarnas
366 1368 80 13 ledamöter
452 1368 51 16 gäller,
509 1369 22 12 att

74 1386 204 16 riksdagsmannabefattning
289 1387 28 12 kan
329 1388 52 11 utövas
390 1386 51 13 endast
451 1390 18 9 av
478 1386 52 13 svensk

75 1404 99 15 medborgare.

94 1422 29 12 Till
136 1422 38 13 båda
188 1422 78 13 kamrarna
279 1422 26 13 ske
319 1422 42 13 valen
375 1422 33 13 med
420 1422 111 16 proportionellt

138 1457 49 13 ffande
191 1458 98 15 ersättningen
295 1458 22 13 för
323 1458 208 16 riksdagsmannauppdragets

546 370 90 16 fullgörande
645 371 38 12 hava
692 371 109 12 bestämmelser
810 371 43 15 givits
861 371 3 12 i
871 375 16 8 en
896 375 18 8 av
920 371 80 15 Konungen

545 389 27 12 och
581 389 76 15 riksdagen
668 389 16 12 år
690 393 34 11 1941
732 389 64 13 samfällt
804 389 66 12 beslutad
876 389 52 15 stadga
935 389 22 15 (21
965 389 36 13 febr.

547 410 33 12 1941
595 407 33 12 med
642 407 40 13 ändr.
696 408 49 12 senast
760 407 45 16 1951).
822 407 105 16 Riksdagsman
937 407 65 16 åtnjuter

546 424 53 13 arvode
614 424 33 13 från
663 425 27 12 och
704 425 33 12 med
751 425 28 12 den
793 425 32 15 dag,
840 425 18 12 då
873 425 29 12 han
913 426 41 14 tager
963 425 38 15 plats

546 442 4 12 i
564 442 76 15 riksdagen
655 442 21 12 till
688 443 27 12 och
725 443 33 12 med
767 443 28 12 den
804 443 33 14 dag,
846 442 19 13 då
875 443 124 14 riksdagsmanna-

546 459 80 16 uppdraget
645 460 60 15 upphör.
724 460 57 13 Arvode
799 460 43 15 utgår
860 460 33 13 med
910 461 22 12 ett
948 460 52 16 belopp

546 477 102 13 motsvarande
662 481 40 12 9,000
712 478 21 13 kr.
748 478 22 13 för
784 478 20 15 år,
814 482 24 8 om
847 478 128 15 riksdagsmannen
985 479 16 11 är

546 495 49 13 bosatt
609 495 8 13 å
631 497 28 14 ort,
673 496 27 12 där
712 496 57 15 riksdag
779 496 48 15 hålles,
838 496 34 12 eller
881 496 41 16 eljest
932 496 33 12 med
977 496 24 12 be-

546 513 34 16 lopp
589 513 102 13 motsvarande
701 517 50 12 12,000
760 514 21 12 kr.
792 514 22 12 för
824 514 19 12 år.
855 514 105 15 Riksdagsman
968 515 34 14 äger

546 531 19 16 på
577 531 25 12 det
615 531 81 12 allmännas
709 531 81 13 bekostnad
800 531 65 16 företaga
875 535 39 9 resor
923 531 8 13 å
941 531 60 16 statliga

546 549 27 12 och
587 549 67 12 enskilda
665 549 81 16 järnvägar.
764 549 110 16 Riksdagsman,
885 553 31 9 som
926 550 16 12 är
951 549 50 13 bosatt

547 567 8 12 å
565 570 47 9 annan
622 568 24 11 ort
655 568 18 11 än
685 567 26 12 där
720 567 77 16 riksdagen
807 567 51 16 hålles,
869 568 33 15 äger
911 567 56 16 jämväl
976 567 25 13 vid

547 585 93 15 begagnande
653 588 18 9 av
684 586 45 11 annat
742 585 80 13 färdmedel
834 586 18 11 än
865 585 4 13 i
882 585 47 13 första
943 585 57 16 stycket

546 604 40 14 sagts
600 603 19 15 på
633 603 25 12 det
670 603 81 12 allmännas
765 603 80 12 bekostnad
858 607 31 9 resa
899 603 24 12 till
932 603 27 12 och
969 603 32 13 från

546 621 77 15 riksdagen
633 622 38 11 samt
680 621 46 12 under
735 621 27 15 tid,
772 621 19 12 då
800 621 53 12 arvode
860 621 24 12 till
892 621 54 12 honom
953 621 48 16 utgår,

546 638 53 13 mellan
609 638 107 16 riksdagsorten
726 639 27 12 och
763 639 79 12 hemorten.

565 656 108 16 Riksdagsman,
686 660 31 9 som
727 657 54 12 tillhört
791 657 75 15 riksdagen
875 656 44 13 minst
929 657 7 12 8
947 656 16 13 år
972 657 29 12 före

546 674 45 16 fyllda
598 675 16 14 65
622 674 19 15 år,
649 675 33 15 äger
687 675 30 11 rätt
724 674 21 12 till
752 674 63 16 pension,
824 678 15 9 se
843 674 22 13 SF
871 674 50 16 464/47
926 678 13 9 o.
946 674 55 16 507/51.

566 692 86 12 Kamrarnas
663 692 52 12 talmän
725 692 55 12 erhålla
789 693 172 15 representationsbidrag
967 692 34 13 med

546 710 42 15 högst
598 713 41 12 5,000
649 709 21 13 kr.
680 710 22 12 för
711 710 20 12 år.

564 727 77 13 Allmänna
650 727 24 13 val
683 727 24 13 till
714 728 50 12 Andra
773 727 84 13 kammaren
866 728 55 12 skedde
929 729 49 11 senast
986 727 16 13 år

547 746 41 16 1948,
597 745 23 13 för
629 745 68 17 perioden
708 748 95 13 1949—1952.

662 785 71 16 Första
746 785 131 16 kammaren.

687 820 114 17 Stockholms
813 821 47 16 stad.

628 849 125 22 (Mandattiden
766 850 49 21 utgår
827 850 19 17 år
860 850 58 21 1953.)

546 880 76 19 Ewerlöf,
635 881 48 15 Knut
695 880 83 20 Gerhard,
793 881 83 15 Direktör
884 879 53 21 [928],
951 882 11 15 f.
972 881 28 18 90;

571 905 22 16 46
606 902 43 22 (adr.
662 903 112 20 Stockholm).

546 927 66 19 Strand,
635 928 43 16 Axel
699 928 87 19 Wilhelm,
808 928 193 21 Riksgäldsfullmäktig

570 950 53 22 [211],
641 953 59 15 Förste
717 953 34 15 vice
768 953 71 18 talman,
856 953 11 15 f.
881 952 28 19 93;
923 953 22 15 46
958 950 42 22 (adr.

572 974 112 21 Stockholm).

547 999 82 21 Bergvall,
639 1000 45 20 John
696 999 77 19 Helmer,
783 999 97 21 Borgarråd
889 997 53 23 [501],
951 1000 11 15 f.
973 1000 27 18 92;

571 1024 22 15 46
606 1022 43 21 (adr.
663 1021 112 22 Stockholm).

547 1047 85 20 Branting,
650 1048 63 20 Georg,
731 1048 15 20 J.
760 1048 28 18 K.,
808 1048 85 19 Advokat,
911 1048 64 18 NFrIK,
989 1048 8 15 f.

572 1071 27 19 87;
613 1072 23 16 46
648 1069 42 21 (adr.
705 1069 113 22 Stockholm).

547 1094 98 19 Nordenson,
657 1095 70 19 Harald,
744 1095 82 16 Direktör
838 1093 53 22 [962],
911 1095 11 16 f.
936 1095 28 18 86;
978 1095 22 16 46

570 1118 43 19 (adr.
627 1108 111 30 Stockholm).

547 1133 59 34 Åman,
619 1143 57 16 Oskar
688 1143 64 19 Valter,
766 1143 87 19 Direktör,
867 1143 11 15 f.
888 1143 28 18 05;
926 1143 22 16 46
958 1140 42 22 (adr.

572 1165 92 21 Enskede).

547 1190 87 19 Wistrand,
647 1191 42 15 Karl
699 1191 93 18 Knutsson,
802 1190 23 16 fd.
835 1190 82 16 Direktör
927 1188 52 22 [968],
989 1191 7 14 f.

572 1215 27 18 89;
613 1215 23 16 46
648 1213 42 20 (adr.
704 1211 111 22 Stockholm).

546 1237 74 20 Nerman,
638 1239 51 18 Ture,
708 1238 25 15 Fil.
753 1238 28 19 K.,
795 1238 128 19 Skriftställare,
936 1238 64 19 NFrK,

571 1263 11 15 f.
596 1263 27 18 86;
637 1263 22 15 46
671 1260 42 21 (adr.
728 1259 113 22 Stockholm).

547 1282 67 22 Öhman,
632 1287 42 14 Lars
690 1286 76 19 Gunnar,
781 1286 116 18 Sekreterare,
911 1285 11 16 f.
936 1285 27 19 04;
978 1285 22 16 46

570 1308 42 21 (adr.
626 1307 92 22 Enskede).

547 1332 80 22 Englund,
647 1334 41 15 Erik
707 1333 88 19 Wilhelm,
812 1333 33 15 Fil.
858 1333 28 18 D.,
902 1332 15 21 J.
931 1332 27 19 K.,
976 1333 24 15 fd.

571 1357 89 19 Aktuarie,
673 1358 12 15 f.
699 1357 27 17 89;
740 1358 23 15 46
775 1355 43 21 (adr.
832 1354 113 20 Stockholm).

547 1381 99 19 Lindström,
663 1381 39 16 Ulla
716 1381 76 19 Gunilla,
806 1381 11 15 f.
831 1380 78 19 Wohlin,
926 1380 32 15 Fil,
972 1380 28 19 K.,

571 1405 94 19 Redaktör,
678 1406 11 15 f.
703 1405 28 18 09;
745 1405 22 16 46
779 1403 43 21 (adr.
836 1402 112 21 Stockholm).

546 1428 99 19 Andersson,
659 1429 49 15 Ebon
718 1429 55 15 Maria
782 1429 79 18 Isabella,
875 1428 125 16 Bibliotekarie

571 1451 52 22 [729],
637 1453 11 16 f.
662 1453 28 18 96;
704 1453 22 15 46
738 1451 43 21 (adr.
795 1450 111 21 Stockholm).

520 1498 33 16 258
