1058 1592
50 65 52 23 [160]

52 271 50 23 [160]

480 66 103 21 Riksdagen

213 268 30 24 V.
262 267 246 25 RIKSDAGEN
525 267 83 25 OCH
625 267 97 25 DESS
739 267 109 25 VERK

473 342 118 25 Riksdagen

232 390 137 19 Riksdagshuset.
379 391 23 14 Pa
411 390 51 18 Fack,
474 390 29 15 100
510 390 19 14 12
538 390 99 15 Stockholm
646 390 25 15 46.
681 390 34 15 Tel.
725 389 51 21 08/22
782 390 20 15 95
809 390 25 15 60.

71 448 139 16 Regeringsformen
219 448 14 16 $$
239 448 47 13 49-50
293 449 33 12 med
334 452 51 9 senare
391 448 42 13 ändr.
443 448 155 16 Riksdagsordningen
606 448 28 13 den
641 448 18 13 22
665 447 31 16 juni
705 448 35 13 1866
747 448 33 13 med
786 451 52 9 senare
844 448 42 13 ändr.
894 447 30 16 Lag
930 451 26 9 om
962 447 24 13 val
992 447 21 13 till

53 469 78 16 riksdagen
138 470 28 12 den
173 469 18 13 26
197 473 34 9 nov.
240 469 36 13 1920
283 469 33 13 med
322 473 52 9 senare
380 469 42 13 ändr.
429 469 125 15 Riksdagsstadga
562 469 28 12 den
597 469 17 12 23
622 472 39 9 mars
669 469 34 12 1949
710 469 34 12 med
751 472 51 9 senare
809 468 41 13 ändr.
856 468 129 16 Ordningsstadga
992 468 23 13 för

53 490 85 15 riksdagens
145 490 46 13 första
198 490 76 12 kammare
280 490 35 15 (den
322 489 8 13 6
337 489 37 16 april
382 489 42 15 1949)
431 489 28 13 och
466 490 47 12 andra
520 489 75 13 kammare
602 489 34 15 (den
643 489 18 13 27
668 489 37 15 april
714 489 41 15 1949)
762 489 34 12 med
802 492 52 9 senare
860 489 42 13 ändr.

73 543 85 15 Riksdagen
168 542 37 14 skall
213 542 110 13 sammanträda
334 542 38 16 varje
388 546 6 9 år
401 542 28 13 den
437 542 17 13 10
460 542 56 16 januari

55 560 39 16 eller,
101 564 25 9 om
133 561 62 15 helgdag
201 560 19 13 då
228 560 70 15 inträffar,
305 561 47 15 dagen
358 560 67 13 därefter.
434 560 82 15 Riksdagen

55 578 36 13 skall
103 582 35 9 vara
147 578 67 13 avslutad
224 578 27 13 den
263 578 15 13 31
291 578 81 13 december.
386 578 83 15 Riksdagen
479 582 38 8 sam-

55 596 86 13 manträder
147 596 22 13 till
176 596 81 13 vårsession
265 596 28 13 och
301 596 95 15 höstsession;
404 596 24 13 vid
433 596 49 13 behov
487 596 30 12 kan

55 614 75 13 anordnas
141 616 41 11 extra
193 614 60 13 session.
267 614 105 13 Vårsessionen
381 614 36 13 skall
418 610 10 25 i
438 614 37 15 regel
483 617 34 9 vara

56 632 66 13 avslutad
129 632 28 13 den
165 632 15 12 31
190 631 33 16 maj.

73 650 50 12 Första
134 650 90 12 kammarens
234 649 78 13 ledamöter
322 650 16 12 är
350 649 26 13 150
389 649 35 13 eller
436 649 25 13 det
472 649 45 15 högre

56 667 20 13 tal
89 671 32 9 som
135 667 85 14 föranledes
232 671 18 9 av
262 667 89 16 stadgandet
362 667 4 13 i
379 667 21 16 6$
414 667 4 13 1
430 671 14 9 o.
454 667 9 13 4
472 671 45 9 mom.

55 685 151 16 riksdagsordningen
216 685 36 16 (f.n.
264 685 37 16 151).
312 686 23 12 De
346 685 35 16 väljs
391 685 23 13 för
420 685 30 13 åtta
457 685 21 15 år,
485 685 33 13 räk-

56 704 38 12 nade
104 703 17 14 fr.
128 707 13 10 o.
148 707 20 9 m,
177 703 57 16 januari
244 703 61 13 månads
313 703 52 15 början
372 703 30 13 året
410 704 32 12 näst
450 703 36 13 efter
493 703 25 12 det

56 721 46 13 under
115 721 45 13 vilket
173 721 37 13 valet
220 721 42 15 skett,
277 725 18 9 av
305 721 91 15 landstingen
406 721 28 13 och
444 721 74 13 stadsfull-

56 739 65 15 mäktige
130 739 4 13 i
144 739 19 13 de
172 739 49 13 städer
230 743 32 9 som
272 739 12 15 ej
295 739 46 13 deltar
351 739 3 12 i
364 739 77 15 landsting.
457 739 28 12 För
495 738 23 13 val

56 757 21 13 till
90 757 47 13 första
149 757 85 13 kammaren
247 757 16 12 är
275 757 36 13 riket
324 757 54 13 indelat
390 757 4 13 i
408 757 15 12 19
434 757 82 12 valkretsar.

56 775 95 13 Stockholms
162 775 33 13 stad
207 775 28 13 och
244 774 84 16 Göteborgs
337 775 32 12 stad
379 776 42 14 utgör
430 778 25 9 var
464 774 23 13 för
497 775 21 14 sig

56 796 18 9 en
85 793 68 13 valkrets.
165 793 54 12 Annan
231 793 32 12 stad
275 796 32 9 som
316 792 12 16 ej
338 793 47 12 deltar
394 792 3 13 i
408 792 73 16 landsting
491 792 27 13 till-

56 811 28 12 hör
97 814 57 10 samma
168 811 63 12 valkrets
245 814 32 9 som
290 810 24 13 det
327 810 148 16 landstingsområde,
488 810 29 13 vari

56 828 52 13 staden
120 828 40 13 förut
172 828 50 16 ingått.
233 828 94 16 Indelningen
337 829 4 12 i
353 828 79 13 valkretsar
442 828 62 15 regleras
514 828 4 12 i

57 847 70 15 vallagen.
137 846 28 13 För
172 846 38 16 varje
217 846 62 13 valkrets
286 846 34 15 väljs
326 846 36 13 efter
367 846 105 15 folkmängden
478 846 40 13 inom

57 864 32 13 dess
99 864 61 13 område
169 868 18 9 en
198 864 100 16 riksdagsman
309 864 23 13 för
342 866 31 11 vart
384 864 31 13 fullt
423 864 25 15 tal,
455 866 64 11 motsva-

58 882 45 13 rande
113 881 32 16 !/,so
156 886 18 9 av
184 882 44 13 rikets
238 882 91 15 folkmängd,
337 882 39 13 dock
383 882 33 13 med
423 882 96 15 iakttagande

57 904 19 9 av
86 900 19 13 de
116 900 73 13 särskilda
199 900 66 16 reglerna
275 900 3 13 i
286 900 8 12 6
301 900 6 15 $
314 900 150 15 riksdagsordningen
472 900 47 15 (»fyll-

57 918 107 16 nadsregeln»).
172 918 103 13 Valkretsarna
285 918 55 13 indelas
349 918 4 13 i
360 918 30 13 åtta
397 921 67 12 grupper,
471 918 48 12 vilken

57 936 75 15 indelning
142 936 77 13 fastställes
230 936 3 12 i
243 936 70 15 vallagen.
324 936 42 15 Varje
376 935 16 14 år
403 936 45 12 under
457 936 62 12 oktober

57 954 37 13 skall
104 954 40 12 inom
154 957 18 9 en
180 957 17 9 av
204 954 65 12 nämnda
276 957 63 12 grupper
345 953 69 13 förrättas
421 954 23 12 val
451 953 23 13 för
481 954 38 12 näst-

58 971 65 16 följande
133 971 110 16 åttaårsperiod.
257 971 64 13 Valbara
331 972 15 12 är
356 971 5 13 i
371 971 114 13 kommunernas
494 971 26 13 all-

59 990 54 12 männa
121 990 120 15 angelägenheter
248 989 120 16 röstberättigade
376 990 33 12 män
417 989 27 13 och
452 989 67 15 kvinnor,

58 1011 32 9 som
98 1007 62 15 uppnått
168 1007 17 13 23
193 1007 23 13 års
224 1007 44 13 ålder.

76 1025 49 13 Andra
134 1025 91 13 kammarens
234 1025 78 13 ledamöter
321 1025 16 12 är
344 1024 27 13 230
377 1025 34 12 eller
418 1025 23 13 det
449 1025 44 15 högre
500 1025 19 13 tal

58 1046 32 10 som
101 1043 83 13 föranledes
194 1047 18 9 av
221 1042 87 16 stadgandet
318 1043 4 12 i
334 1043 15 12 15
360 1043 6 15 $
375 1043 8 12 3
392 1047 12 8 o.
414 1043 8 12 4
432 1047 44 9 mom.
485 1043 36 13 riks-

60 1061 117 16 dagsordningen
188 1061 37 15 (f.n.
236 1061 38 15 233).
285 1061 23 12 De
340 1064 13 12 väljs
360 1060 23 13 för
390 1061 30 15 fyra
427 1061 21 15 år,
455 1061 65 13 räknade

59 1079 63 13 fr.o.m.
132 1078 57 16 januari
198 1079 61 13 månads
266 1079 52 15 början
325 1081 29 10 året
363 1079 32 13 näst
401 1079 36 12 efter
443 1079 24 13 det
475 1079 46 12 under

59 1097 44 13 vilket
113 1097 38 12 valet
160 1096 42 14 skett.
214 1097 28 12 För
252 1097 22 12 val
284 1096 21 14 till
315 1097 47 13 andra
369 1097 85 13 kammaren
461 1097 16 12 är
484 1097 36 13 riket

60 1114 55 13 indelat
122 1114 4 13 i
133 1114 18 13 28
158 1114 84 13 valkretsar.
250 1115 29 12 För
286 1114 38 16 varje
331 1114 62 13 valkrets
400 1115 35 15 väljs
442 1115 35 13 efter
483 1114 38 13 folk-

59 1132 73 16 mängden
139 1132 40 13 inom
187 1133 32 12 dess
226 1132 60 13 område
292 1136 19 9 en
317 1132 101 16 riksdagsman
424 1133 23 12 för
452 1134 30 11 vart
489 1132 32 13 fullt

59 1150 25 15 tal,
96 1150 105 13 motsvarande
214 1150 31 16 !/s,
256 1154 17 9 av
284 1150 43 13 rikets
337 1150 91 16 folkmängd,
439 1151 38 12 dock
487 1151 34 12 med

60 1168 95 15 iakttagande
165 1172 18 9 av
193 1168 19 13 de
219 1168 72 13 särskilda
298 1168 66 15 reglerna
371 1168 4 13 i
384 1168 15 13 15
406 1168 7 15 $
419 1168 102 16 riksdagsord-

60 1186 53 15 ningen
120 1186 149 16 (»fyllnadsregeln»).
277 1186 96 16 Indelningen
381 1186 4 13 i
392 1186 78 13 valkretsar
477 1186 44 18 regle-

59 1207 24 10 ras
93 1204 4 12 i
107 1204 70 15 vallagen.
190 1204 43 15 Varje
243 1204 24 13 län
278 1205 42 14 utgör
329 1207 18 9 en
357 1204 67 15 valkrets,
432 1206 40 11 utom
480 1201 42 16 Älvs-

60 1222 43 15 borgs
114 1222 29 15 län,
153 1225 33 9 som
196 1222 16 12 är
224 1222 38 13 delat
274 1222 3 13 i
289 1222 8 13 2
309 1222 60 15 kretsar,
380 1222 70 15 varjämte
457 1222 65 15 följande

553 542 48 13 städer
611 542 47 13 bildar
668 546 25 9 var
702 542 22 13 sin
733 542 68 13 valkrets:
811 542 12 14 1)
830 541 92 16 Stockholm,
929 541 15 15 2)
951 541 64 16 Malmö,

554 560 103 15 Hälsingborg,
664 560 97 13 Landskrona
769 560 27 12 och
804 560 42 12 Lund
853 559 162 16 (»fyrstadskretsen»),

554 578 13 14 3)
578 578 81 15 Göteborg.
670 578 56 12 Valrätt
735 577 89 13 tillkommer
834 577 39 15 varje
880 577 52 13 svensk
943 581 34 9 man
987 577 28 13 och

553 595 54 13 kvinna
616 599 32 9 som
655 598 48 10 senast
710 595 46 13 under
763 595 121 15 nästföregående
891 594 86 14 kalenderår
984 595 31 15 fyllt

553 613 17 13 21
582 613 21 15 år,
615 613 39 13 dock
663 613 12 15 ej
683 613 28 13 den
718 617 32 9 som
757 613 29 13 står
794 613 46 13 under
847 613 127 15 förmynderskap.
981 613 35 13 Val-

553 631 36 13 bara
599 632 16 12 är
622 632 34 12 män
663 631 28 13 och
699 631 62 13 kvinnor
767 635 32 9 som
807 630 62 16 uppnått
876 631 17 12 23
900 630 24 14 års
930 630 41 14 ålder
977 633 38 10 samt

553 650 35 14 äger
598 649 52 13 valrätt
661 649 40 13 inom
712 649 81 13 valkretsen
802 649 38 15 eller,
847 649 27 13 där
880 648 41 16 fråga
927 649 16 13 är
950 652 25 9 om
982 648 32 13 stad

553 671 32 9 som
595 667 47 13 består
653 671 17 9 av
677 667 34 13 fiera
718 667 85 15 valkretsar,
809 667 40 13 inom
855 666 49 16 någon
909 670 18 9 av
934 667 46 13 dessa.

572 685 96 13 Gemensamt
678 685 23 12 för
711 685 38 13 båda
759 685 86 13 kamrarnas
854 685 81 12 ledamöter
944 684 44 16 gäller
995 686 21 11 att

554 703 203 15 riksdagsmannabefattning
769 703 28 12 kan
810 703 52 12 utövas
872 703 52 12 endast
934 706 18 9 av
962 702 53 13 svensk

554 721 95 15 medborgare.
661 721 26 13 Till
695 721 39 13 båda
740 721 79 12 kamrarna
825 721 34 12 sker
865 721 42 12 valen
914 720 33 13 med
954 724 63 12 propor-

554 739 58 13 tionellt
619 739 56 12 valsätt.

572 757 79 12 Allmänna
663 756 23 13 val
698 756 20 13 till
731 756 45 13 andra
789 756 85 13 kammaren
886 756 37 15 ägde
936 759 32 10 rum
980 755 35 14 1968

554 774 29 13 och
590 774 44 16 avsåg
640 774 70 16 perioden
719 774 88 13 1969-1970.

573 792 92 13 Beträffande
674 792 109 15 riksdagsmans
789 792 81 15 ersättning
875 792 27 13 har
909 791 109 14 bestämmelser

554 812 49 11 senast
615 812 42 14 givits
668 810 4 13 i
684 810 23 16 lag
719 810 28 13 den
759 810 15 13 19
785 810 31 13 dec.
826 809 35 14 1968
870 810 24 15 (nr
901 809 34 15 752)
942 813 33 12 ang.
982 809 36 13 änd-

554 828 32 16 ring
593 828 4 13 i
604 828 61 15 stadgan
673 828 27 13 den
708 828 15 13 21
733 828 36 13 febr.
778 828 33 12 1941
820 827 24 16 (nr
849 828 24 15 98)
879 831 24 9 om
908 827 81 16 ersättning
994 827 24 13 för

554 846 214 16 riksdagsmannauppdragets
775 845 98 16 fullgörande.
881 845 108 15 Riksdagsman
996 845 21 13 åt-

555 864 46 15 njuter
611 864 55 13 arvode
675 864 32 13 från
714 864 28 13 och
750 864 32 12 med
790 863 73 16 ingången
870 867 19 9 av
896 863 28 13 den
931 863 60 15 månad,
998 862 19 14 då

555 882 30 13 han
595 882 37 13 skall
642 884 14 11 ta
664 881 48 16 plats
702 877 14 26 i
720 882 83 15 riksdagen,
811 882 38 12 dock
856 881 13 16 ej
876 881 24 13 för
906 881 22 13 tid
935 881 45 13 innan
987 881 30 13 han

555 900 42 13 blivit
607 900 69 15 ledamot,
687 900 20 12 till
715 900 28 13 och
750 900 33 12 med
791 899 73 16 utgången
871 903 18 9 av
896 899 28 13 den
931 899 60 15 månad,
998 898 19 14 då

555 918 205 15 riksdagsmannauppdraget
772 917 64 16 upphör.
850 917 59 13 Arvode
918 916 100 16 utgår
960 908 12 29 i
973 916 44 16 form

555 939 18 10 av
580 936 103 15 grundarvode
690 935 28 13 och
725 935 50 15 tillägg
782 935 33 13 med
822 935 55 15 belopp
886 935 63 16 tillhopa
954 937 66 11 motsyva-

555 954 46 12 rande
610 953 50 16 (1968)
669 954 18 12 48
695 953 28 13 924
733 954 21 12 kr.
762 953 24 13 för
793 953 16 13 år
815 953 45 16 jämte
866 952 153 16 kostnadsersättning

556 975 18 9 av
583 972 7 12 3
597 971 27 13 600
632 972 22 12 kr.
663 971 23 13 för
695 971 16 13 år
717 971 5 13 i
729 971 38 13 båda
775 971 24 13 fall
807 971 143 15 beskattningsbara.
958 970 62 13 Trakta-

556 991 48 11 mente
614 989 42 15 utgår
666 989 45 13 under
721 989 26 15 tid,
756 989 18 13 då
782 989 78 15 riksdagen
866 988 47 13 håller
917 988 61 16 session,
985 988 34 13 med

556 1007 54 15 belopp
618 1007 103 13 motsvarande
730 1007 4 12 1
744 1007 25 12 170
775 1006 21 13 kr.
802 1007 23 13 för
831 1006 53 13 månad
890 1006 22 13 till
917 1006 102 16 riksdagsman

556 1029 32 9 som
598 1025 16 12 är
624 1025 49 12 bosatt
683 1024 19 16 på
712 1025 49 15 längre
771 1024 62 13 avstånd
842 1025 19 12 än
871 1024 19 13 70
900 1024 25 13 km
934 1023 86 17 fågelvägen

556 1043 33 13 från
599 1043 84 15 riksdagens
693 1042 32 13 hus.
736 1043 54 12 Annan
800 1042 101 16 riksdagsman
912 1043 19 12 än
942 1046 20 9 nu
974 1044 45 13 sagts,

556 1065 32 9 som
598 1061 16 12 är
624 1061 49 13 bosatt
683 1060 19 16 på
711 1060 50 16 längre
771 1060 62 13 avstånd
842 1061 19 12 än
874 1061 16 12 15
902 1060 25 13 km
934 1059 86 16 fågelvägen

556 1079 33 13 från
598 1078 115 16 riksdagshuset,
723 1078 24 13 må
757 1082 18 9 av
785 1078 69 16 styrelsen
865 1078 23 13 för
896 1078 88 15 riksdagens
990 1077 30 14 för-

557 1097 130 15 valtningskontor
702 1096 94 13 tillerkännas
811 1096 98 13 traktamente
926 1096 33 13 med
977 1095 43 16 högst

557 1114 64 14 nämnda
634 1114 59 16 belopp.
709 1114 107 16 Riksdagsman
828 1115 33 14 äger
872 1114 19 15 på
903 1114 23 13 det
939 1114 81 13 allmännas

557 1132 82 13 bekostnad
648 1132 65 15 företaga
725 1136 44 9 resor.
780 1132 109 15 Riksdagsman
901 1133 16 12 är
928 1131 19 16 på
959 1132 24 13 det
994 1132 27 13 all-

557 1151 63 13 männas
630 1150 83 13 bekostnad
723 1150 153 16 grupplivförsäkrad.

576 1168 91 13 Kamrarnas
681 1168 19 13 tal
750 1168 61 13 erhåller
825 1168 46 13 under
882 1167 21 13 tid
913 1167 20 13 då
942 1167 78 16 riksdagen

558 1186 45 13 håller
613 1186 55 13 session
678 1186 23 13 förl
739 1185 24 16 ing
773 1190 18 9 av
801 1185 111 16 grundarvodet
922 1185 33 13 med
965 1185 55 15 belopp

558 1204 103 13 motsvarande
675 1204 4 12 1
687 1204 27 12 200
721 1204 21 12 kr.
755 1203 23 13 för
786 1203 53 13 månad
846 1204 46 15 jämte
898 1203 50 16 tillägg
955 1203 33 13 med
996 1203 25 13 be-

558 1222 36 16 lopp
601 1226 33 9 som
641 1222 62 16 tillhopa
710 1224 82 11 motsvarar
799 1221 50 16 (1968)
857 1222 5 12 1
868 1221 28 13 852
903 1221 22 13 kr.
930 1221 24 13 för
961 1221 59 13 månad.

78 1281 88 13 Utskottens
177 1281 90 13 ordförande
278 1281 28 13 och
318 1281 31 13 vice
358 1281 90 13 ordförande
458 1281 79 16 redovisas,
548 1281 65 13 förutom
620 1281 4 13 i
631 1281 110 13 nedanstående
748 1281 94 15 förteckning
849 1282 35 12 över
891 1281 86 13 kamrarnas
983 1280 38 13 leda-

60 1303 52 14 möter,
123 1303 38 12 även
172 1302 46 13 under
230 1302 32 13 avd.
272 1306 18 9 nr
298 1302 43 13 191a.
352 1302 119 13 Statskalendern
478 1302 75 13 redovisar
560 1302 101 13 ledamöterna
668 1302 3 13 i
679 1302 28 13 den
714 1301 109 17 ordningsföljd
830 1302 4 12 i
841 1301 49 14 vilken
897 1302 18 12 de
922 1302 17 12 är
946 1303 76 14 upptagna

61 1322 4 13 i
75 1323 18 13 de
104 1327 19 9 av
133 1323 78 15 riksdagen
223 1323 88 16 upprättade
318 1323 128 16 förteckningarna
454 1324 35 12 över
496 1323 83 13 kamrarna.
587 1320 78 16 Årssiffror
672 1323 40 13 inom
720 1325 68 13 parantes
795 1323 79 13 betecknar
881 1322 61 16 tidigare
949 1322 72 13 ledamot-

60 1344 37 15 skap
104 1347 18 10 av
129 1343 83 16 riksdagen.

480 1387 125 18 Förkortningar

277 1420 26 13 FK
308 1426 8 3 =
315 1420 55 13 första
377 1420 86 13 kammaren

276 1438 28 13 AK
309 1443 10 4 =
323 1438 47 13 andra
377 1438 86 13 kammaren

276 1460 16 11 cp
333 1456 95 15 enterpartiet

273 1474 18 16 fp
331 1474 79 16 =folkpartiet

596 1425 13 8 m
630 1421 91 12 =moderata
727 1419 124 17 samlingspartiet

595 1443 7 8 s
612 1430 12 31 —
645 1438 157 13 =socialdemokratiska
808 1437 134 16 riksdagsgruppen

597 1456 26 16 vpk
630 1461 9 4 =
645 1456 112 16 vänsterpartiet
765 1456 127 13 kommunisterna

525 1515 36 17 27n
