1042 1574
72 48 130 26 [148—149]

71 241 62 26 [148]

477 53 116 22 Riksdagen.

90 281 48 35 V.
188 280 292 48 Riksdagen,
511 281 111 37 dess
654 281 330 39 Ombudsmän

404 335 90 36 och
525 335 140 37 Verk.

225 413 144 27 Riksdagen.

88 466 68 16 Lagtima
167 466 59 15 riksdag
238 465 43 16 skall,
292 466 5 12 i
309 466 40 12 kraft
362 470 19 9 av
391 466 47 13 rikets
450 466 78 16 regerings-

69 484 43 15 form,
123 484 110 13 sammanträda
243 484 41 16 varje
295 484 16 13 år
320 484 28 13 den
360 488 17 9 10
387 484 59 16 januari
455 484 40 16 eller,
504 488 25 9 om

70 502 61 15 helgdag
141 502 19 12 då
169 502 75 16 inträffar,
253 502 47 16 dagen
310 502 69 13 därefter.

88 520 50 12 Första
150 520 88 12 kammarens
248 520 75 12 ledamöter
333 521 26 12 äro
372 523 26 12 150
409 520 27 13 och
448 520 47 16 väljas
506 520 23 12 för

70 537 32 13 åtta
112 538 22 15 år,
143 538 64 12 räknade
216 538 34 12 från
259 538 27 12 och
296 538 34 12 med
339 538 58 16 januari
406 538 61 13 månads
477 538 51 16 början

69 555 32 13 året
110 557 33 11 näst
153 555 37 13 efter
199 555 30 16 det,
239 556 47 12 under
293 555 48 13 vilket
350 556 40 12 valet
399 556 44 15 skett,
453 560 19 8 av
481 556 48 12 lands-

69 573 58 16 tingens
144 573 81 13 ledamöter
240 574 27 12 och
280 573 133 16 stadsfullmäktige
426 574 5 12 i
444 574 18 12 de
474 574 55 15 städer,

69 595 32 9 som
112 591 14 16 ej
138 591 58 16 deltaga
208 591 5 13 i
225 591 79 16 landsting.
322 592 28 12 För
358 592 25 12 val
395 592 24 12 till
427 592 51 12 Första
488 592 40 12 kam-

69 613 50 9 maren
132 610 17 12 är
160 609 39 13 riket
212 609 56 13 indelat
282 609 4 13 i
301 613 16 12 19
331 609 87 13 valkretsar.
436 609 92 13 Stockholms

69 627 34 13 stad
111 627 27 13 och
147 627 81 16 Göteborgs
236 627 33 13 stad
278 628 52 15 utgöra
338 631 27 9 var
373 627 23 13 för
403 627 22 16 sig
433 631 17 9 en
459 627 76 13 valkrets.
528 617 8 30 |

70 645 52 13 Annan
131 645 38 15 stad,
178 649 32 9 som
218 645 13 16 ej
241 645 66 16 deltager
314 645 5 12 i
327 645 79 16 landsting,
415 645 51 13 tillhör
473 649 56 9 samma

69 663 65 13 valkrets
145 667 31 9 som
188 663 25 12 det
224 663 147 16 landstingsområde,
382 663 33 13 vari
426 663 51 13 staden
489 663 40 13 förut

68 681 54 16 ingått.
141 681 41 13 Flera
195 681 152 15 landstingsområden
361 681 49 13 kunna
423 681 106 13 sammanföras

69 699 4 12 i
86 702 18 9 en
117 698 70 16 valkrets;
203 702 33 9 men
249 699 13 16 ej
276 699 24 13 må
312 699 143 16 landstingsområde
468 699 39 13 delas
520 699 8 12 å

68 717 48 13 skilda
128 717 87 12 valkretsar.
233 717 94 15 Indelningen
339 717 6 13 i
356 717 83 13 valkretsar
449 717 80 13 innehålles

70 734 4 13 i
85 734 71 16 vallagen.
174 735 28 12 För
213 735 41 15 varje
265 735 66 12 valkrets
342 735 46 16 väljes
399 735 38 13 efter
448 735 81 15 folkmäng-

69 753 28 12 den
108 752 41 13 inom
160 752 32 13 dess
204 753 59 12 område
275 757 17 8 en
303 752 101 17 riksdagsman
416 753 24 13 för
450 754 34 12 vart
495 753 34 12 fullt

70 770 26 16 tal,
101 771 104 12 motsvarande
211 770 30 15 !/150
247 774 19 9 av
271 771 46 12 rikets
323 771 90 15 folkmängd.
425 771 110 15 Valkretsarna
525 763 12 30 |

68 788 56 13 indelas
132 788 5 13 i
145 788 31 13 åtta
184 792 69 12 grupper,
260 788 49 13 vilken
317 789 75 15 indelning
399 789 79 12 fastställes
486 789 5 12 i
498 789 31 12 val-

69 806 47 16 lagen.
131 806 44 16 Varje
184 806 16 13 år
209 806 47 13 under
263 807 83 15 september
354 807 54 12 månad
417 806 38 13 skall
462 806 40 13 inom
511 810 18 9 en

69 828 19 9 av
97 824 64 13 nämnda
169 828 64 12 grupper
240 824 71 13 förrättas
320 824 24 13 val
352 825 23 12 för
383 825 99 15 nästföljande
491 824 38 13 åtta-

69 842 79 16 årsperiod.
168 842 29 13 Det
211 842 41 13 antal
265 842 101 16 riksdagsmän
380 843 18 12 de
412 842 72 13 särskilda
499 842 37 18 val-|

69 860 77 13 kretsarna
160 860 41 13 skola
216 861 33 12 utse
264 860 87 13 bestämmes
366 860 46 16 enligt
426 861 109 12 ovannämnda
524 850 8 30 |

69 882 42 9 norm
122 882 18 9 av
152 878 82 16 Konungen
244 880 35 11 vart
290 882 30 9 10:e
331 878 16 13 år
358 878 24 16 (K.
394 879 44 15 kung.
448 879 51 12 härom
506 877 30 17 19/7)

70 896 47 16 1931).
136 896 72 12 Ledamot
221 900 19 8 av
254 896 52 13 Första
320 896 90 16 kammaren,
423 900 32 9 som
468 896 32 13 icke
513 898 17 11 är

69 914 50 13 bosatt
128 914 9 12 å
145 915 28 14 ort,
182 914 27 12 där
216 914 60 16 riksdag
284 914 50 16 hålles,
344 914 66 16 åtnjuter
417 918 19 9 av
444 913 92 15 statsmedel|

69 932 95 13 resekostnad
171 932 24 13 till
201 932 27 13 och
235 932 33 13 från
275 932 78 16 riksdagen
361 932 46 16 jämte
414 934 22 11 ett
444 932 85 16 dagtrakta-

69 951 49 11 mente
131 953 19 9 av
162 953 16 12 25
191 950 23 12 kr.
227 950 23 12 för
261 950 62 13 vardera
335 954 42 9 resan
390 952 38 11 samt
440 952 22 11 ett
475 950 54 13 arvode

69 968 47 12 under
123 968 79 15 riksdagen
211 971 19 9 av
238 972 43 11 4,000
290 968 22 13 kr.
326 968 52 13 Annan
387 968 65 13 ledamot
461 972 19 9 av
488 969 40 12 kam-

69 989 50 9 maren
133 985 66 17 åtnjuter
211 986 54 12 arvode
278 990 19 8 av
311 990 40 11 3,000
365 986 22 13 kr.
406 986 76 16 Därjämte
496 987 6 2 ä

68 1003 106 16 riksdagsman,
184 1007 31 9 som
225 1004 47 12 under
280 1004 60 16 lagtima
349 1004 60 16 riksdag
418 1004 37 13 efter
464 1004 65 16 beviljad

69 1021 65 16 ledighet
147 1021 61 13 besöker
221 1022 81 15 hemorten,
316 1023 22 11 att
352 1026 19 8 av
384 1022 86 13 statsmedel
483 1022 46 12 undfå

68 1039 83 16 ersättning
163 1039 23 13 för
197 1039 46 13 därav
255 1039 77 13 föranledd
344 1040 100 15 resekostnad,
457 1040 37 13 dock
506 1040 24 12 för

69 1057 44 16 högst
124 1060 7 12 5
143 1061 40 9 resor
193 1057 38 13 fram
243 1057 27 13 och
282 1057 36 13 åter.
335 1058 64 12 Valbara
410 1059 26 12 äro
447 1058 4 12 i
463 1058 65 13 kommu-

69 1079 53 9 nernas
136 1075 74 13 allmänna
224 1075 121 16 angelägenheter
358 1075 122 16 röstberättigade
494 1077 34 11 män

69 1093 27 13 och
106 1093 69 16 kvinnor,
185 1097 31 9 som
226 1093 65 16 uppnått
301 1097 16 12 35
328 1093 24 13 års
361 1093 45 13 ålder.

88 1111 49 12 Andra
146 1111 88 12 kammarens
241 1111 74 13 ledamöter
323 1112 25 12 äro
357 1115 32 12 230,
398 1111 44 13 valda
450 1111 23 13 för
480 1115 18 9 en
507 1111 22 13 tid

69 1132 19 9 av
97 1129 33 16 fyra
139 1129 21 15 år,
168 1129 64 12 räknade
241 1129 32 12 från
282 1130 27 12 och
318 1129 33 13 med
360 1129 58 16 januari
426 1129 62 13 månads
496 1129 33 13 bör-

69 1146 25 17 jan
105 1146 31 13 året
147 1148 33 11 näst
190 1147 38 12 efter
237 1147 31 15 det,
278 1147 47 13 under
334 1147 47 13 vilket
391 1147 40 13 valet
441 1147 44 13 skett.
501 1147 29 13 För

69 1165 42 12 dessa
118 1164 25 13 val
149 1166 17 11 är
171 1165 39 12 riket
216 1165 56 12 indelat
279 1165 5 13 i
292 1166 16 12 28
316 1165 87 13 valkretsar.
416 1166 29 12 För
451 1165 41 16 varje
499 1165 30 13 val-

69 1182 40 13 krets
115 1182 47 16 väljes
168 1183 37 12 efter
210 1182 104 16 folkmängden
319 1183 41 13 inom
366 1183 32 13 dess
404 1183 59 13 område
470 1187 17 9 en
492 1183 37 13 riks-

69 1200 70 16 dagsman
134 1193 31 30 för
164 1193 38 30 vart
209 1200 34 13 fullt
248 1200 26 16 tal,
278 1201 104 13 motsvarande
386 1200 29 16 !/2s0
421 1201 67 13 avrikets
493 1201 36 13 folk-
534 1202 2 4 |

69 1218 59 16 mängd.
144 1218 52 13 Rikets
205 1218 75 16 indelning
289 1219 5 12 i
303 1219 83 13 valkretsar
395 1219 80 13 innehålles
484 1219 5 12 i
499 1219 30 12 val-

69 1236 48 16 lagen.
129 1236 45 16 Varje
180 1236 24 13 län
212 1237 44 15 utgör
262 1240 18 9 en
287 1236 70 16 valkrets,
365 1238 41 12 utom
414 1235 79 17 Älvsborgs
500 1237 29 15 län,

68 1257 33 10 som
108 1255 18 12 är
132 1254 40 13 delat
180 1254 4 13 i
193 1258 8 9 2
209 1254 63 16 kretsar,
280 1255 73 15 varjämte
360 1255 65 15 följande
432 1255 50 13 städer
489 1254 40 13 bilda

69 1275 27 9 var
103 1272 22 12 sin
134 1272 70 13 valkrets:
214 1272 12 16 1)
236 1272 90 16 Stockholm,
336 1273 13 16 2)
359 1273 59 15 Malmö,
427 1273 102 15 Hälsingborg,

69 1290 96 13 Landskrona
177 1290 27 13 och
216 1290 48 16 Lund,
277 1290 13 16 3)
303 1291 79 15 Göteborg.
399 1291 30 12 Det
440 1291 41 13 antal
492 1290 37 13 riks-

69 1308 76 15 dagsmän,
154 1308 41 16 varje
204 1308 66 13 valkrets
279 1310 34 14 äger
322 1310 37 15 utse,
368 1309 80 13 fastställes
457 1309 23 12 för
488 1308 42 17 varje

69 1326 109 16 fyraårsperiod
187 1330 19 9 av
216 1326 82 16 Konungen
308 1326 24 16 (K.
342 1327 44 15 kung.
395 1327 52 12 härom
456 1326 17 16 ?/s
483 1327 46 15 1940).

88 1344 50 12 Andra
149 1344 92 12 kammarens
251 1344 81 13 ledamöter
342 1344 59 16 åtnjuta
411 1348 56 9 samma
477 1346 53 11 ersätt-

69 1361 36 16 ning
116 1365 32 9 som
160 1361 52 13 Första
225 1362 97 12 kammarens.
339 1369 19 2 —
370 1362 59 13 Valrätt
441 1362 89 13 tillkommer

70 1382 46 9 envar
124 1379 54 13 svensk
186 1383 34 9 man
230 1380 27 12 och
266 1379 61 16 kvinna,
336 1384 32 9 som
377 1381 49 12 senast
435 1380 47 12 under
490 1381 39 11 näst-

69 1396 87 16 föregående
168 1397 87 13 kalenderår
267 1397 34 16 fyllt
313 1401 17 12 23
343 1398 22 15 år,
377 1398 38 12 dock
427 1398 13 16 ej
453 1398 33 15 den,
498 1401 32 9 som

69 1414 32 13 står
112 1415 47 12 under
169 1415 122 16 förmynderskap
302 1415 35 13 eller
348 1416 17 12 är
375 1415 5 13 i
392 1415 138 16 konkurstillstånd,

69 1432 14 16 ej
92 1432 46 13 heller
145 1432 33 16 den,
187 1436 31 9 som
227 1434 17 11 är
252 1437 19 8 av
279 1433 74 13 allmänna
361 1433 100 16 fattigvården
470 1433 59 13 omhän-

69 1450 70 16 dertagen
152 1450 23 13 för
187 1451 69 15 varaktig
268 1451 93 16 försörjning.
380 1451 64 13 Valbara
457 1452 25 12 äro
495 1452 34 12 män

69 1468 27 13 och
107 1468 69 16 kvinnor,
185 1472 32 9 som
227 1469 65 16 uppnått
302 1472 16 12 25
330 1469 23 13 års
363 1469 41 13 ålder
413 1470 39 12 samt
463 1470 26 15 äga
499 1469 31 13 val-

544 415 30 11 rätt
583 413 41 14 inom
633 414 84 13 valkretsen
727 414 40 16 eller,
777 415 27 13 där
813 415 42 16 fråga
865 416 17 12 är
890 419 25 9 om
925 416 38 16 stad,
970 420 31 9 som

544 432 50 13 består
603 436 19 9 av
631 432 36 13 flera
677 432 87 16 valkretsar,
773 433 40 13 inom
823 433 47 16 någon
881 437 19 9 av
910 434 46 13 dessa.

562 450 29 12 Till
604 450 38 12 båda
656 450 79 13 kamrarna
748 451 26 12 ske
787 451 43 12 valen
844 451 34 13 med
889 451 113 16 proportionellt

544 467 60 13 valsätt.

562 485 78 13 Allmänna
649 485 24 13 val
683 485 23 13 till
714 486 50 12 Andra
773 486 85 13 kammaren
867 486 54 13 skedde
930 488 49 12 senast
986 486 16 14 år

545 507 41 12 1940,
596 503 41 13 vilka
646 503 25 13 val
680 503 38 16 gälla
728 504 23 12 för
759 504 70 16 perioden
841 508 96 13 1941—1944.

664 550 75 18 Första
753 550 123 18 kammaren.

684 587 115 17 Stockholms
811 588 47 17 stad.

626 615 126 22 (Mandattiden
765 617 49 21 utgår
826 617 19 17 år
860 617 57 22 1945.)

544 646 81 21 Hagman,
638 647 45 16 Emil
697 647 62 20 Oskar,
773 646 86 22 Byråchef
865 646 41 22 [88],
919 649 11 15 f.
940 648 27 20 80;
978 649 22 16 38

568 671 42 19 (adr.
623 669 100 21 Ulvsunda).

544 694 88 19 Wistrand,
645 695 43 16 Karl
697 695 94 19 Knutsson,
801 696 23 15 fd.
834 696 83 16 Direktör
926 694 53 22 [976],
988 697 12 15 f.

569 719 27 18 89;
611 719 22 16 38
645 717 43 21 (adr.
702 717 111 21 Stockholm).

544 742 60 19 Ström,
617 743 40 16 Otto
667 743 78 19 Fredrik,
755 743 125 16 Skriftställare
888 741 53 23 [501],
952 744 9 15 f.
972 744 28 19 80;

570 767 21 15 38
604 765 43 20 (adr.
661 765 100 21 Ulvsunda).

544 790 76 19 Ewerlöf,
633 791 48 15 Knut
697 791 84 19 Gerhard,
797 791 24 16 fd.
838 790 96 22 Borgarråd
947 789 52 23 [968],

569 815 10 15 f.
594 814 27 19 90;
636 814 21 16 38
670 812 43 22 (adr.
726 813 112 21 Stockholm).

545 837 81 19 Carlsson,
640 838 45 19 Olof,
702 839 23 15 fd.
743 839 153 19 Förtroendeman,
910 839 11 16 f.
936 838 27 20 72;
978 839 22 16 38

568 860 42 21 (adr.
624 860 113 22 Stockholm).

544 885 58 20 Gärde,
608 887 87 20 Johannes
704 886 90 20 Natanael,
804 887 24 15 fd.
835 885 99 22 Justitieråd
942 884 29 23 [72
979 885 21 22 a),

569 911 11 15 f.
594 910 28 19 80;
636 910 22 16 38
671 908 42 22 (adr.
727 908 112 22 Stockholm).

544 934 85 21 Branting,
648 934 63 21 Georg,
729 935 15 20 J.
764 935 28 19 K.,
812 935 85 19 Advokat,
911 935 11 15 f.
936 933 27 21 87;
978 934 22 17 38

568 956 42 22 (adr.
624 956 113 22 Stockholm).

544 981 66 19 Strand,
623 982 43 16 Axel
680 982 88 20 Wilhelm,
781 982 66 16 Kassör
859 980 41 22 [88],
914 983 11 15 f.
939 982 28 19 93;
978 982 22 16 38

568 1004 42 21 (adr.
624 1004 112 21 Stockholm).

544 1029 98 19 Nordenson,
655 1030 71 19 Harald,
743 1030 82 16 Direktör
837 1028 53 23 [950],
910 1030 11 16 f.
935 1030 28 19 86;
978 1030 22 16 38

568 1052 42 21 (adr.
624 1052 111 21 Stockholm).

544 1077 85 19 Karlsson,
650 1078 42 15 Karl
711 1078 72 20 August,
797 1078 203 19 Förbundsordförande,

568 1102 11 16 f.
593 1102 28 18 86;
635 1101 22 16 38
670 1100 42 21 (adr.
726 1099 112 21 Stockholm).

544 1124 52 20 Ohlin,
614 1126 52 15 Bertil
683 1125 89 19 Gotthard,
786 1126 45 15 Prof.
844 1123 52 22 [816],
910 1126 11 15 f.
936 1126 27 18 99;
978 1125 22 16 38

567 1148 43 21 (adr.
624 1147 112 22 Stockholm).

544 1172 102 20 Sandström,
664 1173 43 16 Karl
727 1174 63 15 Gustaf
806 1173 83 19 Armand,
905 1174 18 15 tf.
936 1174 64 15 Under-

569 1196 98 17 ståthållare
679 1195 53 22 [474],
745 1197 11 16 f.
766 1197 28 18 95;
804 1197 22 16 40
835 1196 43 20 (adr.
888 1195 112 22 Stockholm).

545 1254 62 24 [149]

593 1285 115 17 Stockholms
720 1286 33 16 län
765 1285 32 18 och
813 1285 85 22 Uppsala
910 1286 38 17 län.

625 1314 125 22 (Mandattiden
764 1315 49 22 utgår
825 1315 19 17 år
859 1315 58 22 1946.)

545 1345 63 19 Möller,
625 1346 45 15 Fritz
684 1346 69 19 Gustav,
768 1345 76 17 Statsråd
856 1344 40 22 [48],
910 1347 11 15 f.
936 1346 27 19 84;
978 1346 22 16 39

568 1367 43 21 (adr.
624 1367 113 22 Stockholm).

545 1392 85 19 Forslund,
646 1394 88 20 Johannes
747 1393 66 18 Albert,
826 1393 24 16 fd.
864 1394 136 15 Förbundsordf.

569 1415 29 21 [96
605 1415 18 22 f],
636 1417 11 16 f.
661 1417 28 19 81;
704 1417 21 16 39
738 1415 44 21 (adr.
795 1415 81 23 Spånga).

545 1440 99 19 Beck-Friis,
663 1441 40 16 Carl
722 1441 79 21 Sigvard,
821 1441 53 20 Frih.,
892 1441 109 21 Bruksägare

569 1463 53 22 [968],
634 1465 11 16 f.
659 1465 29 19 86;
702 1465 22 16 39
737 1464 43 21 (adr.
794 1463 60 23 Harg).

518 1512 35 16 186
