1044 1578
79 69 131 25 [142—143]

79 261 61 25 [142]

484 70 116 23 Riksdagen.

96 300 49 35 V.
195 298 291 48 Riksdagen,
518 298 111 37 dess
661 297 331 38 Ombudsmän

412 352 89 37 och
532 351 140 37 Verk.

231 430 145 28 Riksdagen.

96 471 67 17 Lagtima
176 471 58 16 riksdag
246 471 54 16 skall,
291 461 9 31 i
313 471 39 13 kraft
365 475 19 9 av
397 471 45 13 rikets
455 471 77 16 regerings-

76 489 43 17 form,
131 489 109 14 sammanträda
252 489 40 16 varje
304 489 16 13 år
331 489 28 13 den
372 493 17 9 10
400 489 57 17 januari
463 489 39 17 eller,
508 493 25 9 om

77 507 61 17 helgdag
146 507 18 14 då
171 507 74 16 inträffar,
252 507 45 16 dagen
305 507 69 13 därefter.

95 525 50 14 Första
157 525 87 13 kammarens
255 525 72 13 ledamöter
339 526 25 12 äro
376 528 26 13 150
414 525 27 13 och
453 525 46 16 väljas
510 525 22 13 för

77 543 32 13 åtta
119 543 21 16 år,
149 543 64 13 räknade
223 543 32 13 från
265 543 27 13 och
302 543 32 13 med
344 543 58 16 januari
411 543 60 13 månads
481 543 51 16 början

77 561 30 13 året
118 562 32 12 näst
160 561 37 13 efter
206 561 30 16 det,
246 561 45 13 under
301 561 45 13 vilket
356 561 38 13 valet
404 561 44 16 skett,
456 564 18 10 av
485 560 47 14 lands-

76 579 57 16 tingens
148 578 80 14 ledamöter
241 579 27 13 och
281 578 132 16 stadsfullmäktige
427 578 5 13 i
447 579 17 12 de
478 579 54 16 städer,

76 600 31 10 som
119 597 14 16 ej
145 597 58 16 deltaga
215 597 5 13 i
232 596 78 17 landsting.
329 597 27 13 För
367 596 23 14 val
400 596 21 14 till
431 596 50 14 Första
492 597 40 13 kam-

75 618 50 10 maren
139 616 17 12 är
169 615 38 13 riket
220 614 55 14 indelat
289 614 5 14 i
308 618 16 12 19
337 614 85 14 valkretsar.
441 615 101 13 Stockholms
530 610 14 27 |

75 632 34 14 stad
117 633 27 13 och
152 632 81 16 Göteborgs
241 632 33 14 stad
283 634 51 14 utgöra
342 636 27 9 var
378 633 21 12 för
407 632 21 16 sig
437 636 17 9 en
464 632 67 14 valkrets.

75 651 53 13 Annan
137 650 38 16 stad,
185 654 31 10 som
225 650 13 17 ej
248 650 64 16 deltager
320 650 4 13 i
334 650 77 16 landsting,
422 650 48 13 tillhör
476 654 55 10 samma

75 668 65 14 valkrets
151 672 31 10 som
194 669 24 12 det
230 668 144 16 landstingsområde,
386 668 32 13 vari
429 668 50 13 staden
492 668 39 13 förut

75 686 53 16 ingått.
150 686 41 13 Flera
203 686 149 16 landstingsområden
366 686 48 13 kunna
427 686 104 13 sammanföras

75 704 6 13 i
93 708 18 9 en
124 704 69 16 valkrets;
207 708 32 9 men
253 704 13 16 ej
280 704 24 13 må
318 703 139 17 landstingsområde
470 704 39 13 delas
523 704 8 13 å

74 722 47 13 skilda
134 722 85 13 valkretsar,
240 722 93 16 Indelningen
345 721 4 14 i
361 722 81 13 valkretsar
453 721 78 14 innehålles

75 740 5 13 i
90 739 71 17 vallagen.
182 740 28 13 För
221 740 41 16 varje
273 739 63 14 valkrets
347 739 46 17 väljes
403 739 37 14 efter
451 739 80 17 folkmäng-

75 757 28 14 den
115 757 39 14 inom
165 757 32 14 dess
209 757 59 14 område
279 761 17 10 en
308 757 99 16 riksdagsman
419 757 22 13 för
453 759 31 11 vart
497 757 34 13 fullt

75 775 26 16 tal,
108 775 103 13 motsvarande
218 776 30 15 '/:so
254 779 19 9 av
280 775 44 13 rikets
330 775 88 16 folkmängd.
429 775 102 13 Valkretsarna

74 793 55 13 indelas
136 793 5 14 i
148 793 32 14 åtta
187 797 68 13 grupper,
262 793 47 13 vilken
317 793 73 16 indelning
398 793 78 13 fastställes
489 793 4 13 i
500 793 30 13 val-

74 811 46 16 lagen.
139 811 44 17 Varje
191 811 16 13 år
215 811 46 13 under
269 811 81 16 september
358 811 53 13 månad
420 811 36 13 skall
465 811 39 13 inom
512 815 18 9 en

74 832 20 10 av
102 829 64 13 nämnda
174 832 62 13 grupper
245 829 69 13 förrättas
323 828 24 14 val
355 828 22 14 för
386 828 97 17 nästföljande
493 829 37 13 åtta-

74 846 78 17 årsperiod.
176 846 28 14 Det
218 847 41 13 antal
272 846 99 16 riksdagsmän
385 846 18 13 de
416 846 71 14 särskilda
501 847 29 13 val-

74 864 76 14 kretsarna
164 864 40 13 skola
219 866 33 12 utse
266 864 87 14 bestämmes
368 864 45 16 enligt
428 864 102 14 ovannämnda

74 886 42 9 norm
126 886 20 10 av
158 882 80 16 Konungen
249 883 33 12 vart
294 886 29 9 10:e
334 882 16 13 år
362 882 24 16 (K.
398 882 43 16 kung.
450 882 50 13 härom
508 881 22 17 '2/7

75 900 46 16 1931).
144 900 71 13 Ledamot
228 904 19 9 av
260 900 51 13 Första
324 900 89 16 kammaren,
426 903 31 10 som
471 900 30 13 icke
514 901 16 12 är

74 918 50 13 bosatt
132 917 9 14 å
149 919 28 15 ort,
186 918 26 13 där
220 918 59 15 riksdag
287 917 49 17 hålles,
346 917 65 16 åtnjuter
419 921 18 10 av
446 918 84 13 statsmedel

74 936 96 13 resekostnad
181 936 22 13 till
209 936 27 13 och
243 936 32 13 från
282 936 76 16 riksdagen
365 936 46 16 jämte
417 937 22 12 ett
446 936 82 16 dagtrakta-

74 955 49 12 mente
139 957 19 10 av
175 957 16 12 25
204 954 22 13 kr.
242 954 23 13 för
274 954 61 13 vardera
344 957 42 10 resan
396 955 39 12 samt
444 955 22 12 ett
475 954 55 13 arvode

74 971 46 14 under
128 971 77 17 riksdagen
215 975 19 10 av
244 975 42 13 4,000
297 971 21 14 kr.
334 971 52 13 Annan
394 971 62 14 ledamot
463 975 19 10 av
489 972 40 13 kam-

73 993 50 10 maren
138 989 66 17 åtnjuter
217 989 54 13 arvode
285 993 19 9 av
320 993 41 12 3,000
370 989 22 13 kr.
411 989 76 17 Därjämte
496 991 34 14 äger

73 1007 105 16 riksdagsman,
187 1011 32 9 som
228 1007 45 13 under
283 1007 59 16 lagtima
352 1007 58 16 riksdag
420 1007 36 14 efter
466 1007 63 17 beviljad

73 1025 64 16 ledighet
151 1025 60 13 besöker
226 1025 78 16 hemorten,
320 1026 22 12 att
356 1029 19 9 av
386 1025 85 13 statsmedel
484 1025 45 14 undfå

73 1043 81 16 ersättning
168 1043 22 13 för
202 1043 47 13 därav
261 1043 74 13 föranledd
344 1043 98 16 resekostnad,
456 1043 37 13 dock
508 1043 21 13 för

73 1061 43 16 högst
130 1064 8 13 5
152 1064 38 10 resor
203 1061 38 13 fram
250 1061 27 13 och
288 1061 35 13 åter.
342 1061 62 13 Valbara
414 1060 38 14 äro
442 1051 19 30 i
463 1061 66 13 kommu-

72 1082 53 10 nernas
139 1078 73 14 allmänna
226 1079 120 16 angelägenheter
360 1079 122 16 röstberättigade
494 1080 34 12 män

73 1097 27 13 och
110 1096 67 16 kvinnor,
188 1100 31 10 som
228 1097 64 16 uppnått
304 1100 15 12 35
329 1096 24 13 års
362 1096 45 14 ålder.

92 1114 50 14 Andra
150 1114 87 14 kammarens
245 1114 72 14 ledamöter
325 1115 26 12 äro
360 1118 30 12 230,
400 1114 42 13 valda
451 1114 22 14 för
481 1118 17 9 en
508 1114 21 14 tid

73 1135 20 10 av
101 1132 33 17 fyra
142 1132 21 14 år,
172 1132 64 13 räknade
244 1132 32 13 från
285 1132 26 13 och
321 1132 32 13 med
363 1132 56 16 januari
428 1132 60 13 månads
497 1132 32 13 bör-

73 1149 25 17 jan
109 1150 30 13 året
150 1151 33 12 näst
193 1150 37 13 efter
239 1150 30 15 det,
280 1150 46 13 under
336 1150 44 13 vilket
392 1150 38 13 valet
441 1150 43 13 skett.
501 1150 27 13 För

72 1167 42 14 dessa
124 1168 24 13 val
154 1169 16 12 är
176 1168 38 13 riket
220 1168 55 13 indelat
282 1168 4 13 i
294 1168 16 13 28
317 1168 85 13 valkretsar.
418 1168 29 13 För
452 1168 40 16 varje
498 1168 31 13 val-

71 1185 41 13 krets
118 1185 45 15 väljes
169 1186 38 13 efter
212 1185 102 17 folkmängden
320 1186 39 13 inom
366 1186 31 13 dess
403 1186 60 13 område
469 1189 17 10 en
492 1186 37 13 riks-

72 1203 69 16 dagsman
146 1204 23 12 för
173 1204 34 12 vart
212 1203 33 13 fullt
250 1203 26 16 tal,
280 1204 102 13 motsvarande
388 1203 29 16 "/230
422 1207 18 10 av
445 1204 44 13 rikets
492 1203 37 14 folk-

72 1221 58 16 mängd.
141 1221 50 14 Rikets
196 1221 73 15 indelning
275 1222 4 12 i
285 1221 79 14 valkretsar
368 1221 78 14 innehålles
450 1222 4 13 i
458 1222 71 16 vallagen.

73 1239 44 16 Varje
126 1239 24 13 län
160 1241 43 15 utgör
212 1243 17 10 en
240 1239 68 16 valkrets,
318 1242 41 11 utom
371 1237 78 19 Älvsborgs
459 1239 27 16 län,
497 1243 31 10 som

72 1257 17 13 är
101 1256 39 14 delat
153 1257 6 13 i
171 1261 8 10 2
192 1257 62 16 kretsar,
267 1257 72 17 varjämte
352 1257 63 17 följande
428 1257 48 13 städer
489 1257 39 14 bilda

72 1278 27 10 var
107 1275 21 13 sin
138 1274 69 14 valkrets:
217 1275 12 15 1)
239 1275 88 16 Stockholm,
337 1275 13 16 2)
360 1275 58 15 Malmö,
428 1275 100 16 Hälsingborg,

72 1292 96 14 Landskrona
179 1293 28 13 och
219 1293 47 16 Lund,
280 1294 13 15 3)
306 1293 78 16 Göteborg.
400 1293 28 13 Det
441 1293 40 13 antal
492 1293 36 13 riks-

72 1310 75 17 dagsmän,
165 1311 41 16 varje
223 1311 65 13 valkrets
306 1312 33 15 äger
356 1312 37 14 utse,
411 1311 79 13 fastställes
506 1311 22 13 för

72 1328 41 16 varje
127 1328 107 17 fyraårsperiod
248 1332 19 10 av
282 1329 81 16 Konungen
378 1329 26 17 (K.
417 1329 45 16 kung.
476 1329 52 13 härom

71 1345 25 17 22/5
107 1346 47 16 1936).

90 1363 50 14 Andra
151 1364 91 13 kammarens
252 1363 80 14 ledamöter
342 1363 58 17 åtnjuta
410 1368 56 9 samma
475 1365 53 12 ersätt-

71 1381 36 16 ning
119 1385 31 10 som
164 1381 51 14 Första
229 1382 96 13 kammarens,
338 1389 18 2 —
370 1382 57 13 Valrätt
441 1382 87 13 tillkommer

71 1402 45 10 envar
128 1399 52 13 svensk
189 1403 34 9 man
232 1400 27 13 och
269 1399 58 16 kvinna,
336 1403 31 10 som
376 1401 48 12 senast
434 1400 44 13 under
489 1401 38 12 näst-

71 1416 87 17 föregående
170 1417 84 13 kalenderår
267 1417 32 16 fyllt
313 1421 16 12 23
342 1417 21 16 år,
375 1418 37 13 dock
425 1418 13 15 ej
451 1418 32 15 den,
496 1422 31 9 som

70 1435 32 13 står
114 1435 46 13 under
172 1435 121 16 förmynderskap
305 1435 33 13 eller
351 1436 15 12 är
379 1435 4 13 i
393 1435 134 15 konkurstillstånd,

71 1452 14 17 ej
97 1452 43 14 heller
152 1453 33 15 den,
195 1457 31 9 som
233 1454 17 12 är
257 1457 18 9 av
283 1453 72 13 allmänna
363 1453 97 16 fattigvården
468 1454 59 13 omhän-

71 1470 69 16 dertagen
153 1470 22 14 för
188 1470 67 17 varaktig
267 1471 92 16 försörjning.
378 1471 62 13 Valbara
455 1472 26 13 äro
493 1472 34 13 män

71 1488 28 14 och
111 1488 67 18 kvinnor,
191 1492 31 11 som
231 1489 64 16 uppnått
304 1492 17 13 25
331 1489 23 13 års
364 1488 40 14 ålder
412 1490 38 13 samt
460 1490 27 16 äga
497 1489 30 14 val-

551 431 31 12 rätt
595 430 40 13 inom
645 429 82 14 valkretsen
737 430 39 16 eller,
785 430 27 13 där
821 430 41 16 fråga
871 431 17 12 är
896 434 24 10 om
928 430 39 17 stad,
976 434 32 10 som

552 448 48 13 består
609 452 19 9 av
638 448 35 13 flera
683 448 86 16 valkretsar,
778 448 39 13 inom
827 448 47 16 någon
885 452 18 9 av
911 448 46 13 dessa.

570 465 27 13 Till
605 465 38 13 båda
651 466 77 13 kamrarna
736 466 26 13 ske
769 466 43 13 valen
819 466 34 13 med
861 466 111 16 proportionellt
977 466 31 13 val-

551 484 36 12 sätt.

570 500 77 14 Allmänna
655 500 25 14 val
689 500 22 14 till
719 501 50 13 Andra
778 501 84 13 kammaren
871 501 54 13 skedde
934 502 49 13 senast
992 501 15 14 år

552 519 41 16 1936,
602 519 39 13 vilka
649 518 25 14 val
682 519 37 16 gälla
727 519 23 13 för
758 519 68 17 perioden
836 521 97 15 1937—1940.

670 560 76 18 Första
760 559 122 19 kammaren.

690 596 116 18 Stockholms
817 597 48 17 stad.

632 625 126 22 (Mandattiden
771 626 49 22 utgår
832 626 19 18 år
865 627 58 22 1945.)

550 661 81 22 Hagman,
643 663 46 15 Emil
702 663 63 20 Oskar,
778 662 87 22 Byråchef
871 661 41 23 [88],
924 664 12 16 f.
946 663 28 20 80;
984 664 22 16 38

573 687 42 18 (adr.
630 685 99 21 Ulvsunda).

549 709 89 20 Wistrand,
650 711 43 15 Karl
703 711 93 19 Knutsson,
806 711 24 16 fd.
840 711 83 16 Direktör
932 709 53 22 [976],
994 712 12 15 f.

574 734 28 19 89;
616 734 22 16 38
650 733 43 21 (adr.
707 732 112 22 Stockholm).

549 757 61 19 Ström,
622 758 41 16 Otto
676 759 79 19 Fredrik,
764 759 89 16 Redaktör
861 757 53 23 [501],
925 759 10 16 f.
945 758 28 20 80;
984 759 22 16 38

572 781 44 20 (adr.
629 780 100 22 Ulvsunda).

549 805 76 19 Ewerlöf,
638 806 48 16 Knut
702 806 84 19 Gerhard,
802 806 24 16 fd.
842 805 98 23 Borgarråd
952 804 53 23 [968],

573 830 11 15 f.
598 830 28 18 90;
640 830 22 16 38
674 828 43 21 (adr.
731 828 112 22 Stockholm).

549 852 82 20 Carlsson,
644 854 45 19 Olof,
703 854 43 16 Led.
760 859 21 11 av
790 853 165 22 Försäkringsrådet
964 851 41 23 [91],

572 877 12 16 f.
598 876 27 20 72;
640 877 22 16 38
674 875 43 22 (adr.
731 876 112 21 Stockholm).

549 899 57 20 Gärde,
613 902 87 20 Johannes
709 902 90 19 Natanael,
809 902 24 15 fd.
840 901 99 22 Justitieråd
947 900 29 22 [72
984 900 21 22 al,

573 925 11 16 f.
598 925 28 19 80;
640 925 22 16 38
675 923 43 22 (adr.
731 923 113 22 Stockholm).

548 948 85 22 Branting,
652 949 64 21 Georg,
734 950 15 20 J.
768 950 28 20 K.,
815 950 86 20 Advokat,
915 950 11 16 f.
940 948 28 21 87;
982 950 23 16 38

550 971 64 24 (adr.
628 971 114 22 Stockholm).

548 996 56 20 Öman,
623 997 43 20 Ivar,
686 997 88 16 Redaktör
789 995 53 22 [976],
858 998 12 16 f.
884 997 28 20 00;
926 997 22 17 38
961 995 43 23 (adr.

572 1019 112 22 Stockholm).

547 1043 67 20 Strand,
626 1045 44 16 Axel
683 1045 88 20 Wilhelm,
785 1045 65 16 Kassör
862 1043 41 23 [88],
917 1046 12 15 f.
943 1045 28 20 93;
981 1046 22 16 38

571 1067 42 21 (adr.
627 1067 112 21 Stockholm).

547 1091 98 20 Nordenson,
658 1093 71 19 Harald,
746 1093 83 16 Direktör
840 1091 53 23 [950],
913 1094 12 15 f.
938 1093 28 19 86;
981 1093 22 16 38

570 1114 43 21 (adr.
627 1114 112 22 Stockholm).

547 1139 84 20 Karlsson,
652 1141 43 15 Karl
713 1141 73 20 August,
800 1141 203 19 Förbundsordförande,

570 1164 12 16 f.
596 1164 28 19 86;
638 1164 22 16 38
672 1162 43 22 (adr.
729 1162 112 22 Stockholm).

547 1187 52 20 Ohlin,
612 1188 52 16 Bertil
678 1188 90 19 Gotthard,
784 1189 87 16 Professor
883 1186 53 23 [820],
948 1189 12 16 f.
974 1189 28 18 99;

571 1212 23 16 38
606 1210 43 22 (adr.
662 1210 113 22 Stockholm).

547 1256 130 25 [143—144]

594 1294 116 17 Stockholms
722 1294 32 18 län
767 1294 32 18 och
815 1294 84 23 Uppsala
912 1295 38 18 län.

626 1329 126 21 (Mandattiden
765 1330 50 22 utgår
827 1330 19 17 år
860 1330 59 22 1946.)

546 1365 63 19 Möller,
626 1366 45 16 Fritz
685 1366 70 20 Gustav,
769 1365 76 18 Statsråd
857 1365 41 22 [48],
911 1368 12 15 f.
937 1367 28 20 84;
979 1367 22 17 39

569 1388 43 21 (adr.
625 1388 113 22 Stockholm).

546 1413 85 19 Forslund,
647 1414 88 21 Johannes
754 1414 66 20 Albert,
840 1413 77 18 Statsråd
931 1412 41 23 [48],
989 1415 11 16 f.

570 1437 29 19 81;
613 1438 21 16 39
647 1436 44 22 (adr.
704 1436 81 23 Spånga).

545 1461 99 19 Beck-Friis,
663 1462 40 16 Carl
722 1462 79 21 Sigvard,
821 1462 54 20 Frih.,
892 1462 109 21 Bruksägare

569 1483 53 23 [950],
634 1486 11 15 f.
659 1486 28 19 86;
702 1486 22 16 39
736 1484 44 22 (adr.
793 1484 60 23 Harg).

516 1531 32 17 174
