1064 1584
453 69 104 22 Riksdagen

21 211 51 23 [148]

931 67 51 23 [148]

21 250 31 25 V.
76 249 255 30 RIKSDAGEN,
354 249 98 26 DESS
474 244 268 31 OMBUDSMÄN
764 249 84 26 OCH
870 250 110 24 VERK

193 329 110 22 Riksdagen

42 374 84 15 Riksdagen
134 373 41 16 skall,
183 373 5 14 i
196 373 38 14 kraft
242 377 18 10 av
268 373 44 13 rikets
319 373 117 16 regeringsform,
444 377 38 9 sam-

21 392 78 13 manträda
108 391 39 16 varje
156 391 16 14 år
181 392 28 12 den
220 391 16 13 10
244 391 57 16 januari
310 391 39 16 eller,
359 395 25 9 om
393 391 61 16 helgdag
463 391 20 13 då

20 409 71 16 inträffar,
101 409 47 16 dagen
157 409 67 13 därefter.
233 409 85 15 Riksdagen
327 409 36 13 skall
372 413 35 9 vara
415 409 67 13 avslutad

20 428 29 12 den
59 427 17 13 31
88 427 81 13 december.
182 427 35 13 1949
227 427 92 13 avskaffades
330 427 82 15 begreppen
423 427 60 15 lagtima

21 445 28 13 och
61 445 54 13 urtima
127 445 59 15 riksdag
199 444 29 14 och
240 446 60 12 ersattes
313 448 18 10 av
343 444 86 16 vårsession,
442 444 40 14 höst-

20 463 56 13 session
83 463 29 13 och
119 465 40 11 extra
166 463 60 13 session.
234 462 106 14 Vårsessionen
347 462 36 13 skall
391 462 4 13 i
402 462 38 16 regel
448 466 35 9 vara

20 481 67 13 avslutad
95 481 28 13 den
131 481 16 13 31
157 480 33 16 maj.

42 499 50 13 Första
102 498 90 14 kammarens
202 498 78 13 ledamöter
290 499 26 12 äro
328 498 26 13 150
365 498 35 13 eller
406 498 25 13 det
437 498 46 16 högre

20 516 26 16 tal,
58 520 33 10 som
103 516 85 14 föranledes
200 520 18 9 av
231 516 89 16 stadgandet
331 516 5 13 i
347 516 22 16 6$
382 516 5 13 1
399 520 14 9 o.
420 516 7 13 4
436 516 46 13 mom.

19 534 152 16 riksdagsordningen
180 534 28 13 och
218 534 45 16 väljas
274 534 23 13 för
307 534 30 13 åtta
347 534 21 16 år,
378 534 65 13 räknade
450 534 32 13 från

20 552 29 13 och
63 552 34 13 med
110 552 57 16 januari
182 552 61 13 månads
257 552 52 16 början
322 551 31 14 året
364 552 32 13 näst
406 552 36 13 efter
453 552 29 15 det,

20 570 47 13 under
82 570 44 13 vilket
138 570 39 13 valet
187 570 42 15 skett,
241 573 18 10 av
269 570 92 15 landstingen
371 570 29 12 och
409 569 73 14 stadsfull-

20 588 64 15 mäktige
97 588 4 13 i
114 588 19 13 de
145 588 53 15 städer,
211 591 33 10 som
256 587 13 16 ej
282 587 58 16 deltaga
352 587 88 16 ilandsting.
454 587 28 13 För

20 606 23 13 val
56 606 21 13 till
92 606 52 13 Första
152 606 86 13 kammaren
247 606 16 13 är
272 605 37 14 riket
318 605 54 14 indelat
380 605 5 14 i
395 605 17 14 19
421 605 61 14 valkret-

20 628 27 9 sar.
61 623 95 14 Stockholms
169 623 33 14 stad
214 623 29 14 och
256 623 85 16 Göteborgs
355 623 33 14 stad
396 624 53 15 utgöra
457 627 25 9 var

19 642 24 13 för
51 642 22 15 sig
80 645 19 10 en
107 642 67 13 valkrets,
183 642 56 12 Annan
246 641 38 16 stad,
293 645 33 9 som
334 641 12 16 ej
354 641 128 16 deltager
418 637 13 26 i
432 641 50 16 lands-

19 660 36 15 ting,
73 659 49 14 tillhör
138 663 57 9 samma
210 659 63 13 valkrets
286 663 32 9 som
331 659 24 13 det
369 659 113 16 landstingsom-

20 677 40 16 råde,
72 677 31 14 vari
112 677 52 14 staden
172 677 41 14 förut
222 677 50 16 ingått.
282 677 96 16 Indelningen
387 677 4 13 i
403 677 79 13 valkretsar

20 695 80 13 innehålles
115 695 5 13 i
136 695 70 16 vallagen.
220 695 29 13 För
262 695 39 16 varje
314 695 63 13 valkrets
390 695 44 15 väljes
446 695 36 13 efter

20 713 106 16 folkmängden
141 713 41 13 inom
198 713 32 13 dess
243 713 61 13 område
316 716 19 10 en
347 712 102 16 riksdagsman
458 713 24 13 för

20 733 32 11 vart
66 731 33 13 fullt
114 731 25 16 tal,
154 731 103 13 motsvarande
268 731 30 15 !/,s,
308 734 18 10 av
336 731 44 13 rikets
389 730 92 16 folkmängd.

19 749 104 13 Valkretsarna
138 749 55 13 indelas
207 749 5 13 i
226 748 31 14 åtta
271 752 68 12 grupper,
349 748 48 13 vilken
407 748 75 16 indelning

20 767 77 13 fastställes
110 766 5 14 i
129 767 70 15 vallagen.
214 766 43 16 Varje
271 766 16 13 år
300 766 46 13 under
355 766 63 13 oktober
427 766 55 13 månad

20 785 37 13 skall
70 785 42 13 inom
125 788 19 9 en
157 788 19 9 av
189 784 65 13 nämnda
267 788 64 12 grupper
344 784 69 13 förrättas
426 784 24 13 val
459 784 23 13 för

20 802 98 16 nästföljande
133 802 110 16 åttaårsperiod.
258 802 30 13 Det
300 802 39 13 antal
352 802 101 16 riksdagsmän
464 802 18 13 de

20 820 71 13 särskilda
99 820 100 13 valkretsarna
205 820 42 13 skola
254 822 31 11 utse
292 820 87 13 bestämmes
386 820 44 15 enligt
437 823 45 10 ovan-

20 838 64 13 nämnda
98 842 43 9 norm
154 842 19 9 av
186 838 85 15 Konungen
284 839 32 12 vart
329 837 31 13 10:e
372 837 16 14 år
400 837 25 16 (K.
437 837 44 16 kung.

19 856 52 13 härom
84 855 25 16 ??/;
123 856 46 15 1952),
180 855 39 14 dock
231 855 34 13 med
275 855 90 16 vidtagande
374 859 18 9 av
399 855 29 13 den
434 855 48 16 jämk-

20 873 39 16 ning,
71 877 33 10 som
115 873 84 14 föranledes
210 877 18 10 av
239 873 27 13 här
275 877 39 9 ovan
321 873 65 13 nämnda
393 873 8 13 6
406 873 7 16 $
419 873 9 13 4
435 877 46 9 mom.

19 895 19 9 av
47 891 152 16 riksdagsordningen
211 891 25 16 (K.
248 891 45 15 kung.
305 891 29 13 den
345 891 19 13 24
375 891 28 16 maj
417 891 35 13 1957
463 898 19 3 —

19 909 32 14 SFS
64 913 17 10 nr
95 909 26 13 162
133 917 19 2 —
164 909 28 13 enl.
204 909 49 13 vilken
264 909 112 16 sammanlagda
386 909 56 13 antalet
448 909 11 13 f.
466 913 15 9 n.

19 928 43 15 utgör
75 927 31 14 151.
118 927 64 13 Valbara
189 927 26 13 äro
223 927 4 13 i
235 927 115 13 kommunernas
358 927 74 13 allmänna
438 931 44 12 ange-

20 945 82 16 lägenheter
113 945 122 15 röstberättigade
246 945 35 13 män
292 945 29 13 och
331 945 67 16 kvinnor,
405 949 33 9 som
444 949 37 12 upp-

18 963 32 14 nått
58 963 17 13 23
83 963 23 13 års
113 963 45 13 ålder.

40 981 49 13 Andra
100 981 92 13 kammarens
203 980 78 14 ledamöter
293 980 42 13 skola
346 980 22 13 till
380 980 54 13 antalet
446 984 35 9 vara

19 998 27 14 230
55 999 34 13 eller
99 999 24 13 det
133 999 46 15 högre
188 998 20 13 tal
218 1002 32 9 som
260 998 82 13 föranledes
352 1002 19 9 av
380 998 87 15 stadgandet
477 998 4 13 i

21 1016 16 13 15
44 1016 7 16 $
59 1016 8 13 3
74 1020 15 9 o.
96 1016 10 13 4
114 1020 46 9 mom.
168 1016 153 15 riksdagsordningen,
329 1016 43 13 valda
379 1015 23 14 för
409 1019 18 10 en
435 1016 21 13 tid
464 1019 17 10 av

18 1034 32 16 fyra
56 1034 21 16 år,
82 1034 66 13 räknade
153 1033 33 14 från
191 1033 29 14 och
225 1033 34 14 med
263 1033 57 16 januari
326 1033 62 14 månads
393 1033 53 16 början
451 1033 30 14 året

19 1053 33 12 näst
62 1052 37 13 efter
110 1052 29 15 det,
150 1052 47 13 under
207 1051 45 14 vilket
262 1051 38 13 valet
311 1051 42 13 skett.
365 1051 29 13 För
405 1051 43 13 dessa
458 1052 23 13 val

19 1070 16 13 är
43 1070 37 13 riket
87 1070 56 13 indelat
150 1069 5 14 i
163 1069 18 14 28
189 1069 84 14 valkretsar.
283 1069 29 13 För
320 1069 38 16 varje
366 1069 63 14 valkrets
437 1069 44 16 väljes

18 1087 36 14 efter
60 1087 107 16 folkmängden
172 1087 41 13 inom
220 1087 32 13 dess
259 1087 61 13 område
326 1091 18 9 en
351 1087 101 15 riksdagsman
458 1087 24 13 för

19 1107 31 12 vart
61 1105 33 14 fullt
106 1105 25 16 tal,
144 1105 103 13 motsvarande
260 1105 31 16 ?/230
304 1109 17 9 av
334 1105 44 13 rikets
389 1105 92 16 folkmängd.

20 1123 51 14 Rikets
87 1123 75 16 indelning
178 1123 5 13 i
198 1123 80 13 valkretsar
294 1123 79 18 innehålles
389 1123 5 13 i
410 1123 71 15 vallagen.

19 1141 43 16 Varje
72 1141 25 13 län
107 1142 43 14 utgör
160 1144 18 10 en
188 1141 68 15 valkrets,
267 1143 41 10 utom
318 1141 81 15 Älvsborgs
409 1140 29 16 län,
449 1144 32 9 som

18 1159 17 13 är
41 1159 39 13 delat
86 1159 5 13 i
97 1159 9 12 2
113 1159 60 15 kretsar,
181 1158 70 16 varjämte
257 1158 65 16 följande
329 1158 49 13 städer
384 1158 40 13 bilda
429 1162 25 9 var
459 1158 22 14 sin

19 1177 68 13 valkrets:
97 1176 13 16 1)
119 1176 91 16 Stockholm,
219 1176 15 16 2)
242 1176 63 16 Malmö,
313 1176 104 16 Hälsingborg,
425 1176 56 13 Lands-

19 1194 48 14 krona
76 1194 29 13 och
114 1194 49 16 Lund,
172 1194 15 16 3)
196 1194 82 16 Göteborg.
287 1194 30 13 Det
326 1194 40 13 antal
375 1194 106 16 riksdagsmän,

19 1212 39 16 varje
65 1212 63 13 valkrets
134 1213 34 15 äger
174 1214 37 14 utse,
218 1212 78 13 fastställes
301 1212 24 13 för
330 1212 39 16 varje
374 1211 107 17 fyraårsperiod

19 1234 19 9 av
47 1230 85 16 Konungen
141 1230 26 16 (K.
174 1230 44 15 kung.
226 1230 52 13 härom
286 1228 25 16 /;
319 1229 35 14 1956
363 1237 19 2 —
388 1229 33 14 SFS
430 1233 17 10 nr
456 1230 25 13 119

18 1255 14 3 —
31 1248 44 13 enl.
85 1248 49 13 vilken
141 1248 111 15 sammanlagda
259 1247 55 14 antalet
321 1248 43 15 utgör
370 1247 25 13 231
404 1247 23 13 för
434 1247 47 16 perio-

18 1266 29 13 den
61 1265 93 16 1957-1960).
167 1265 57 14 Valrätt
232 1265 89 13 tillkommer
330 1269 45 9 envar
384 1265 53 13 svensk
447 1269 34 9 man

19 1283 28 13 och
54 1283 59 16 kvinna,
120 1287 33 9 som
160 1285 48 11 senast
215 1283 46 13 under
267 1283 122 15 nästföregående
396 1283 85 13 kalenderår

18 1301 32 16 fyllt
60 1301 17 13 21
88 1301 20 16 år,
119 1301 39 13 dock
166 1301 12 16 ej
185 1301 33 16 den,
225 1305 33 9 som
264 1301 30 13 står
301 1301 46 13 under
353 1301 127 15 förmynderskap.

19 1319 63 13 Valbara
92 1320 26 12 äro
128 1320 35 12 män
170 1319 28 13 och
205 1319 67 15 kvinnor,
279 1322 32 10 som
318 1318 63 16 uppnått
387 1319 17 13 23
412 1318 23 14 års
441 1319 40 13 ålder

19 1339 38 11 samt
67 1338 28 15 äga
105 1337 52 13 valrätt
167 1337 42 13 inom
219 1337 82 13 valkretsen
307 1337 39 15 eller,
353 1337 27 13 där
386 1336 41 16 fråga
433 1337 16 12 är
456 1340 25 10 om

18 1355 38 15 stad,
61 1358 33 10 som
99 1354 49 14 består
154 1358 19 10 av
179 1354 35 14 flera
220 1354 85 16 valkretsar,
310 1354 41 14 inom
357 1354 49 16 någon
411 1358 18 9 av
434 1354 46 14 dessa.

40 1372 59 14 Genom
106 1376 19 10 en
133 1372 17 14 år
159 1372 34 13 1941
202 1372 76 16 företagen
286 1372 62 16 ändring
356 1372 4 13 i
368 1372 7 16 $
384 1372 17 13 30
409 1372 72 16 riksdags-

19 1390 82 16 ordningen
109 1390 27 14 har
145 1390 75 16 möjlighet
229 1390 53 13 beretts
291 1392 21 11 att
321 1390 24 13 vid
354 1390 32 16 krig
394 1390 34 13 eller
436 1390 45 16 krigs-

19 1408 32 14 fara
61 1408 80 16 uppskjuta
152 1408 23 14 val
185 1408 22 14 till
217 1408 82 16 riksdagen,
310 1408 40 14 såväl
361 1408 20 14 till
392 1408 46 13 första
449 1412 32 9 som

19 1427 46 13 andra
71 1426 91 13 kammaren.

40 1444 96 13 Gemensamt
150 1444 24 13 för
187 1443 39 14 båda
239 1443 86 14 kamrarnas
338 1443 81 14 ledamöter
432 1444 49 16 gäller,

19 1464 21 12 att
45 1462 204 16 riksdagsmannabefattning
255 1462 29 13 kan
290 1463 52 12 utövas
348 1462 52 13 endast
405 1465 18 10 av
429 1462 53 13 svensk

19 1480 100 16 medborgare.

540 326 27 13 Till
581 325 40 14 båda
633 326 79 13 kamrarna
725 326 26 13 ske
764 325 42 14 valen
820 325 34 14 med
867 325 113 16 proportionellt

518 344 57 13 valsätt.

539 362 80 13 Allmänna
631 361 24 14 val
668 361 21 14 till
701 361 52 14 Andra
766 361 86 14 kammaren
865 361 38 16 ägde
917 365 33 10 rum
964 361 16 14 år

520 379 35 14 1956
571 379 29 14 och
613 379 44 16 avsåg
669 379 71 16 perioden
754 379 95 14 1957—1960.
863 379 60 14 Genom
934 380 46 15 öppet

518 397 36 13 brev
564 397 29 14 den
600 397 17 13 28
625 397 36 16 april
670 397 35 13 1958
712 397 36 13 fann
754 397 81 13 emellertid
841 397 56 16 Kungl.
905 397 45 16 Maj:t
956 397 24 14 för

518 417 32 14 gott
561 417 21 11 att
592 415 40 16 jml
620 405 13 30 $
641 415 25 13 108
673 415 131 16 regeringsformen
811 417 39 11 samt
855 415 15 16 $$
877 415 8 13 3
892 415 29 13 och
928 415 7 13 5
942 415 37 13 riks-

519 433 118 16 dagsordningen
644 433 62 16 upplösa
713 433 46 13 andra
765 433 92 13 kammaren.
867 433 7 13 I
880 433 55 15 Kungl.
943 433 38 13 kun-

518 451 56 15 görelse
583 454 58 10 samma
650 451 29 15 dag
688 451 98 13 förordnades
793 455 25 9 om
824 455 29 11 nya
860 451 24 13 val
890 451 5 13 i
902 451 34 13 hela
942 451 38 13 riket

518 468 22 14 till
551 469 46 13 andra
608 469 91 15 kammaren,
713 469 39 13 vilka
759 469 88 13 förrättades
853 469 29 13 den
890 469 5 12 1
902 469 37 15 juni.
946 469 34 13 Den

518 486 63 16 nyvalda
588 487 47 13 andra
641 487 91 16 kammaren,
739 486 62 14 sålunda
808 487 34 13 vald
848 486 24 14 för
878 486 41 14 tiden
925 488 11 12 t.
940 490 14 10 o.
959 490 19 10 m.

520 504 42 34 od
571 505 120 13 sammanträdde
702 505 29 13 den
729 500 29 27 18
757 504 40 17 juni
803 504 35 16 (den
845 505 30 13 s.k.
883 505 97 15 B-riksdagen

520 523 46 12 1958).

539 540 93 13 Beträffande
645 540 98 16 ersättningen
757 540 23 13 för
793 540 186 16 riksdagsmannauppdra-

518 560 31 13 gets
558 558 92 16 fullgörande
660 558 38 13 hava
707 558 109 13 bestämmelser
826 558 41 16 givits
877 558 4 13 i
891 562 19 9 en
920 562 18 9 av
948 558 32 13 Ko-

518 580 59 12 nungen
586 576 28 13 och
623 576 77 16 riksdagen
709 576 16 13 år
736 576 33 13 1941
780 576 63 13 samfällt
852 576 67 13 beslutad
928 576 52 16 stadga

518 594 29 13 den
556 594 17 13 21
586 594 36 13 febr.
637 594 33 13 1941
684 594 38 16 (SFS
732 598 17 9 nr
758 594 25 15 98)
790 594 33 13 med
835 594 41 13 ändr.
889 596 48 11 senast
950 594 29 13 den

518 612 18 13 28
546 612 29 16 maj
583 612 35 13 1959
624 612 40 16 (SFS
671 616 18 9 nr
697 612 36 15 196).
741 612 108 16 Riksdagsman
855 612 64 16 åtnjuter
925 612 55 13 arvode

518 630 33 13 från
566 630 29 13 och
610 630 34 13 med
659 630 28 13 den
703 630 33 15 dag,
752 630 19 13 då
786 630 30 13 han
830 632 40 14 tager
881 630 38 16 plats
928 630 5 13 i
943 630 36 13 riks-

518 648 47 15 dagen
579 648 21 13 till
615 648 28 13 och
658 648 33 13 med
705 648 29 13 den
745 648 33 15 dag,
790 647 19 14 då
821 648 158 16 riksdagsmannaupp-

518 666 50 15 draget
580 665 63 16 upphör.
655 666 60 13 Arvode
726 665 42 16 utgår
779 666 34 13 med
824 665 52 16 24,000
887 666 21 13 kr.
923 666 24 13 för
958 665 21 14 år.

518 683 103 14 Traktamente
634 683 42 16 utgår
688 684 46 13 under
744 684 26 15 tid,
780 683 19 14 då
809 683 78 16 riksdagen
895 683 47 14 håller
951 687 29 10 ses-

518 701 37 16 sion,
568 702 34 13 med
614 701 55 16 belopp
679 701 103 14 motsvarande
792 701 28 14 540
829 701 21 13 kr.
860 702 24 13 för
894 701 54 13 månad
958 701 22 14 till

518 719 106 16 riksdagsman,
634 723 33 9 som
675 720 16 12 är
697 719 50 13 bosatt
753 719 20 16 på
779 719 49 16 längre
835 719 61 14 avstånd
903 720 20 12 än
929 719 51 16 sjuttio

518 737 77 13 kilometer
607 737 85 16 fågelvägen
701 737 33 13 från
743 737 85 16 riksdagens
837 737 33 13 hus.
879 737 56 13 Annan
943 737 37 13 riks-

519 755 70 16 dagsman
600 756 19 12 än
631 759 21 9 nu
666 757 44 14 sagts,
724 755 49 13 vilken
783 755 16 13 är
808 755 50 13 bosatt
867 754 20 17 på
896 755 50 16 längre
955 759 25 9 av-

518 772 44 14 stånd
576 774 19 12 än
609 773 57 13 femton
679 773 77 13 kilometer
770 772 85 16 fågelvägen
864 772 33 14 från
907 773 73 15 riksdags-

518 791 47 15 huset,
575 790 25 14 må
609 795 19 9 av
637 790 137 16 kanslideputerade
781 791 95 13 tillerkännas
882 791 98 13 traktamente

518 809 34 12 med
561 808 43 16 högst
613 809 66 13 nämnda
688 808 59 16 belopp.
760 809 108 15 Riksdagsman
881 809 34 15 äger
924 809 19 15 på
955 809 25 13 det

518 826 81 14 allmännas
611 826 82 13 bekostnad
704 826 66 16 företaga
782 830 40 10 resor
831 826 9 14 å
849 826 58 16 statliga
916 826 29 14 och
954 830 25 9 en-

518 844 47 13 skilda
576 844 81 16 järnvägar.
671 844 112 16 Riksdagsman,
793 848 33 9 som
835 845 16 12 är
858 844 49 13 bosatt
914 844 8 14 å
929 848 50 9 annan

518 864 23 11 ort
550 863 19 12 än
579 862 19 13 där
613 862 77 16 riksdagen
697 862 49 16 hålles,
755 863 32 12 äger
792 862 54 16 jämväl
853 862 24 13 vid
884 862 96 16 begagnande

518 884 18 9 av
550 882 45 11 annat
609 880 80 13 färdmedel
703 881 19 12 än
736 880 4 13 i
754 880 47 13 första
811 880 56 15 stycket
876 882 39 14 sagts
925 880 19 16 på
955 880 25 13 det

518 898 81 13 allmännas
609 898 82 13 bekostnad
700 901 32 10 resa
741 898 21 13 till
772 898 28 13 och
810 898 33 13 från
852 898 78 16 riksdagen
940 900 39 11 samt

518 916 46 13 under
574 916 85 13 sessionstid
668 916 53 13 mellan
731 916 108 16 riksdagsorten
846 916 29 13 och
881 916 82 13 hemorten.

538 934 113 16 Riksdagsman,
659 937 32 10 som
699 933 55 14 tillhört
762 934 77 16 riksdagen
847 934 44 13 minst
899 934 8 13 8
915 934 21 15 år,
944 934 34 16 äger

517 952 34 32 få
556 952 21 13 till
586 952 67 16 pension,
662 955 15 10 se
684 951 32 14 SFS
722 951 57 17 464/47,
786 952 57 16 507/51,
850 952 57 16 788/51,
913 951 44 16 96/54
964 955 14 10 o.

519 970 56 13 170/57.

538 987 91 13 Kamrarnas
641 987 55 13 talmän
708 987 55 13 erhålla
775 987 47 13 under
833 987 27 15 tid,
872 987 20 13 då
901 987 78 15 riksdagen

517 1004 46 13 håller
572 1005 61 15 session,
645 1004 113 16 tilläggsarvode
767 1004 34 14 med
811 1004 54 16 belopp
875 1005 104 13 motsvarande

519 1022 41 16 1,000
569 1022 22 14 kr.
602 1022 24 14 för
635 1022 59 14 månad.

624 1057 90 19 FÖRSTA
726 1060 142 16 KAMMAREN

674 1089 105 16 Stockholms
785 1089 39 16 stad

611 1113 127 19 (Mandattiden
748 1113 49 19 utgår
807 1113 18 16 år
837 1113 47 19 1961)

518 1143 65 18 Strand,
592 1143 42 15 Axel
642 1143 82 18 Wilhelm,
734 1142 185 20 Riksgäldsfullmäktig
928 1143 49 19 [211],

540 1167 56 15 Förste
609 1168 33 14 vice
655 1167 66 18 talman,
735 1167 27 18 93;
776 1167 20 15 54
809 1166 42 19 (adr.
865 1167 112 18 Stockholm).

517 1190 84 19 Branting,
616 1191 63 18 Georg,
694 1191 45 18 J.K.,
754 1190 86 19 Advokat,
856 1191 26 18 87;
899 1191 20 15 54
934 1191 43 19 (adr.

539 1214 112 19 Stockholm).

517 1238 76 18 Ewerlöf,
605 1238 48 15 Knut
664 1237 78 16 Gerhard
753 1237 68 19 (förutv.
834 1237 88 20 Statsråd),
934 1238 14 16 J.
961 1242 16 12 o.

539 1262 60 18 Fil.K.,
609 1261 24 16 fd.
644 1261 85 19 Direktör,
741 1262 102 18 KmstkNO,
856 1261 55 19 KVO,
921 1262 27 18 90;
958 1262 21 15 54

539 1285 42 19 (adr.
591 1285 111 19 Stockholm).

517 1305 59 23 Åman,
594 1309 55 16 Oskar
666 1309 62 19 Valter,
746 1309 86 19 Direktör,
850 1309 27 18 05;
896 1309 20 16 54
934 1309 43 19 (adr.

540 1333 88 18 Enskede).

518 1357 55 15 Gärde
582 1357 89 18 Widemar,
681 1356 61 19 Ingrid,
750 1356 11 16 f.
769 1356 63 19 Gärde,
839 1356 44 19 J.K.,
891 1356 85 20 Advokat,

541 1380 25 19 12;
577 1380 20 16 54
608 1380 42 19 (adr.
661 1380 111 19 Stockholm).

517 1404 98 19 Lindström,
633 1404 39 16 Ulla
689 1404 74 18 Gunilla,
780 1404 12 16 f.
810 1404 73 19 Wohlin,
901 1404 75 16 Statsråd

541 1428 37 18 [48],
587 1428 27 18 09;
624 1428 20 15 54
652 1427 43 19 (adr.
704 1428 111 18 Stockholm).

518 1452 78 18 Mogård,
608 1451 55 16 Johan
675 1451 52 16 Adolf
739 1451 55 19 Bertil,
807 1452 110 19 Kontr.prost
929 1452 49 19 [711],

541 1476 26 18 92;
577 1476 20 15 54
605 1475 42 19 (adr.
656 1475 111 18 Stockholm).

482 1520 35 18 263
