1074 1574
98 47 62 25 [148]

100 144 63 26 [148]

494 50 116 22 Riksdagen.

119 184 49 35 V.
218 182 290 48 Riksdagen,
541 182 110 37 dess
683 182 328 37 Ombudsmän

434 236 89 37 och
554 236 140 36 Verk.

253 314 145 27 Riksdagen.

117 357 68 16 Lagtima
196 357 59 16 riksdag
266 356 44 16 skall,
320 356 5 13 i
337 356 41 13 kraft
390 360 18 9 av
420 356 46 13 rikets
478 356 79 16 regerings-

99 375 43 15 form,
151 375 110 13 sammanträda
272 375 41 16 varje
323 375 17 13 år
349 375 28 12 den
389 378 16 9 10
415 374 59 17 januari
483 375 40 15 eller,
532 378 24 9 om

99 393 61 16 helgdag
170 393 19 13 då
198 393 75 15 inträffar,
282 393 46 15 dagen
338 393 70 12 därefter.

117 411 51 13 Första
179 411 87 13 kammarens
277 411 74 13 ledamöter
362 412 26 11 äro
400 414 26 12 150
437 411 27 12 och
476 410 47 17 väljas
534 410 23 13 för

100 429 32 13 åtta
142 429 21 16 år,
172 429 65 13 räknade
245 429 33 13 från
288 429 27 12 och
325 429 33 12 med
367 428 59 17 januari
434 429 61 12 månads
505 428 51 16 början

99 447 31 13 året
140 448 33 12 näst
182 447 37 13 efter
228 447 30 15 det,
267 447 47 12 under
322 447 47 12 vilket
379 446 39 13 valet
427 447 45 15 skett,
481 450 19 9 av
509 446 48 13 lands-

99 465 50 15 tingen
163 465 28 12 och
203 464 134 16 stadsfullmäktige
349 464 5 13 i
367 465 18 12 de
397 464 55 16 städer,
463 468 32 9 som
507 464 13 16 ej
527 464 30 12 del-

100 484 33 14 taga
145 482 5 13 i
166 482 79 16 landsting.
263 482 29 12 För
304 482 25 13 val
341 482 24 12 till
377 482 51 13 Första
442 482 85 13 kammaren
541 483 16 11 är

98 500 39 13 riket
149 500 57 13 indelat
219 500 5 13 i
238 504 17 11 19
268 500 87 13 valkretsar.
378 500 92 13 Stockholms
483 500 34 12 stad
529 500 27 12 och

99 518 82 16 Göteborgs
193 518 33 13 stad
239 519 53 14 utgöra
304 522 27 9 var
343 518 23 12 för
377 518 22 15 sig
412 522 17 9 en
440 518 70 13 valkrets,
528 518 29 12 An-

99 540 29 9 nan
141 536 39 16 stad,
193 540 32 9 som
238 536 13 16 ej
265 536 66 16 deltager
341 536 4 12 i
355 536 79 15 landsting,
443 536 50 12 tillhör
501 539 56 10 samma

99 554 65 13 valkrets
175 558 31 9 som
217 554 25 12 det
253 554 147 15 landstingsområde,
411 554 33 12 vari
454 554 51 12 staden
516 554 41 12 förut

98 572 54 15 ingått.
174 572 95 15 Indelningen
285 571 5 13 i
307 572 82 12 valkretsar
404 571 80 13 innehålles
502 571 5 13 i
527 571 30 13 val-

99 589 47 16 lagen.
163 590 29 12 För
207 590 41 15 varje
263 589 65 13 valkrets
344 589 46 16 väljes
406 590 37 12 efter
453 589 104 16 folkmängden

99 607 40 13 inom
153 607 33 13 dess
197 607 59 13 område
267 611 18 9 en
296 607 101 16 riksdagsman
409 607 23 13 för
443 609 33 11 vart
487 607 35 13 fullt
532 607 26 15 tal,

99 625 104 13 motsvarande
215 625 30 15 1/150
257 629 19 9 av
287 625 46 13 rikets
345 625 90 16 folkmängd.
453 625 104 13 Valkretsarna

98 643 57 13 indelas
163 643 4 13 i
175 643 32 13 åtta
214 647 69 12 grupper,
289 643 50 13 vilken
346 643 75 15 indelning
428 643 79 13 fastställes
515 643 4 12 i
527 643 31 13 val-

99 661 48 16 lagen.
161 661 45 16 Varje
214 661 16 13 år
239 661 47 13 under
293 661 83 16 september
383 661 54 12 månad
446 661 37 12 skall
490 661 41 13 inom
539 665 18 8 en

99 683 19 9 av
127 679 64 13 nämnda
199 683 64 12 grupper
270 679 70 13 förrättas
349 679 24 13 val
381 679 24 13 för
412 679 99 16 nästföljande
519 679 38 12 åtta-

100 697 79 16 årsperiod.
198 697 29 13 Det
241 696 41 14 antal
294 697 101 15 riksdagsmän
409 697 18 12 de
441 696 72 14 särskilda
527 696 31 13 val-

99 715 77 13 kretsarna
190 715 41 13 skola
246 716 32 12 utse
293 715 88 12 bestämmes
395 715 45 15 enligt
454 715 103 12 ovannämnda

100 736 42 10 norm
152 736 19 10 av
182 732 81 16 Konungen
274 734 34 11 vart
319 736 30 9 10:e
360 732 16 13 år
387 733 24 16 (K.
422 733 44 15 kung.
476 733 51 13 härom
534 732 23 16 !2/e

101 751 47 16 1941).
167 750 64 13 Valbara
245 752 26 11 äro
284 750 5 13 i
300 751 113 12 kommunernas
427 751 74 12 allmänna
515 754 42 12 ange-

100 768 84 16 lägenheter
192 768 123 16 röstberättigade
325 770 34 11 män
369 769 27 13 och
405 769 69 16 kvinnor,
484 772 31 9 som
521 772 37 13 upp-

101 786 33 13 nått
144 790 16 12 35
171 786 24 13 års
205 786 45 13 ålder.

118 805 50 12 Andra
176 804 88 13 kammarens
271 804 74 13 ledamöter
352 805 26 12 äro
387 808 31 12 230,
427 804 44 13 valda
479 804 23 13 för
509 808 18 9 en
536 803 22 14 tid

100 826 19 9 av
128 822 32 16 fyra
169 822 21 16 år,
198 822 65 13 räknade
271 822 32 13 från
312 822 26 13 och
348 822 33 13 med
390 822 58 16 januari
456 822 61 13 månads
525 822 33 12 bör-

100 840 25 16 jan
136 840 31 13 året
177 841 34 12 näst
221 840 37 13 efter
267 840 31 15 det,
308 840 47 13 under
364 840 47 13 vilket
420 840 40 13 valet
470 840 44 13 skett.
530 840 29 12 För

100 858 42 13 dessa
149 858 24 12 val
180 859 17 11 är
201 858 39 13 riket
247 858 55 13 indelat
309 858 5 13 i
321 858 17 13 28
345 858 88 13 valkretsar.
445 858 29 12 För
480 858 41 16 varje
528 857 30 13 val-

100 876 40 12 krets
146 876 46 16 väljes
198 876 38 13 efter
240 876 103 16 folkmängden
349 876 40 13 inom
395 876 32 13 dess
433 876 60 12 område
498 880 18 8 en
521 876 37 12 riks-

100 894 70 15 dagsman
165 886 31 30 för
195 886 32 30 vart
239 894 34 13 fullt
278 894 26 16 tal,
308 894 104 12 motsvarande
415 893 30 16 !/2s0
450 894 67 12 avrikets
522 893 36 13 folk-

100 912 59 15 mängd.
175 911 51 13 Rikets
235 911 75 16 indelning
319 911 5 13 i
334 912 82 12 valkretsar
424 911 80 13 innehålles
513 911 5 13 i
528 911 31 13 val-

101 929 46 16 lagen.
160 929 44 16 Varje
211 929 24 13 län
242 931 44 14 utgör
292 933 18 9 en
317 929 70 16 valkrets,
394 931 41 11 utom
444 927 78 18 Älvsborgs
529 929 29 16 län,

100 951 31 9 som
139 948 17 12 är
163 947 40 13 delat
210 947 5 13 i
224 951 7 9 2
239 948 63 15 kretsar,
309 947 73 16 varjämte
390 947 64 16 följande
462 948 49 12 städer
518 947 40 13 bilda

100 969 28 9 var
134 965 22 13 sin
165 965 70 13 valkrets:
245 966 12 15 1)
266 965 90 16 Stockholm,
365 966 14 16 2)
388 966 59 15 Malmö,
456 965 102 16 Hälsingborg,

101 983 95 13 Landskrona
207 983 27 13 och
247 983 47 16 Lund,
307 984 13 15 3)
333 983 78 16 Göteborg.
429 983 29 13 Det
470 983 41 13 antal
521 983 37 13 riks-

100 1001 76 16 dagsmän,
185 1001 41 16 varje
235 1001 65 13 valkrets
309 1002 34 15 äger
352 1003 37 14 utse,
398 1001 79 13 fastställes
486 1001 24 13 för
518 1001 40 16 varje

100 1019 108 16 fyraårsperiod
220 1023 19 9 av
246 1019 81 16 Konungen
337 1019 25 16 (K.
372 1020 43 15 kung.
424 1020 51 12 härom
484 1018 18 17 ?/s
512 1019 46 16 1948).

101 1036 58 14 Valrätt
168 1037 90 13 tillkommer
266 1041 46 9 envar
320 1037 53 13 svensk
382 1041 34 9 man
425 1037 27 13 och
460 1037 60 16 kvinna,
527 1041 31 9 som

100 1056 50 11 senast
158 1055 47 12 under
213 1055 120 16 nästföregående
340 1055 85 13 kalenderår
431 1055 34 16 fyllt
472 1059 16 9 21
495 1055 22 16 år,
521 1055 38 13 dock

101 1073 13 16 ej
122 1073 33 15 den,
162 1076 32 10 som
200 1073 32 13 står
237 1073 47 13 under
289 1073 127 16 förmynderskap.
425 1073 64 13 Valbara
494 1074 25 12 äro
525 1074 33 12 män

101 1091 26 12 och
138 1091 69 15 kvinnor,
216 1094 31 9 som
257 1091 65 16 uppnått
332 1094 16 12 25
360 1091 23 13 års
393 1091 41 13 ålder
443 1092 38 12 samt
491 1092 28 15 äga
528 1091 31 13 val-

101 1109 31 12 rätt
142 1108 40 13 inom
192 1108 83 14 valkretsen
286 1109 40 15 eller,
336 1109 27 12 där
372 1109 41 16 fråga
423 1110 17 12 är
449 1113 24 9 om
483 1109 38 16 stad,
528 1113 30 9 som

102 1126 50 13 består
161 1130 19 9 av
189 1126 36 13 flera
235 1127 88 15 valkretsar,
332 1127 40 13 inom
382 1127 47 16 någon
439 1131 19 9 av
468 1127 46 13 dessa.

119 1144 93 13 Gemensamt
221 1145 23 12 för
253 1145 38 12 båda
300 1145 86 13 kamrarnas
393 1144 81 14 ledamöter
480 1144 50 16 gäller,
536 1146 23 11 att

100 1162 204 17 riksdagsmannabefattning
316 1163 28 13 kan
355 1164 53 12 utövas
417 1163 52 13 endast
478 1166 19 10 av
505 1163 54 13 svensk

101 1180 99 16 medborgare.

119 1198 30 12 Till
162 1198 39 13 båda
214 1198 78 13 kamrarna
306 1199 26 13 ske
346 1198 42 14 valen
402 1198 34 14 med
447 1198 112 17 proportionellt

101 1216 62 13 valsätt.

119 1234 94 13 Beträffande
218 1234 98 16 ersättningen
322 1234 22 13 för
350 1234 209 16 riksdagsmannauppdragets

101 1251 91 16 fullgörande
201 1252 38 12 hava
248 1252 110 13 bestämmelser
367 1252 44 16 givits
418 1252 4 13 i
429 1256 17 9 en
453 1256 19 9 av
478 1253 80 14 Konungen

101 1270 27 13 och
137 1270 76 15 riksdagen
224 1270 16 13 år
247 1274 34 12 1941
289 1270 65 13 samfällt
360 1270 67 13 beslutad
434 1270 52 16 stadga
493 1271 22 15 (21
522 1270 37 13 febr.

102 1291 33 12 1941
141 1288 34 12 med
179 1292 49 9 senare
233 1288 89 16 ändringar).
328 1288 130 13 Bestämmelserna
463 1290 24 11 äro
493 1288 4 13 i
502 1288 57 16 princip

101 1305 83 13 utformade
189 1306 20 15 så,
215 1307 23 11 att
243 1306 54 13 arvode
302 1306 43 16 utgår
349 1306 51 13 endast
407 1306 8 13 å
420 1306 42 15 tider,
466 1306 19 13 då
490 1306 69 16 ärenden,

101 1327 31 9 som
143 1324 80 15 Konungen
233 1324 62 15 förelagt
302 1324 82 16 riksdagen,
391 1325 24 12 äro
422 1324 71 13 beroende
499 1324 19 16 på
524 1324 35 13 den-

101 1345 28 9 nas
143 1342 72 15 prövning
229 1342 35 13 eller
274 1342 19 13 då
303 1342 78 16 riksdagen
391 1343 42 15 eljest
442 1342 117 13 sammanträder

102 1359 24 13 för
137 1360 96 15 mottagande
240 1363 19 9 av
266 1360 96 13 meddelande
369 1360 45 15 enligt
421 1360 5 15 $
434 1361 18 14 56
460 1360 99 15 riksdagsord-

102 1377 54 16 ningen
163 1377 5 13 i
176 1377 125 16 utrikespolitiskt
308 1378 35 12 eller
348 1379 46 12 annat
399 1378 54 13 ärende
458 1381 19 9 av
481 1379 46 11 större
532 1378 27 12 all-

101 1396 42 11 mänt
148 1395 66 13 intresse.
220 1395 28 13 Vid
253 1395 61 14 lagtima
319 1396 59 14 riksdag
382 1396 37 12 skall
424 1396 54 12 arvode
483 1387 37 31 dock
523 1396 35 15 utgå

101 1412 22 13 för
132 1413 45 12 minst
187 1413 32 16 fyra
228 1413 74 16 månader,
312 1414 16 12 så
338 1414 45 12 framt
393 1414 12 15 ej
412 1413 77 16 riksdagen
497 1413 61 13 dessför-

101 1430 44 12 innan
152 1430 73 16 upplöses.
241 1431 64 13 Arvodet
310 1421 38 30 under
352 1421 68 30 lagtima
428 1431 26 13 och
460 1431 54 13 urtima
520 1431 37 12 riks-

101 1448 35 15 dags
145 1448 64 13 faktiska
219 1449 155 13 sammanträdestider
382 1449 43 15 utgår
430 1449 34 13 med
472 1451 26 13 750
505 1449 22 13 kr.
535 1449 23 12 för

101 1466 54 12 månad
164 1466 23 13 för
196 1466 105 16 riksdagsman,
311 1471 31 9 som
352 1468 17 12 är
378 1467 49 13 bosatt
434 1467 4 13 i
444 1467 122 16 riksdagsorten,
560 1462 10 26 |

572 315 26 12 och
618 318 41 12 1,000
674 314 22 13 kr.
712 315 23 12 för
749 314 54 13 månad
818 314 23 13 för
858 318 47 9 annan
921 314 106 16 riksdagsman.

573 332 106 16 Riksdagsman
693 333 34 15 äger
740 332 19 17 på
771 333 26 13 det
809 332 82 13 allmännas
900 333 82 13 bekostnad
991 333 37 13 före-

573 351 33 15 taga
621 354 39 9 resor
670 350 8 14 å
687 350 60 16 statliga
761 351 27 12 och
803 351 67 13 enskilda
883 351 82 16 järnvägar.
986 351 43 13 Riks-

572 369 75 15 dagsman,
657 372 32 9 som
698 370 16 11 är
723 368 50 13 bosatt
783 369 9 12 å
801 372 48 9 annan
859 370 23 11 ort
892 370 18 11 än
918 369 27 12 där
950 369 78 16 riksdagen

572 386 51 16 hålles,
638 387 34 15 äger
685 386 55 16 jämväl
754 387 26 12 vid
794 386 94 16 begagnande
900 390 19 9 av
931 388 46 12 annat
990 387 39 12 färd-

572 404 47 13 medel
628 405 18 12 än
656 404 5 13 i
670 404 46 13 första
730 405 58 15 stycket
801 406 40 14 sagts
850 404 19 16 på
878 405 26 12 det
913 404 82 13 allmännas
1004 405 25 12 be-

572 422 63 13 kostnad
649 426 31 9 resa
695 422 24 13 till
730 423 27 12 och
770 422 32 13 från
812 422 77 16 riksdagen
898 424 39 11 samt
946 423 46 12 under
1001 423 28 15 tid,

572 440 19 13 då
600 440 54 13 arvode
664 440 25 13 till
696 441 53 12 honom
759 440 48 16 utgår,
817 440 54 13 mellan
883 440 109 16 riksdagsorten
1001 441 28 13 och

572 458 80 13 hemorten.

590 476 95 12 Beträffande
694 475 65 16 pension,
769 479 15 9 se
794 476 22 12 SF
825 474 56 17 464/47.

591 493 88 13 Kamrarnas
693 493 54 13 talmän
758 493 55 13 erhålla
823 494 46 12 under
877 493 28 16 tid,
914 493 19 13 då
943 493 54 13 arvode
1007 493 23 13 till

571 511 34 13 dem
619 511 48 16 utgår,
681 511 174 16 representationsbidrag
868 511 33 13 med
916 515 41 12 1,000
971 512 22 12 kr.
1007 512 23 12 för

572 529 59 16 månad,
644 529 38 13 dock
691 529 42 16 högst
742 530 34 12 med
786 532 41 13 5,000
836 529 23 13 kr.
868 529 46 13 under
923 531 22 11 ett
954 530 27 12 och
991 533 38 9 sam-

571 551 25 9 ma
605 547 89 13 kalenderår.

590 565 55 13 Genom
655 569 17 9 en
682 565 17 13 år
709 568 6 9 1941
753 565 74 16 företagen
837 564 63 16 ändring
909 564 5 13 i
916 555 8 30 $
921 565 30 16 30
957 564 73 16 riksdags-

572 583 80 15 ordningen
666 583 26 12 har
707 583 76 15 möjlighet
798 583 56 12 beretts
869 584 23 11 att
907 583 26 12 vid
947 583 34 15 krig
996 583 35 12 eller

572 601 71 15 krigsfara
652 601 80 16 uppskjuta
742 600 24 13 val
778 600 24 13 till
810 601 82 15 riksdagen,
901 600 42 13 såväl
952 600 24 13 till
984 601 46 12 första

572 622 31 9 som
613 619 45 12 andra
667 619 89 12 kammaren.
776 618 79 16 Konungen
869 619 26 12 och
904 618 77 16 riksdagen
991 619 39 12 hava

572 636 73 16 nämligen
664 636 87 16 berättigats
768 637 23 12 att
805 637 89 15 gemensamt
908 636 63 15 besluta,
986 637 24 12 att
1025 636 5 13 i

572 654 64 13 nämnda
650 654 26 13 fall
689 653 24 14 val
727 654 24 13 till
763 654 77 16 riksdagen
854 654 43 15 skall,
910 658 24 9 om
948 654 25 13 det
982 654 48 13 finnes

572 672 116 16 oundgängligen
700 672 97 16 nödvändigt,
806 672 93 16 uppskjutas,
908 672 38 13 dock
956 672 42 15 högst
1008 673 22 12 ett

573 690 16 13 år
598 697 18 2 —
625 690 63 13 beslutet
697 690 28 12 kan
735 689 81 14 emellertid
825 693 72 13 upprepas
907 696 17 3 —
933 690 33 12 från
973 690 25 12 det
1005 693 25 9 va-

572 707 20 14 let
602 708 34 13 bort
645 709 26 15 äga
681 712 37 11 rum,
727 708 28 12 och
764 709 23 11 att
794 700 82 30 valperiod,
877 700 33 30 som
919 707 48 13 skolat
973 707 56 17 utlöpa,

572 725 73 17 förlänges
658 726 33 13 med
705 727 21 11 ett
738 725 22 13 år.
779 725 56 13 Härvid
844 725 24 13 må
877 725 49 13 tillika
935 725 95 16 bestämmas,

573 745 23 12 att
605 743 114 17 giltighetstiden
733 743 23 13 för
769 743 25 13 det
804 743 29 16 val,
842 747 31 9 som
882 744 35 15 äger
925 747 33 9 rum
953 736 16 30 i
981 743 50 13 stället

572 762 24 12 för
604 762 25 12 det
643 762 95 16 uppskjutna,
752 761 38 13 skall
803 762 73 12 förkortas
887 761 34 13 med
930 762 22 12 ett
962 761 21 13 år.
1002 761 29 13 För

572 780 84 15 riksdagens
668 780 24 12 del
701 779 72 13 erfordras
782 779 81 13 emellertid
872 779 23 13 för
903 779 48 13 beslut
960 783 24 9 om
994 783 37 12 upp-

572 798 37 12 skov
622 801 20 9 av
655 797 25 13 val
693 798 27 12 och
733 797 92 16 förlängning
838 801 19 9 av
871 797 75 16 valperiod
958 797 45 13 minst
1012 796 18 16 ?/4

572 815 75 17 majoritet
661 819 19 9 av
694 816 18 12 de
725 815 68 13 röstande
803 815 4 13 i
818 815 60 13 vardera
892 815 89 13 kammaren.
1000 815 29 13 Det

573 837 29 13 nya
616 833 87 16 stadgandet
717 837 23 9 om
754 833 92 16 förlängning
859 836 19 10 av
888 833 75 16 valperiod
973 833 58 13 medför

572 851 43 16 ingen
627 851 107 16 inskränkning
743 851 5 13 i
758 851 88 16 Konungens
855 852 30 12 rätt
894 853 23 11 att
926 851 69 13 förordna
1005 855 25 9 om

573 873 29 13 nya
612 869 29 13 val.

592 887 78 13 Allmänna
678 887 25 13 val
712 887 23 13 till
743 887 50 13 Andra
802 887 85 13 kammaren
895 887 55 12 skedde
959 888 49 12 senast
1015 886 16 13 år

575 906 40 15 1948,
625 905 41 13 vilka
675 905 25 13 val
709 905 38 16 gälla
756 905 23 13 för
788 905 69 16 perioden
869 908 96 13 1949—1952.

694 958 75 18 Första
782 957 123 19 kammaren.

715 994 115 18 Stockholms
842 995 47 17 stad.

656 1024 126 22 (Mandattiden
794 1024 49 22 utgår
856 1024 19 17 år
889 1024 58 22 1953.)

574 1055 76 19 Ewerlöf,
663 1056 47 15 Knut
723 1055 84 20 Gerhard,
821 1055 84 16 Direktör
913 1053 53 22 [928],
981 1055 10 16 f.
1001 1055 29 19 90;

598 1081 23 15 46
633 1078 43 21 (adr.
690 1077 113 22 Stockholm).

574 1102 66 20 Strand,
662 1103 44 17 Axel
727 1103 88 19 Wilhelm,
837 1103 194 21 Riksgäldsfullmäktig

598 1125 53 23 [211],
665 1128 11 15 f.
690 1127 28 19 93;
732 1127 23 16 46
767 1125 43 21 (adr.
824 1125 112 21 Stockholm).

574 1151 82 21 Bergvall,
667 1152 45 21 John
725 1151 78 19 Helmer,
817 1151 69 16 Direktör
910 1148 53 23 [195];
977 1151 11 16 f.
1002 1151 28 19 92;

598 1176 23 16 46
633 1174 43 21 (adr.
690 1173 114 21 Stockholm).

574 1199 85 21 Branting,
678 1200 64 20 Georg,
759 1199 15 21 J.
788 1199 28 19 K.,
836 1199 86 19 Advokat,
940 1199 65 19 NFrK,
1019 1199 11 15 f.

599 1224 28 18 87;
641 1224 22 16 46
676 1221 43 22 (adr.
732 1221 114 21 Stockholm).

574 1247 99 18 Nordenson,
685 1247 71 19 Harald,
773 1247 82 16 Direktör
867 1244 53 22 [962],
940 1247 11 15 f.
965 1246 28 19 86;
1007 1246 23 16 46

597 1270 44 19 (adr.
654 1256 112 39 Stockholm).

574 1289 60 25 Åman,
647 1295 57 16 Oskar
716 1295 65 19 Valter,
795 1294 87 19 Direktör,
896 1294 11 15 f.
917 1294 28 18 05;
955 1294 23 16 46
987 1291 43 22 (adr.

599 1317 93 20 Enskede).

574 1342 88 19 Wistrand,
675 1343 42 15 Karl
727 1343 93 18 Knutsson,
830 1342 24 15 fd.
864 1342 82 15 Direktör
956 1339 52 23 [950],
1019 1342 11 14 f.

599 1367 28 18 89;
641 1367 23 16 46
676 1365 43 20 (adr.
732 1363 112 21 Stockholm).

574 1389 74 19 Nerman,
665 1391 52 18 Ture,
735 1390 33 15 Fil.
781 1390 28 18 K.,
823 1389 129 19 Skriftställare,
966 1389 64 18 NFrK,

598 1415 11 15 f.
623 1415 27 17 86;
665 1415 22 15 46
699 1412 43 21 (adr.
756 1411 114 21 Stockholm).

574 1434 68 22 Öhman,
659 1438 43 15 Lars
719 1437 76 19 Gunnar,
810 1437 116 18 Sekreterare,
940 1436 12 15 f.
965 1436 28 18 04;
1007 1436 23 15 46

597 1460 44 22 (adr.
655 1459 112 22 Stockholm).

549 1509 34 17 236
