1068 1584
69 81 117 23 [160-160a]

69 219 51 22 [160]

499 84 103 22 Riksdagen

70 258 30 24 V.
125 258 255 30 RIKSDAGEN,
403 258 97 25 DESS
523 253 268 30 OMBUDSMÄN
814 259 83 25 OCH
920 259 110 24 VERK

242 324 109 23 Riksdagen

153 359 90 19 (Postadr.,
253 359 50 19 Fack,
313 359 100 16 Stockholm
421 359 28 19 46)

91 387 84 15 Riksdagen
183 387 42 16 skall,
233 387 4 13 i
245 387 39 13 kraft
292 391 18 9 av
318 387 43 13 rikets
369 387 116 16 regeringsform,
493 391 37 9 sam-

71 405 77 13 manträda
157 405 39 15 varje
205 405 16 13 år
230 405 28 13 den
270 405 16 13 10
294 405 56 15 januari
360 405 38 16 eller,
408 409 24 9 om
442 405 61 16 helgdag
513 405 19 13 då

70 423 71 15 inträffar,
150 423 47 15 dagen
206 423 67 13 därefter.
283 423 84 15 Riksdagen
376 423 36 13 skall
421 427 36 9 vara
465 423 66 13 avslutad

70 441 28 13 den
109 441 16 12 31
137 441 81 13 december.
232 441 34 13 1949
277 441 92 13 avskaffades
379 441 82 15 begreppen
472 441 60 15 lagtima

70 458 28 13 och
111 458 53 13 urtima
177 458 58 16 riksdag
248 458 29 13 och
289 460 60 11 ersattes
362 462 18 9 av
393 458 85 16 vårsession,
492 458 40 13 höst-

70 476 55 12 session
133 476 28 12 och
168 478 40 10 extra
216 476 59 13 session.
284 476 105 13 Vårsessionen
396 476 37 13 skall
440 476 4 13 i
452 476 37 15 regel
497 479 35 10 vara

70 493 66 13 avslutad
144 493 28 13 den
180 493 16 13 31
206 493 34 16 maj.

91 512 50 12 Första
152 511 90 13 kammarens
252 511 77 13 ledamöter
339 512 26 12 äto
377 511 27 13 150
414 511 35 13 eller
455 511 25 13 det
486 511 46 16 högre

70 529 25 16 tal,
108 533 32 9 som
154 529 84 13 föranledes
250 533 19 9 av
281 529 89 16 stadgandet
381 529 5 13 i
397 529 22 16 6$
433 529 4 13 I
449 533 14 9 o.
470 529 9 13 4
486 529 45 13 mom.

70 547 156 16 riksdagsordningen,
236 547 28 13 och
275 547 45 16 väljas
330 547 23 13 för
363 547 30 13 åtta
400 547 20 15 år,
428 547 65 13 räknade
499 547 32 13 från

70 565 28 12 och
113 565 33 12 med
160 565 57 15 januari
232 565 61 13 månads
306 565 53 15 början
372 565 30 13 året
413 566 33 12 näst
456 565 36 13 efter
502 565 29 15 det,

70 583 47 12 under
132 583 44 12 vilket
188 582 38 13 valet
237 582 42 16 skett,
291 586 17 9 av
319 583 92 15 landstingen
421 583 28 12 och
459 582 73 13 stadsfull-

70 600 64 16 mäktige
147 600 4 13 i
164 600 18 13 de
195 600 53 16 städer,
261 604 32 9 som
306 600 13 16 ej
332 600 57 16 deltaga
401 600 4 13 i
407 600 82 16 landsting.
503 600 29 13 För

70 618 22 13 val
106 618 21 13 till
142 618 51 13 Första
202 618 86 13 kammaren
297 619 16 12 är
322 618 36 13 riket
367 618 55 13 indelat
430 618 5 13 i
445 618 16 13 19
470 618 62 13 valkret-

70 639 27 10 sar.
111 636 94 13 Stockholms
218 636 33 12 stad
264 636 29 13 och
306 636 84 15 Göteborgs
405 636 32 13 stad
446 637 52 14 utgöra
507 639 25 9 var

70 653 23 13 för
101 653 21 16 sig
130 657 18 9 en
157 654 67 12 valkrets.
233 654 55 12 Annan
297 654 37 15 stad,
343 657 32 9 som
384 653 12 16 ej
403 654 64 15 deltager
474 654 3 12 i
484 654 47 12 lands-

70 671 35 16 ting,
123 671 49 13 tillhör
187 675 57 9 samma
260 671 62 13 valkrets
335 675 33 9 som
381 671 24 13 det
419 671 112 16 landstingsom-

70 689 39 16 råde,
122 689 30 13 vari
162 689 51 13 staden
222 689 41 13 förut
272 689 50 16 ingått.
332 689 95 16 Indelningen
437 689 4 13 i
452 689 80 13 valkretsar

70 707 79 13 innehålles
166 707 3 13 i
186 707 70 15 vallagen.
271 707 28 13 För
312 707 39 16 varje
364 707 63 13 valkrets
440 707 43 16 väljes
495 707 37 13 efter

70 725 106 15 folkmängden
191 725 41 13 inom
248 725 32 13 dess
293 725 61 13 område
366 729 18 9 en
397 725 101 15 riksdagsman
508 725 23 13 för

70 745 31 11 vart
116 743 33 12 fullt
164 742 25 16 tal,
204 743 103 13 motsvarande
318 743 29 15 !/,;,
358 746 18 9 av
386 743 44 13 rikets
439 743 92 15 folkmängd.

70 760 103 14 Valkretsarna
187 760 56 14 indelas
258 760 4 13 i
277 760 30 13 åtta
321 764 68 12 grupper,
399 761 48 12 vilken
457 760 75 16 indelning

70 778 77 13 fastställes
161 778 3 13 i
179 778 70 16 vallagen.
264 778 43 16 Varje
321 778 16 13 år
350 779 46 12 under
405 778 63 13 oktober
477 778 54 13 månad

70 796 36 13 skall
120 796 42 13 inom
175 799 18 10 en
207 800 18 9 av
239 796 65 13 nämnda
318 800 63 12 grupper
394 796 69 13 förrättas
476 796 23 13 val
509 796 23 13 för

70 814 98 15 nästföljande
183 813 110 16 åttaårsperiod.
309 814 29 13 Det
350 814 40 13 antal
402 814 100 15 riksdagsmän
514 814 18 13 de

70 832 72 13 särskilda
150 831 99 14 valkretsarna
256 832 42 13 skola
304 834 31 11 utse
342 831 88 14 bestämmes
436 832 44 15 enligt
487 835 45 9 ovan-

70 850 65 12 nämnda
148 853 43 9 norm
205 853 18 9 av
236 850 85 15 Konungen
334 852 32 10 vart
379 849 32 13 10:e
422 849 17 14 år
450 850 25 15 (K.
487 849 44 16 kung.

70 867 52 13 härom
135 866 24 17 ?"/;
173 867 46 16 1952),
231 867 39 13 dock
281 867 34 13 med
326 867 89 16 vidtagande
424 871 19 9 av
449 867 29 13 den
484 867 48 16 jämk-

70 885 40 16 ning,
122 889 32 9 som
165 885 85 13 föranledes
260 889 18 9 av
290 885 26 13 här
325 889 39 10 ovan
371 885 65 13 nämnda
444 885 34 16 6$
465 875 16 31 4
485 889 46 9 mom.

70 907 18 9 av
98 903 151 15 riksdagsordningen
261 903 26 15 (K.
299 903 45 15 kung.
355 903 29 13 den
395 903 19 13 24
425 903 29 16 maj
467 903 35 13 1957
513 911 19 2 —

70 921 32 13 SFS
112 924 17 10 nr
138 921 30 15 162,
175 921 19 13 K.
202 921 45 15 kung.
256 921 28 13 den
293 921 17 13 12
316 920 29 17 maj
354 921 33 13 1961
396 921 23 15 (nr
428 921 32 15 112)
472 928 19 2 —
502 921 29 13 enl.

69 939 49 13 vilken
128 938 111 16 sammanlagda
251 938 56 14 antalet
316 938 10 14 f.
336 943 14 9 n.
361 940 43 14 utgör
417 939 37 16 151).
467 939 64 13 Valbara

69 957 27 13 äro
103 956 5 13 i
116 957 114 13 kommunernas
242 957 74 12 allmänna
322 957 120 15 angelägenheter
453 957 79 13 röstberät-

69 974 49 16 tigade
129 975 35 12 män
175 974 29 13 och
213 974 68 15 kvinnor,
288 978 32 9 som
327 974 63 16 uppnått
397 974 17 13 23
422 974 24 13 års
453 974 43 14 ålder.

91 992 49 13 Andra
152 992 90 13 kammarens
254 992 78 13 ledamöter
343 992 42 13 skola
397 992 21 13 till
431 992 53 13 antalet
497 996 35 9 vara

70 1010 27 13 230
106 1010 34 13 eller
150 1010 23 13 det
184 1010 45 15 högre
238 1010 20 13 tal
268 1014 33 9 som
310 1010 83 13 föranledes
403 1014 18 9 av
430 1010 87 16 stadgandet
527 1010 4 13 i

71 1028 16 12 15
95 1028 22 15 83
125 1031 14 9 o.
148 1028 9 12 4
165 1032 45 8 mom.
219 1028 152 15 riksdagsordningen,
379 1028 43 13 valda
429 1028 24 13 för
460 1032 17 8 en
485 1028 21 13 tid
514 1032 18 9 av

69 1045 32 16 fyra
108 1045 20 16 år,
134 1045 65 13 räknade
204 1045 32 13 från
242 1045 28 13 och
276 1045 32 13 med
314 1045 57 16 januari
377 1045 61 13 månads
443 1045 52 16 början
501 1045 30 14 året

70 1064 32 12 näst
114 1063 36 13 efter
161 1063 28 15 det,
201 1063 46 13 under
258 1063 44 13 vilket
313 1063 37 13 valet
361 1063 42 13 skett.
416 1063 29 13 För
456 1063 41 13 dessa
508 1063 23 13 val

70 1082 16 12 är
94 1081 36 13 riket
139 1081 54 13 indelat
201 1081 4 13 i
214 1081 17 13 28
240 1081 84 13 valkretsar.
334 1081 28 13 För
370 1081 39 16 varje
417 1081 62 13 valkrets
488 1081 43 16 väljes

69 1099 36 13 efter
111 1099 106 16 folkmängden
224 1099 40 13 inom
271 1099 32 13 dess
310 1099 60 13 område
376 1103 18 9 en
401 1099 101 16 riksdagsman
508 1099 24 13 för

69 1119 32 11 vart
113 1117 32 13 fullt
158 1117 24 15 tal,
195 1117 103 13 motsvarande
311 1117 31 16 !/20
354 1121 18 9 av
384 1117 44 13 rikets
440 1117 91 16 folkmängd.

71 1135 51 13 Rikets
138 1134 74 16 indelning
229 1135 4 13 i
249 1135 79 13 valkretsar
344 1135 80 17 innehålles
440 1135 4 13 i
461 1135 70 15 vallagen.

70 1152 43 16 Varje
123 1153 25 12 län
159 1153 42 15 utgör
211 1156 18 9 en
239 1152 68 16 valkrets,
318 1155 41 10 utom
369 1150 81 18 Älvsborgs
460 1153 28 15 län,
499 1156 32 10 som

69 1171 17 12 är
92 1170 39 13 delat
138 1170 4 13 i
149 1170 8 13 2
164 1170 60 16 kretsar,
231 1170 70 16 varjämte
308 1170 65 16 följande
380 1171 48 12 städer
434 1170 40 13 bilda
479 1174 25 10 var
509 1170 22 14 sin

70 1188 68 13 valkrets:
149 1188 12 15 1)
170 1188 91 16 Stockholm,
270 1188 14 15 2)
294 1188 62 15 Malmö,
364 1188 104 16 Hälsingborg,
476 1188 56 13 Lands-

71 1206 47 13 krona
128 1206 27 12 och
165 1206 48 15 Lund,
223 1206 14 15 3)
247 1206 81 15 Göteborg.
338 1206 30 13 Det
377 1206 39 13 antal
426 1206 105 16 riksdagsmän,

70 1224 39 15 varje
116 1224 62 12 valkrets
185 1225 34 14 äger
226 1225 36 14 utse,
269 1224 77 13 fastställes
352 1224 23 13 för
381 1224 38 15 varje
424 1224 107 15 fyraårsperiod

70 1245 18 9 av
100 1242 85 15 Konungen
197 1241 26 16 (K.
236 1241 44 16 kung.
294 1241 57 16 härom,
366 1245 16 10 se
391 1241 33 14 SFS
433 1245 18 10 nr
462 1240 70 17 128/1960

69 1267 13 2 —
83 1259 43 13 enl.
136 1259 48 13 vilken
191 1259 112 16 sammanlagda
309 1259 55 13 antalet
371 1260 43 15 utgör
420 1259 28 13 232
454 1259 24 13 för
484 1259 48 16 perio-

70 1277 28 13 den
113 1277 92 15 1961-1964).
218 1277 57 13 Valrätt
284 1277 88 13 tillkommer
381 1281 45 9 envar
435 1277 53 13 svensk
497 1281 34 9 man

70 1295 28 13 och
106 1295 58 15 kvinna,
172 1299 31 9 som
211 1297 48 11 senast
266 1295 46 13 under
318 1295 122 15 nästföregående
446 1295 86 13 kalenderår

70 1313 31 15 fyllt
112 1313 16 13 21
140 1312 20 16 år,
170 1313 39 13 dock
217 1312 12 16 ej
236 1313 33 15 den,
277 1317 32 9 som
316 1313 29 13 står
352 1313 46 13 under
405 1313 126 15 förmynderskap.

70 1331 64 13 Valbara
144 1331 25 12 äro
180 1331 34 12 män
221 1330 28 14 och
256 1331 67 15 kvinnor,
330 1335 32 9 som
369 1331 63 15 uppnått
439 1331 17 13 23
463 1331 22 13 års
492 1331 40 13 ålder

70 1351 38 10 samt
118 1349 27 15 äga
156 1348 52 13 valrätt
219 1348 40 13 inom
271 1349 81 12 valkretsen
358 1349 39 15 eller,
404 1349 27 12 där
437 1349 41 15 fråga
484 1349 16 12 är
507 1353 25 8 om

70 1366 37 14 stad,
113 1369 32 9 som
151 1366 48 12 består
206 1370 18 8 av
231 1366 34 12 flera
272 1366 84 15 valkretsar,
362 1366 40 13 inom
408 1366 48 15 någon
462 1370 18 9 av
485 1366 46 13 dessa.

91 1383 59 13 Genom
158 1387 18 9 en
185 1383 16 13 år
211 1383 32 13 1941
254 1383 74 16 företagen
337 1384 62 15 ändring
407 1384 4 12 i
419 1384 7 15 $
435 1384 17 13 30
460 1384 71 15 riksdags-

70 1401 82 15 ordningen
162 1401 25 13 har
196 1401 75 16 möjlighet
280 1401 53 13 beretts
342 1404 21 10 att
372 1402 24 12 vid
405 1402 31 15 krig
445 1402 33 12 eller
487 1401 45 16 krigs-

70 1419 31 13 fara
113 1419 79 15 uppskjuta
203 1419 23 13 val
236 1419 21 13 till
268 1419 82 15 riksdagen,
361 1419 39 13 såväl
412 1419 20 13 till
443 1419 46 13 första
499 1423 32 9 som

70 1436 46 14 andra
123 1437 89 12 kammaren.

91 1454 96 13 Gemensamt
201 1454 23 13 för
238 1454 39 13 båda
290 1455 86 12 kamrarnas
389 1454 81 13 ledamöter
483 1454 49 16 gäller,

70 1474 20 11 att
97 1472 203 16 riksdagsmannabefattning
306 1472 28 13 kan
341 1473 52 12 utövas
399 1472 52 13 endast
457 1476 17 9 av
480 1472 53 13 svensk

70 1490 100 15 medborgare,

531 1531 36 18 268

589 322 27 13 Till
630 322 40 13 båda
683 322 79 13 kamrarna
775 322 26 13 ske
814 322 42 13 valen
870 322 34 13 med
918 322 112 16 proportionellt

568 340 56 13 valsätt.

589 358 79 13 Allmänna
681 358 23 13 val
717 358 21 13 till
752 358 51 13 Andra
816 358 86 13 kammaren
916 358 37 16 ägde
967 362 33 10 rum
1014 358 16 14 år

569 376 36 13 1960
612 376 28 13 och
647 375 44 17 avsåg
697 376 72 16 perioden
777 376 96 13 1961—1964.

590 394 91 13 Beträffande
695 394 98 15 ersättningen
807 394 23 13 för
844 394 186 15 riksdagsmannauppdra-

568 414 30 13 gets
608 412 92 15 fullgörande
710 412 38 13 hava
758 412 108 13 bestämmelser
876 412 42 16 givits
928 412 4 13 i
942 412 24 16 lag
977 412 28 13 den
1014 412 17 12 14

568 430 31 12 dec.
608 429 35 14 1962
654 429 39 16 (SFS
705 434 17 9 nr
730 429 38 16 622).
779 430 109 15 Riksdagsman
901 429 62 16 åtnjuter
976 430 55 12 arvode

568 447 32 13 från
607 447 28 13 och
643 448 32 12 med
682 447 74 16 ingången
763 452 18 9 av
787 448 29 13 den
823 447 59 16 månad,
890 447 19 14 då
916 448 29 13 han
952 448 37 13 skall
996 450 34 13 taga

568 465 38 15 plats
618 465 4 13 i
633 465 84 15 riksdagen,
729 466 39 12 dock
775 465 12 16 ej
795 465 23 13 för
825 465 22 13 tid
853 465 46 13 innan
906 465 30 13 han
943 465 41 13 blivit
991 465 40 13 leda-

568 484 36 14 mot,
616 482 21 13 till
649 483 28 12 och
683 483 34 12 med
724 482 74 16 utgången
805 487 18 8 av
830 483 28 13 den
865 482 60 16 månad,
932 482 19 14 då
958 483 73 15 riksdags-

568 500 138 16 mannauppdraget
718 501 64 15 upphör.
790 501 60 12 Arvode
858 500 42 16 utgår
906 500 34 13 med
946 500 53 16 26,000
1008 500 23 13 kr.

568 518 115 16 igrundbelopp
695 518 24 13 för
730 518 22 13 år.
764 518 104 13 Traktamente
879 518 42 16 utgår
926 518 46 13 under
979 518 26 16 tid,
1012 518 19 13 då

568 536 78 15 riksdagen
656 536 46 13 håller
711 536 60 16 session,
782 536 33 13 med
825 536 55 16 belopp
889 536 104 13 motsvarande
1002 536 28 13 705

568 553 22 13 kr.
600 554 24 13 för
633 553 54 14 månad
694 554 22 13 till
722 554 107 15 riksdagsman,
836 558 32 9 som
877 554 16 13 är
900 554 49 13 bosatt
955 553 20 16 på
981 554 50 15 längre

568 571 62 13 avstånd
640 572 19 12 än
666 571 50 16 sjuttio
722 571 77 14 kilometer
808 571 86 16 fågelvägen
904 571 32 13 från
946 572 84 15 riksdagens

568 589 32 13 hus.
611 589 54 13 Annan
675 589 101 16 riksdagsman
787 590 19 12 än
818 593 20 9 nu
848 591 46 14 sagts,
904 589 48 13 vilken
959 590 16 12 är
982 589 49 13 bosatt

568 606 20 16 på
597 607 49 15 längre
656 607 61 13 avstånd
728 608 19 12 än
757 607 56 13 femton
822 607 78 13 kilometer
906 607 85 16 fågelvägen
998 607 33 13 från

568 625 115 15 riksdagshuset,
690 625 25 13 må
721 629 19 9 av
746 625 137 15 kanslideputerade
891 625 94 13 tillerkännas
992 625 39 13 trak-

568 644 64 11 tamente
639 643 33 12 med
682 642 43 16 högst
734 643 65 12 nämnda
809 643 60 15 belopp.
882 643 108 15 Riksdagsman
997 644 34 14 äger

568 660 19 16 på
594 661 24 12 det
625 660 81 13 allmännas
714 660 81 13 bekostnad
802 660 66 16 företaga
876 664 44 9 resor.

586 678 60 13 Arvode
657 678 21 13 till
690 678 101 16 riksdagsman
803 682 41 10 avses
851 678 50 13 såsom
908 678 66 13 inkomst
981 682 18 9 av
1006 682 26 9 an-

569 696 68 16 ställning
644 696 24 13 vid
675 696 93 16 tillämpning
774 700 18 9 av
798 696 43 16 lagen
848 700 25 9 om
880 696 55 13 allmän
941 696 89 16 försäkring.

569 714 109 15 Riksdagsman
690 715 16 12 är
717 714 20 16 på
744 714 25 13 det
775 714 82 13 allmännas
865 714 84 13 bekostnad
955 714 76 16 gruppliv-

569 731 83 14 försäkrad.

590 750 90 12 Kamrarnas
692 749 55 13 talmän
760 749 54 13 erhålla
827 749 47 13 under
885 749 27 16 tid,
925 749 19 14 då
954 749 77 16 riksdagen

569 766 46 14 håller
624 767 60 16 session,
697 767 113 16 tilläggsarvode
819 767 34 13 med
863 767 55 16 belopp
927 768 104 13 motsvarande

571 785 41 15 1,000
619 785 21 13 kr.
647 785 24 13 för
678 785 54 13 månad
739 785 4 13 i
750 785 109 16 grundbelopp.

586 802 20 14 På
613 803 55 13 arvode
675 802 42 16 utgår
724 803 50 16 tillägg
780 803 107 13 motsvarande
894 803 50 16 tillägg
951 802 20 17 på
977 803 26 13 lön
1010 803 21 13 till

569 820 144 16 befattningshavare
720 821 4 13 i
731 823 55 11 statens
794 821 50 16 tjänst.

570 897 65 22 [160a]
676 897 89 18 FÖRSTA
779 900 142 15 KAMMAREN

727 941 105 16 Stockholms
839 941 38 16 stad

663 971 127 18 (Mandattiden
800 971 49 19 utgår
859 971 19 15 år
890 971 47 19 1969)

568 1013 98 18 Andersson,
672 1012 49 16 Ebon
728 1012 56 16 Maria
789 1012 76 19 Isabella,
870 1013 58 18 Fil.L.,
933 1013 98 18 Socionom,

590 1036 24 16 fd.
622 1036 124 19 Bibliotekarie,
763 1037 57 17 KNO,
838 1037 26 18 96;
879 1037 21 15 62
915 1036 42 19 (adr.
973 1036 58 16 Stock-

590 1060 59 18 holm).

569 1084 66 18 Strand,
643 1084 41 15 Axel
694 1084 83 18 Wilhelm,
786 1084 186 19 Riksgäldsfullmäktig
981 1084 49 19 [211],

591 1108 55 15 Förste
661 1109 33 14 vice
707 1108 66 18 talman,
786 1108 28 18 93;
827 1108 20 15 62
861 1108 43 18 (adr.
918 1108 112 18 Stockholm).

568 1131 103 19 Lundström,
687 1131 37 16 Nils
738 1131 61 19 Birger,
813 1131 94 19 Redaktör,
920 1132 27 18 04;
958 1132 20 15 62
987 1132 43 18 (adr.

591 1155 92 19 Bromma).

568 1179 98 18 Lindström,
684 1179 40 15 Ulla
741 1179 74 18 Gunilla,
833 1179 11 15 f.
862 1179 74 19 Wohlin,
954 1179 75 16 Statsråd

592 1202 37 19 [48],
638 1203 27 18 09;
675 1203 20 15 62
704 1202 42 19 (adr.
756 1203 111 18 Stockholm).

568 1226 94 19 Hernelius,
670 1227 44 15 John
724 1227 56 18 Allan,
789 1227 44 18 J.K.,
843 1227 93 18 Redaktör,
944 1227 53 18 RVO,
1006 1227 25 18 11;

591 1250 20 15 62
621 1250 41 18 (adr.
672 1250 112 19 Stockholm).

568 1274 90 18 Anderson,
674 1274 38 15 Carl
728 1274 63 18 Albert,
807 1274 80 16 Direktör
903 1274 49 19 [858],
967 1274 27 18 99;
1010 1274 20 16 62

591 1297 42 19 (adr.
642 1298 112 19 Stockholm).

568 1321 74 19 Hanson,
651 1322 31 15 Per
690 1322 46 18 Olof,
747 1322 71 18 Pol.M.,
828 1322 93 18 Redaktör,
930 1322 25 18 18;
962 1322 21 15 62
988 1321 43 19 (adr.

590 1345 102 19 Vällingby).

568 1368 99 19 Johansson,
677 1369 48 15 Knut
734 1369 71 18 Brynolf
812 1369 70 18 Martin,
889 1368 142 19 Förbundsordf.,

593 1392 24 18 11;
627 1392 21 15 62
656 1392 43 19 (adr.
708 1392 133 19 Johanneshov).

569 1416 97 18 Holmberg,
675 1416 64 18 Yngve,
748 1416 45 18 J.K.,
803 1416 111 18 Partisekret.,
924 1416 25 18 25;
959 1416 21 15 62
987 1415 44 19 (adr.

591 1439 113 19 Stockholm).

569 1463 55 19 Kling,
637 1463 40 15 Erik
690 1463 81 16 Herman,
785 1463 75 16 Statsråd
873 1463 38 19 [48],
925 1463 24 18 13;
959 1463 20 15 62
989 1463 42 19 (adr.

591 1486 111 20 Stockholm).
