1062 1556
90 189 61 26 [148]

107 235 48 35 V.
205 234 288 48 Riksdagen,
525 235 109 36 dess
667 235 326 37 Ombudsmän

420 294 88 37 och
539 295 139 36 Verk.

240 385 144 26 Riksdagen.

105 432 67 15 Lagtima
183 432 59 15 riksdag
254 432 42 15 skall,
307 432 4 12 i
324 432 39 13 kraft
376 436 19 9 av
406 432 45 13 rikets
463 432 78 16 regerings-

87 450 42 15 form,
139 450 109 12 sammanträda
258 450 41 15 varje
309 450 17 12 år
335 450 28 12 den
374 454 17 8 10
401 450 58 16 januari
468 450 39 15 eller,
517 454 24 8 om

87 467 61 16 helgdag
158 467 19 13 då
185 467 74 16 inträffar,
269 467 45 16 dagen
324 468 69 12 därefter.

106 485 49 13 Första
166 485 87 13 kammarens
264 485 73 13 ledamöter
348 487 25 11 äro
386 489 26 12 150
423 486 26 12 och
461 485 46 17 väljas
519 485 22 13 för

88 503 31 13 åtta
129 503 21 15 år,
159 504 64 12 räknade
232 503 33 13 från
274 504 27 12 och
311 504 32 12 med
353 504 58 15 januari
419 504 60 12 månads
489 503 51 16 början

87 521 31 13 året
127 522 33 12 näst
169 521 37 13 efter
214 521 31 15 det,
254 521 46 13 under
309 521 45 13 vilket
364 521 39 13 valet
412 522 44 15 skett,
466 525 18 9 av
493 521 48 13 lands-

87 539 49 15 tingen
150 539 27 13 och
190 539 132 16 stadsfullmäktige
335 539 4 13 i
352 539 18 13 de
382 539 55 16 städer,
448 543 31 9 som
491 539 13 16 ej
511 539 29 13 del-

87 558 34 14 taga
132 557 5 12 i
153 557 79 15 landsting.
250 557 28 12 För
290 557 24 13 val
327 557 23 12 till
362 557 51 13 Första
428 557 83 13 kammaren
525 558 16 11 är

86 575 38 12 riket
136 574 56 13 indelat
206 575 4 12 i
225 578 16 12 19
254 575 86 13 valkretsar.
363 575 91 13 Stockholms
468 575 33 13 stad
513 575 27 12 och

87 593 80 15 Göteborgs
179 593 34 12 stad
225 594 52 14 utgöra
290 597 26 8 var
328 593 23 12 för
362 593 22 15 sig
397 597 17 8 en
425 593 69 13 valkrets.
512 593 28 12 An-

87 614 28 9 nan
128 611 39 15 stad,
180 614 31 9 som
224 611 13 15 ej
251 610 65 16 deltager
327 610 3 13 i
341 611 78 15 landsting,
427 611 50 12 tillhör
485 614 55 9 samma

86 628 65 13 valkrets
161 632 31 9 som
204 628 25 13 det
239 628 145 16 landstingsområde,
396 629 32 12 vari
438 629 51 12 staden
500 628 40 13 förut

86 646 53 15 ingått.
161 646 94 16 Indelningen
271 646 5 12 i
292 646 82 13 valkretsar
389 646 78 13 innehålles
486 646 4 13 i
510 646 30 13 val-

86 663 46 16 lagen.
150 664 28 12 För
193 664 40 16 varje
249 664 64 13 valkrets
329 664 45 16 väljes
390 664 38 13 efter
438 664 102 16 folkmängden

86 681 40 13 inom
140 682 32 12 dess
183 682 59 12 område
254 685 17 9 en
281 682 101 16 riksdagsman
393 682 23 12 för
427 684 33 11 vart
471 682 34 13 fullt
515 682 26 16 tal,

86 700 104 12 motsvarande
201 699 30 16 1/50
243 703 19 9 av
273 700 45 13 rikets
330 700 89 16 folkmängd.
437 700 103 13 Valkretsarna

85 717 56 13 indelas
149 717 4 13 i
162 717 31 13 åtta
201 721 67 12 grupper,
275 718 48 12 vilken
331 718 74 16 indelning
412 718 79 13 fastställes
498 718 5 12 i
511 718 29 12 val-

86 735 47 16 lagen.
148 735 44 16 Varje
200 735 16 13 år
225 736 46 12 under
278 736 82 16 september
368 736 54 13 månad
430 736 37 13 skall
474 736 40 13 inom
523 740 17 9 en

86 757 19 9 av
114 753 63 13 nämnda
185 757 63 12 grupper
255 753 70 13 förrättas
334 754 24 12 val
366 754 23 12 för
397 754 97 16 nästföljande
503 754 37 12 åtta-

86 771 79 16 årsperiod.
184 771 29 13 Det
227 771 40 13 antal
279 771 100 16 riksdagsmän
394 772 18 12 de
425 772 71 12 särskilda
510 772 30 12 val-

86 789 76 12 kretsarna
176 789 41 13 skola
232 791 32 11 utse
278 789 87 13 bestämmes
379 790 46 15 enligt
438 790 102 12 ovannämnda

86 810 42 10 norm
138 810 19 10 av
168 807 80 16 Konungen
260 809 33 11 vart
304 811 30 9 10:e
345 807 16 13 år
371 807 24 16 (K.
406 808 44 15 kung.
460 808 50 12 härom
517 807 23 16 13/e

88 825 46 15 1941).
153 824 63 13 Valbara
231 826 25 12 äro
269 825 5 12 i
286 825 111 13 kommunernas
411 825 73 13 allmänna
499 829 41 12 ange-

86 842 84 16 lägenheter
178 843 122 16 röstberättigade
310 844 33 12 män
353 843 27 13 och
390 843 68 16 kvinnor,
467 847 31 9 som
504 847 36 13 upp-

87 860 33 13 nått
130 863 16 13 35
157 860 23 13 års
190 860 45 13 ålder.

105 878 49 13 Andra
162 878 87 14 kammarens
256 879 73 12 ledamöter
337 880 25 11 äro
371 882 31 12 230,
411 878 43 14 valda
462 879 23 12 för
493 882 17 10 en
519 878 21 13 tid

87 900 18 8 av
114 896 32 16 fyra
155 896 21 16 år,
184 897 64 12 räknade
256 897 31 12 från
296 897 27 12 och
332 897 33 12 med
373 897 59 15 januari
439 897 61 12 månads
508 897 33 12 bör-

86 914 25 16 jan
122 914 31 13 året
163 915 33 12 näst
206 914 38 13 efter
252 915 30 15 det,
293 915 46 12 under
348 914 46 13 vilket
405 915 38 12 valet
453 915 44 12 skett.
513 915 28 12 För

86 932 41 12 dessa
134 932 25 12 val
166 933 16 11 är
187 932 38 13 riket
232 932 55 13 indelat
294 932 4 13 i
306 932 16 13 28
330 932 86 13 valkretsar.
429 933 28 12 För
463 933 41 16 varje
510 932 31 13 val-

86 950 40 12 krets
132 950 45 15 väljes
183 950 38 13 efter
226 950 101 16 folkmängden
333 950 40 13 inom
379 950 32 13 dess
417 951 58 12 område
481 954 17 9 en
504 950 36 13 riks-

86 967 69 16 dagsman
151 960 31 30 för
181 960 36 30 vart
224 968 34 13 fullt
263 968 25 15 tal,
293 968 102 13 motsvarande
399 968 29 16 /220
433 968 66 13 avrikets
504 968 36 13 folk-

86 985 58 16 mängd.
160 985 51 13 Rikets
220 986 74 15 indelning
303 986 5 12 i
318 986 81 13 valkretsar
408 986 78 13 innehålles
496 986 4 13 i
510 986 31 13 val-

86 1003 46 16 lagen.
145 1003 44 16 Varje
196 1003 23 13 län
227 1005 43 14 utgör
276 1007 17 9 en
301 1004 69 15 valkrets,
378 1005 40 12 utom
427 1002 78 18 Älvsborgs
511 1004 29 16 län,

86 1025 31 8 som
125 1022 17 11 är
148 1021 40 13 delat
196 1021 4 13 i
209 1025 7 9 2
224 1022 62 15 kretsar,
293 1022 73 15 varjämte
373 1022 64 16 följande
444 1022 50 13 städer
501 1022 39 13 bilda

86 1042 27 9 var
119 1039 22 12 sin
150 1039 70 13 valkrets:
229 1039 12 16 1)
251 1039 89 16 Stockholm,
349 1040 13 15 2)
372 1040 58 15 Malmö,
439 1040 101 15 Hälsingborg,

86 1056 95 13 Landskrona
192 1057 27 13 och
231 1057 47 16 Lund,
291 1057 13 16 3)
317 1057 78 16 Göteborg.
412 1058 28 12 Det
452 1058 41 12 antal
503 1058 37 12 riks-

86 1074 75 16 dagsmän,
170 1075 41 16 varje
220 1075 64 13 valkrets
293 1076 34 15 äger
335 1076 37 15 utse,
382 1075 78 13 fastställes
469 1075 23 13 för
500 1076 40 16 varje

86 1092 106 16 fyraårsperiod
204 1096 19 9 av
231 1093 80 16 Konungen
321 1093 24 16 (K.
355 1094 43 15 kung.
408 1094 50 12 härom
466 1092 18 17 9/s
495 1093 45 16 1948).

86 1110 58 13 Valrätt
153 1110 89 13 tillkommer
251 1115 45 9 envar
304 1111 52 13 svensk
365 1115 34 9 man
408 1112 26 12 och
443 1111 59 16 kvinna,
509 1115 31 9 som

85 1129 49 12 senast
143 1128 47 13 under
197 1129 120 15 nästföregående
323 1129 85 13 kalenderår
414 1129 33 16 fyllt
454 1133 16 9 21
478 1129 21 16 år,
503 1130 38 12 dock

87 1146 13 16 ej
107 1146 33 15 den,
147 1150 31 9 som
185 1146 31 13 står
221 1147 47 12 under
273 1147 126 16 förmynderskap.
409 1147 62 13 Valbara
476 1148 25 12 äro
506 1149 34 11 män

86 1164 26 13 och
123 1164 68 16 kvinnor,
200 1168 31 9 som
241 1165 64 16 uppnått
315 1168 17 12 25
343 1165 23 13 års
376 1165 40 13 ålder
425 1167 38 11 samt
474 1166 26 15 äga
510 1166 30 12 val-

86 1183 31 11 rätt
126 1182 40 13 inom
176 1182 83 13 valkretsen
269 1182 40 16 eller,
319 1183 27 13 där
355 1183 41 16 fråga
406 1184 16 12 är
431 1187 24 9 om
465 1184 38 15 stad,
509 1187 31 9 som

86 1200 50 12 består
146 1203 18 9 av
173 1200 36 13 flera
219 1200 87 16 valkretsar,
315 1201 39 13 inom
364 1201 47 15 någon
422 1205 18 9 av
450 1201 46 13 dessa.

104 1217 92 13 Gemensamt
205 1218 23 13 för
236 1218 38 13 båda
283 1218 85 14 kamrarnas
376 1218 80 14 ledamöter
462 1219 50 16 gäller,
518 1220 22 12 att

85 1235 203 17 riksdagsmannabefattning
299 1236 28 13 kan
338 1238 53 11 utövas
400 1237 51 13 endast
460 1240 19 9 av
487 1237 53 13 svensk

86 1253 98 16 medborgare.

104 1271 29 12 Till
146 1271 38 13 båda
198 1272 78 13 kamrarna
289 1272 26 13 ske
328 1272 42 13 valen
385 1272 33 13 med
429 1272 111 17 proportionellt

86 1289 61 13 valsätt.

103 1307 94 12 Beträffande
201 1307 98 16 ersättningen
305 1308 21 12 för
332 1308 208 16 riksdagsmannauppdragets

85 1324 90 16 fullgörande
185 1325 37 12 hava
232 1325 108 13 bestämmelser
349 1326 43 15 givits
400 1326 4 12 i
411 1330 16 8 en
435 1330 18 9 av
460 1326 79 13 Konungen

85 1342 27 13 och
121 1343 75 13 riksdagen
208 1343 16 12 år
231 1347 33 11 1941
272 1343 62 13 samfällt
343 1343 65 13 beslutad
416 1344 50 14 stadga
474 1344 22 14 (21
503 1344 36 13 febr.

87 1364 33 12 1941
130 1360 33 13 med
173 1361 40 12 ändr.
223 1362 48 12 senast
280 1361 28 13 den
315 1365 17 9 20
339 1362 28 15 maj
376 1362 45 16 1949).
434 1362 105 16 Riksdagsman

86 1378 65 16 åtnjuter
165 1378 53 13 arvode
229 1379 32 12 från
273 1379 27 13 och
310 1379 32 13 med
352 1379 28 13 den
390 1380 32 15 dag,
432 1380 18 12 då
461 1380 28 12 han
499 1381 40 14 tager

86 1396 38 15 plats
138 1396 5 12 i
156 1396 77 15 riksdagen
247 1397 22 12 till
281 1397 27 12 och
318 1397 32 13 med
360 1397 28 13 den
398 1397 31 16 dag,
439 1397 19 13 då
468 1397 70 16 riksdags-

86 1414 134 15 mannauppdraget
234 1415 60 15 upphör.
311 1415 57 12 Arvode
382 1415 43 16 utgår
438 1415 32 13 med
483 1416 22 12 ett
515 1415 23 13 be-

86 1431 34 16 lopp
130 1432 102 12 motsvarande
242 1433 40 15 6,650
291 1432 21 13 kr.
323 1432 22 13 för
354 1433 19 15 år,
381 1436 23 9 om
411 1433 127 15 riksdagsmannen

86 1450 16 12 är
112 1449 49 13 bosatt
170 1449 9 13 å
188 1451 23 11 ort
221 1450 26 12 där
255 1450 59 16 riksdag
323 1450 45 13 hålles
377 1451 34 12 eller
420 1451 41 15 eljest
470 1451 33 13 med
515 1451 23 13 be-

86 1467 34 16 lopp
129 1468 102 12 motsvarande
241 1468 40 15 8,866
291 1468 21 13 kr.
322 1468 23 13 för
354 1468 19 13 år.
390 1468 105 16 Riksdagsman
505 1470 34 15 äger

480 57 115 22 Riksdagen.

546 393 2 12 |
557 385 18 16 på
588 385 24 13 det
625 385 81 13 allmännas
718 386 81 13 bekostnad
809 386 65 16 företaga
883 390 39 9 resor
932 386 7 13 å
949 386 60 16 statliga

546 411 2 7 |
556 403 27 13 och
597 403 66 13 enskilda
674 404 82 15 järnvägar.
772 404 111 16 Riksdagsman,
894 408 30 9 som
934 406 16 11 är
959 404 50 13 bosatt

557 421 8 12 å
574 425 48 9 annan
632 423 22 11 ort
665 422 18 12 än
694 422 26 12 där
729 422 76 15 riksdagen
816 422 51 16 hålles,
878 423 33 15 äger
919 422 56 16 jämväl
984 422 26 13 vid

557 439 92 15 begagnande
662 443 19 9 av
693 441 45 11 annat
751 440 79 12 färdmedel
843 441 18 11 än
873 440 5 12 i
891 440 46 12 första
951 440 57 16 stycket

556 458 40 13 sagts
610 456 18 16 på
642 457 25 12 det
679 457 81 12 allmännas
773 457 81 13 bekostnad
867 461 31 9 resa
907 458 24 12 till
940 458 26 12 och
977 458 32 12 från

556 474 76 16 riksdagen
642 475 39 12 samt
689 474 46 13 under
745 475 26 15 tid,
781 475 19 12 då
808 475 53 13 arvode
868 475 25 13 till
901 475 53 13 honom
960 475 48 16 utgår,

556 491 53 13 mellan
619 492 107 16 riksdagsorten
736 493 26 12 och
772 493 80 13 hemorten.

574 510 94 13 Beträffande
677 510 65 16 pension,
751 514 15 9 se
775 511 22 12 SF
807 510 55 16 464/47.

575 527 87 13 Kamrarnas
673 528 53 13 talmän
735 528 55 13 erhålla
798 528 173 17 representationsbidrag
976 528 33 13 med

557 549 41 12 5.000
608 546 21 12 kr.
639 546 22 12 för
671 546 19 13 år.

574 563 54 13 Genom
638 567 16 9 en
665 564 16 12 år
691 567 33 12 1941
735 564 73 15 företagen
818 564 63 15 ändring
890 564 4 12 i
895 555 9 31 $
915 567 17 13 30
937 564 73 15 riksdags-

556 581 78 16 ordningen
648 582 27 12 har
689 581 75 16 möjlighet
780 582 55 12 beretts
850 583 23 12 att
888 582 25 12 vid
928 582 33 15 krig
976 582 34 12 eller

555 599 70 16 krigsfara
635 599 80 16 uppskjuta
725 599 23 13 val
760 599 24 13 till
791 599 81 16 riksdagen,
882 599 41 13 såväl
932 600 24 12 till
964 600 45 12 första

556 621 30 9 som
595 617 45 13 andra
649 617 89 13 kammaren.
757 617 79 16 Konungen
850 618 26 12 och
885 617 76 16 riksdagen
971 618 38 12 hava

555 634 73 16 nämligen
647 635 86 15 berättigats
749 636 23 11 att
786 637 89 13 gemensamt
889 635 61 16 besluta,
966 636 23 12 att
1005 635 4 13 i

555 653 64 12 nämnda
632 652 26 13 fall
671 652 24 13 val
709 653 23 12 till
744 653 76 15 riksdagen
835 653 43 15 skall,
891 657 23 9 om
928 653 25 12 det
962 653 47 13 finnes

556 670 114 16 oundgängligen
683 671 95 15 nödvändigt,
787 671 93 16 uppskjutas,
889 671 37 12 dock
936 671 41 15 högst
988 672 21 11 ett

556 688 16 13 år
581 695 17 2 —
608 688 62 13 beslutet
679 688 28 13 kan
717 688 80 13 emellertid
806 692 72 13 upprepas
888 695 17 3 —
914 689 32 12 från
953 689 25 12 det
985 692 25 9 va-

556 706 19 12 let
585 706 33 13 bort
627 707 26 15 äga
663 710 37 12 rum,
709 707 27 12 och
746 708 22 11 att
775 706 81 16 valperiod,
862 710 28 9 som
899 706 48 13 skolat
953 706 56 16 utlöpa,

556 723 71 17 törlänges
640 724 33 13 med
687 725 21 12 ett
720 724 21 13 år.
760 724 55 13 Härvid
825 724 23 13 må
858 724 48 13 tillika
915 725 94 15 bestämmas,

556 743 22 11 att
587 742 114 16 giltighetstiden
715 742 23 13 för
750 742 25 13 det
785 742 29 16 val,
823 746 30 9 som
864 743 33 15 äger
905 746 32 9 rum
947 742 4 13 i
961 742 49 13 stället

556 760 22 12 för
586 760 25 12 det
625 760 94 16 uppskjutna,
734 760 37 13 skall
784 760 73 13 förkortas
868 760 33 13 med
910 761 22 12 ett
942 760 21 13 år.
982 760 28 13 För

556 778 82 15 riksdagens
650 778 24 12 del
682 778 72 13 erfordras
763 778 80 13 emellertid
853 778 22 13 för
884 778 47 13 beslut
940 782 23 9 om
973 782 37 12 upp-

555 796 36 12 skov
605 799 19 9 av
637 795 24 13 val
675 796 26 12 och
715 796 90 16 förlängning
818 800 19 9 av
851 796 75 16 valperiod
938 796 45 12 minst
992 795 18 16 5/4

555 813 74 16 majoritet
643 817 19 9 av
675 814 18 12 de
707 814 67 13 röstande
784 814 4 12 i
798 814 61 13 vardera
872 814 89 13 kammaren.
979 814 29 12 Det

556 835 29 12 nya
598 831 87 16 stadgandet
698 836 24 8 om
735 832 92 16 förlängning
840 835 19 9 av
869 832 73 16 valperiod
953 832 56 12 medför

556 849 41 16 ingen
609 849 106 16 inskränkning
725 849 4 13 i
739 850 88 15 Konungens
836 851 30 11 rätt
875 851 23 12 att
907 850 68 13 förordna
984 853 24 9 om

556 871 29 12 nya
594 866 29 14 val.

574 885 77 13 Allmänna
660 885 24 13 val
693 885 23 13 till
724 885 50 13 Andra
782 885 85 13 kammaren
876 885 54 13 skedde
938 887 49 11 senast
994 885 16 13 år

557 903 40 16 1948,
607 903 40 13 vilka
657 903 24 13 val
690 903 38 16 gälla
737 903 23 13 för
769 903 68 17 perioden
849 907 95 13 1949—1952.

671 958 71 16 Första
754 958 132 16 kammaren.

696 993 113 17 Stockholms
822 994 47 17 stad.

637 1022 125 21 (Mandattiden
775 1023 48 21 utgår
836 1023 18 17 år
869 1023 57 21 1953.)

556 1058 75 19 Ewerlöf,
644 1059 47 16 Knut
704 1059 83 20 Gerhard,
801 1060 83 15 Direktör
892 1057 53 23 [928],
959 1060 11 16 f.
980 1060 28 18 90;

580 1084 22 15 46
614 1081 43 21 (adr.
671 1082 112 21 Stockholm).

556 1106 65 19 Strand,
644 1107 42 16 Axel
708 1107 86 20 Wilhelm,
817 1107 192 21 Riksgäldsfullmäktig

580 1128 52 23 [211],
646 1131 10 16 f.
671 1131 27 19 93;
712 1131 23 16 46
747 1129 43 21 (adr.
804 1129 111 21 Stockholm).

555 1154 81 21 Bergvall,
647 1155 45 21 John
702 1155 76 19 Helmer,
788 1155 159 21 Bankofullmäktig
955 1153 53 23 [195],

580 1179 10 15 f.
605 1179 27 17 92;
646 1179 22 16 46
680 1177 43 22 (adr.
737 1177 113 21 Stockholm).

556 1202 84 20 Branting,
659 1203 63 20 Georg,
740 1203 14 20 J.
768 1203 28 19 K.,
816 1203 85 19 Advokat,
919 1203 63 19 NFIK,
997 1203 10 16 f.

580 1226 27 19 87;
622 1227 22 16 46
656 1225 43 21 (adr.
713 1225 113 21 Stockholm).

556 1249 97 19 Nordenson,
665 1251 71 19 Harald,
753 1251 81 16 Direktör
846 1248 53 22 [962],
919 1251 11 15 f.
944 1251 27 18 86;
986 1250 22 16 46

561 1292 4 5 ,
579 1273 42 19 (adr.
635 1272 111 21 Stockholm).

556 1298 58 19 Åman,
628 1298 56 16 Oskar
697 1298 64 20 Valter,
774 1298 87 20 Direktör,
875 1299 11 15 f.
896 1299 28 17 05;
934 1299 22 16 46
965 1296 43 21 (adr.

581 1320 91 20 Enskede).

556 1345 86 19 Wistrand,
656 1346 41 15 Karl
707 1346 92 18 Knutsson,
810 1346 23 15 fd.
844 1346 81 15 Direktör
934 1343 52 23 [950],
996 1346 11 15 f.

580 1370 27 17 89;
621 1370 23 16 46
656 1367 42 21 (adr.
712 1367 111 21 Stockholm).

555 1392 73 19 Nerman,
646 1394 51 18 Ture,
716 1393 31 15 Fil.
762 1393 26 18 K.,
802 1393 128 19 Skriftställare,
944 1393 63 18 NFrK,

557 1436 7 3 —
578 1418 11 14 f.
604 1417 26 18 86;
645 1417 22 16 46
679 1415 42 21 (adr.
736 1415 112 21 Stockholm).

544 1444 2 9 |
555 1440 66 18 Öhman,
640 1441 42 15 Lars
698 1441 76 19 Gunnar,
788 1441 116 18 Sekreterare,
919 1441 11 15 f.
943 1440 28 19 04;
985 1441 22 15 46

577 1463 43 21 (adr.
634 1463 92 21 Enskede).

529 1512 34 15 240
