1046 1582
60 62 96 33 Las]

58 205 52 23 [148]

59 243 31 25 V.
115 243 255 31 RIKSDAGEN,
393 244 97 26 DESS
512 241 269 30 OMBUDSMÄN
803 246 84 25 OCH
909 247 110 25 VERK

230 322 110 23 Riksdagen

79 367 85 16 Riksdagen
172 367 41 16 skall,
221 367 4 14 i
233 367 39 14 kraft
280 372 18 9 av
306 368 43 13 rikets
357 368 116 16 regeringsform,
482 372 36 10 sam-

58 385 78 13 manträda
145 385 39 16 varje
193 385 16 13 år
218 385 28 13 den
257 385 17 14 10
282 385 57 16 januari
348 386 38 15 eller,
396 390 25 9 om
430 386 62 16 helgdag
500 386 19 13 då

58 403 71 16 inträffar,
138 403 47 16 dagen
194 403 67 13 därefter.
271 403 84 16 Riksdagen
364 403 36 14 skall
409 407 35 10 vara
453 404 66 13 avslutad

57 421 29 13 den
97 421 16 13 31
125 421 81 13 december.
219 421 35 13 1949
265 421 92 14 avskaffades
367 421 83 16 begreppen
460 422 59 16 lagtima

57 438 29 13 och
99 439 53 13 urtima
164 439 59 15 riksdag
236 439 29 13 och
277 441 60 11 ersattes
350 443 18 9 av
380 439 86 16 vårsession,
480 440 39 13 höst-

57 456 56 13 session
121 456 28 13 och
156 458 40 11 extra
203 457 60 13 session.
271 457 105 13 Vårsessionen
384 457 36 13 skall
428 457 4 13 i
439 457 38 16 regel
485 461 34 10 vara

57 474 66 13 avslutad
132 474 28 13 den
168 474 16 13 31
193 474 34 16 maj.

78 491 51 13 Första
139 491 90 14 kammarens
239 491 78 14 ledamöter
327 492 26 13 äro
365 492 26 13 150
401 492 36 13 eller
442 492 26 13 det
474 492 45 15 högre

57 509 25 15 tal,
95 513 33 9 som
140 509 86 13 föranledes
238 513 18 10 av
268 509 89 16 stadgandet
368 509 5 14 i
384 509 22 16 6$
420 510 5 13 1
436 513 14 10 o.
457 510 9 13 4
473 514 45 9 mom.

57 526 156 17 riksdagsordningen,
223 527 29 13 och
262 527 45 16 väljas
317 527 24 13 för
350 527 31 14 åtta
387 527 21 16 år,
415 528 65 13 räknade
486 528 33 13 från

57 544 29 14 och
100 545 33 13 med
147 545 57 16 januari
219 545 61 13 månads
293 545 53 16 början
359 545 30 14 året
400 546 33 13 näst
443 546 36 13 efter
490 546 28 15 det,

57 562 47 13 under
119 562 44 14 vilket
175 563 38 13 valet
224 563 42 15 skett,
278 567 18 9 av
306 563 92 16 landstingen
408 563 28 13 och
446 563 73 14 stadsfull-

57 580 64 16 mäktige
133 580 5 13 i
151 580 19 13 de
182 580 53 16 städer,
248 584 33 9 som
293 580 13 16 ej
319 581 57 15 deltaga
388 581 88 16 ilandsting.
490 581 29 13 För

56 598 23 13 val
93 598 21 13 till
128 598 52 13 Första
189 598 86 13 kammaren
284 599 16 12 är
309 598 36 14 riket
354 599 54 13 indelat
417 599 4 13 i
432 599 16 13 19
457 599 62 13 valkret-

56 619 28 10 sar,
98 616 94 13 Stockholms
205 616 33 13 stad
251 616 29 13 och
293 616 84 16 Göteborgs
391 617 33 13 stad
432 618 53 14 utgöra
493 620 25 10 var

56 633 24 13 för
88 633 21 16 sig
117 637 18 9 en
144 634 67 13 valkrets.
220 634 55 13 Annan
283 634 38 16 stad,
329 638 33 9 som
370 634 13 16 ej
390 634 64 16 deltager
460 634 4 13 i
470 634 48 13 lands-

56 651 35 16 ting,
110 651 49 14 tillhör
174 655 57 10 samma
247 652 62 13 valkrets
322 655 32 10 som
367 652 25 13 det
406 652 112 16 landstingsom-

56 669 40 16 råde,
108 669 31 13 vari
148 669 52 14 staden
209 669 40 14 förut
258 669 51 16 ingått.
319 669 95 16 Indelningen
423 670 5 13 i
439 670 79 13 valkretsar

56 686 80 14 innehålles
152 687 4 13 i
172 687 70 16 vallagen.
257 687 29 13 För
299 687 39 16 varje
350 687 63 14 valkrets
426 687 44 17 väljes
482 688 36 13 efter

56 705 106 15 folkmängden
177 705 41 13 inom
234 705 33 13 dess
280 705 60 14 område
352 709 19 9 en
383 705 102 16 riksdagsman
494 706 24 13 för

56 724 32 12 vart
102 722 33 14 fullt
150 722 25 16 tal,
190 723 104 13 motsvarande
304 723 30 16 2/,,
344 727 18 9 av
372 723 44 13 rikets
425 723 92 16 folkmängd.

55 740 105 14 Valkretsarna
173 740 56 14 indelas
243 741 5 13 i
263 740 30 14 åtta
307 744 68 13 grupper,
385 741 49 13 vilken
443 741 75 16 indelning

55 758 78 13 fastställes
147 758 4 13 i
165 758 70 16 vallagen.
250 758 43 16 Varje
307 758 17 14 år
336 759 46 13 under
391 759 63 13 oktober
463 759 55 13 månad

55 776 38 13 skall
106 776 41 13 inom
161 780 18 9 en
193 780 18 9 av
225 776 65 14 nämnda
303 780 63 12 grupper
380 776 69 14 förrättas
462 777 23 13 val
494 777 24 13 för

56 793 98 16 nästföljande
169 793 110 17 åttaårsperiod.
294 794 30 13 Det
336 794 39 13 antal
387 794 102 16 riksdagsmän
499 795 19 12 de

55 811 73 14 särskilda
135 811 99 14 valkretsarna
241 812 42 13 skola
290 814 31 11 utse
328 812 87 13 bestämmes
421 812 45 16 enligt
472 816 46 9 ovan-

55 829 65 13 nämnda
134 833 43 9 norm
190 833 18 9 av
222 830 84 15 Konungen
320 831 31 12 vart
365 829 31 14 10:e
408 830 16 13 år
436 830 25 15 (K.
473 830 43 16 kung.

55 847 53 13 härom
120 846 25 17 ”?”/;
158 847 47 16 1952),
216 847 40 13 dock
266 847 35 14 med
311 847 90 16 vidtagande
409 851 19 10 av
434 848 29 13 den
470 847 47 17 jämk-

55 864 40 17 ning,
107 868 33 10 som
151 865 84 13 föranledes
246 869 17 9 av
275 865 27 13 här
311 869 39 10 ovan
356 865 66 14 nämnda
429 865 20 16 6$
455 865 9 13 4
471 869 45 10 mom.

54 886 19 10 av
83 882 151 16 riksdagsordningen
246 883 26 16 (K.
284 883 45 15 kung.
340 883 29 13 den
380 883 19 13 24
410 883 29 16 maj
452 883 36 14 1957
498 891 19 2 —

54 900 33 14 SFS
97 904 17 10 nr
122 900 32 16 162,
160 901 20 13 K.
187 901 45 15 kung.
241 901 29 13 den
278 901 17 13 12
301 901 29 16 maj
339 901 34 13 1961
381 901 23 16 (nr
413 901 32 16 112)
457 909 19 2 —
487 901 29 14 enl.

54 918 50 13 vilken
113 918 111 16 sammanlagda
236 918 56 14 antalet
301 919 10 13 f.
321 922 15 10 n.
346 920 43 14 utgör
402 919 38 16 151).
453 919 63 13 Valbara

54 937 27 12 äro
88 936 5 13 i
100 936 115 13 kommunernas
227 936 74 13 allmänna
307 936 120 16 angelägenheter
438 937 78 13 röstberät-

54 954 49 16 tigade
114 955 35 12 män
160 954 29 13 och
198 954 68 16 kvinnor,
272 958 33 9 som
312 954 62 16 uppnått
382 954 17 14 23
407 954 23 14 års
437 954 45 14 ålder.

75 972 50 13 Andra
136 972 91 13 kammarens
238 972 78 13 ledamöter
328 972 42 13 skola
381 972 22 13 till
415 972 54 14 antalet
482 976 34 10 vara

54 989 28 13 230
91 990 34 13 eller
135 990 24 13 det
169 990 45 15 högre
223 990 20 13 tal
253 993 32 10 som
295 990 83 13 föranledes
387 994 19 9 av
415 990 87 16 stadgandet
512 990 4 14 i

56 1007 16 13 15
79 1007 8 16 $
94 1007 8 13 3
110 1011 14 9 o.
132 1007 9 13 4
149 1011 46 9 mom.
203 1007 153 16 riksdagsordningen,
364 1008 43 13 valda
414 1008 23 13 för
444 1012 18 9 en
470 1008 21 13 tid
498 1012 18 9 av

54 1025 31 15 fyra
92 1024 20 17 år,
118 1025 65 13 räknade
188 1025 33 13 från
226 1025 29 13 och
260 1026 34 12 med
298 1025 57 16 januari
361 1025 62 14 månads
428 1025 52 16 början
486 1026 29 13 året

54 1043 33 13 näst
97 1043 37 13 efter
145 1043 29 16 det,
186 1043 46 13 under
242 1043 44 13 vilket
297 1043 38 13 valet
345 1043 42 13 skett.
400 1043 29 14 För
440 1043 42 14 dessa
492 1044 23 13 val

54 1061 16 12 är
78 1060 37 14 riket
123 1060 55 14 indelat
186 1060 4 14 i
198 1061 18 13 28
224 1061 84 13 valkretsar.
318 1061 28 13 För
354 1061 39 16 varje
401 1061 63 14 valkrets
472 1061 43 16 väljes

53 1078 36 14 efter
95 1078 106 16 folkmängden
208 1079 40 13 inom
255 1079 32 13 dess
294 1079 60 13 område
360 1083 19 9 en
385 1079 101 16 riksdagsman
492 1079 24 14 för

53 1098 32 11 vart
97 1096 33 14 fullt
141 1096 25 16 tal,
178 1097 104 13 motsvarande
295 1097 31 15 !/:
338 1101 18 9 av
368 1097 44 13 rikets
424 1097 91 16 folkmängd.

54 1114 52 14 Rikets
122 1114 74 16 indelning
212 1114 5 14 i
233 1114 80 14 valkretsar
328 1114 80 18 innehålles
423 1115 5 13 i
444 1115 71 16 vallagen.

53 1131 44 17 Varje
107 1132 25 13 län
142 1133 43 15 utgör
194 1136 18 9 en
223 1132 67 16 valkrets,
301 1134 42 11 utom
353 1130 80 18 Älvsborgs
443 1133 29 15 län,
483 1137 32 9 som

52 1150 17 13 är
75 1150 39 13 delat
121 1150 4 13 i
132 1150 9 13 2
148 1150 60 16 kretsar,
215 1150 70 16 varjämte
292 1150 64 16 följande
363 1150 48 14 städer
418 1150 40 14 bilda
463 1154 25 10 var
493 1151 22 13 sin

53 1167 68 14 valkrets:
131 1167 14 16 1)
153 1168 92 15 Stockholm,
253 1168 15 15 2)
276 1168 63 16 Malmö,
347 1168 104 16 Hälsingborg,
459 1168 56 14 Lands-

53 1185 48 13 krona
110 1185 29 13 och
149 1185 47 16 Lund,
206 1185 15 16 3)
230 1185 82 16 Göteborg.
322 1186 29 13 Det
360 1186 40 13 antal
409 1186 105 16 riksdagsmän,

53 1203 39 15 varje
99 1203 63 13 valkrets
168 1204 34 15 äger
209 1205 36 14 utse,
252 1203 77 13 fastställes
335 1204 23 12 för
363 1203 39 16 varje
407 1204 107 15 fyraårsperiod

52 1224 18 10 av
82 1221 85 15 Konungen
180 1221 25 15 (K.
219 1221 44 16 kung.
277 1221 57 16 härom,
349 1225 15 9 se
374 1221 32 13 SFS
416 1225 17 9 nr
444 1220 71 17 128/1960

52 1246 13 2 —
64 1238 44 14 enl.
118 1238 49 14 vilken
174 1239 111 15 sammanlagda
292 1239 54 13 antalet
353 1240 43 15 utgör
403 1239 28 13 232
437 1239 24 13 för
467 1239 48 16 perio-

52 1256 29 13 den
94 1256 93 16 1961-1964).
201 1256 56 14 Valrätt
266 1257 89 13 tillkommer
364 1261 45 9 envar
418 1257 53 13 svensk
480 1261 34 10 man

52 1274 28 13 och
88 1274 59 16 kvinna,
154 1278 32 9 som
193 1276 49 12 senast
248 1274 47 14 under
301 1275 121 15 nästföregående
429 1275 85 14 kalenderår

52 1292 31 15 fyllt
94 1292 16 13 21
121 1292 21 16 år,
152 1292 39 13 dock
199 1292 13 16 ej
218 1292 33 16 den,
258 1296 33 9 som
298 1292 29 14 står
334 1293 46 13 under
386 1292 127 17 förmynderskap.

51 1309 65 14 Valbara
125 1310 27 13 äro
162 1310 34 13 män
203 1310 28 13 och
238 1310 67 16 kvinnor,
312 1314 32 9 som
351 1310 63 16 uppnått
420 1311 18 13 23
445 1310 23 14 års
474 1310 40 14 ålder

51 1329 39 12 samt
100 1328 28 15 äga
138 1328 52 13 valrätt
200 1328 41 13 inom
252 1328 82 13 valkretsen
340 1328 39 16 eller,
386 1328 27 13 där
419 1328 41 16 fråga
466 1329 16 13 är
488 1333 25 9 om

51 1345 38 15 stad,
94 1349 33 9 som
132 1345 49 14 består
187 1349 18 9 av
212 1346 35 13 flera
253 1346 84 15 valkretsar,
343 1346 41 13 inom
389 1346 50 16 någon
444 1350 18 9 av
467 1346 46 14 dessa.

72 1362 59 14 Genom
139 1366 19 10 en
166 1363 16 13 år
192 1363 33 13 1941
235 1363 76 16 företagen
319 1363 62 16 ändring
388 1364 5 12 i
401 1364 7 15 $
416 1364 18 13 30
441 1364 72 15 riksdags-

51 1380 82 16 ordningen
142 1380 27 13 har
177 1380 75 16 möjlighet
261 1381 54 13 beretts
324 1383 20 11 att
353 1381 25 13 vid
386 1381 32 16 krig
426 1381 35 13 eller
469 1381 45 16 krigs-

50 1398 33 13 fara
93 1398 81 16 uppskjuta
184 1398 23 13 val
217 1398 21 14 till
249 1398 82 17 riksdagen,
342 1398 40 14 såväl
392 1399 21 13 till
424 1399 47 14 första
481 1403 32 10 som

50 1416 47 13 andra
104 1416 90 13 kammaren.

72 1433 96 14 Gemensamt
181 1434 24 13 för
218 1433 40 14 båda
271 1434 86 13 kamrarnas
370 1434 81 13 ledamöter
464 1434 49 16 gäller,

50 1453 21 11 att
77 1451 204 17 riksdagsmannabefattning
287 1452 28 13 kan
322 1453 52 12 utövas
380 1452 51 13 endast
437 1456 18 10 av
461 1452 53 14 svensk

50 1469 100 16 medborgare.

577 321 28 13 Till
619 321 39 14 båda
671 322 79 13 kamrarna
763 322 26 13 ske
803 322 41 13 valen
858 322 34 14 med
905 323 113 16 proportionellt

556 339 56 13 valsätt.

577 357 79 13 Allmänna
669 357 23 14 val
705 357 21 14 till
740 358 51 13 Andra
804 358 86 13 kammaren
903 358 38 16 ägde
955 362 32 10 rum
1001 358 17 14 år

557 375 36 13 1960
599 375 29 13 och
635 375 43 16 avsåg
684 375 72 16 perioden
764 376 97 13 1961—1964.

578 393 91 13 Beträffande
683 394 97 15 ersättningen
795 394 23 13 för
831 394 187 16 riksdagsmannauppdra-

555 412 31 14 gets
596 410 92 16 fullgörande
697 411 38 13 hava
745 411 109 14 bestämmelser
863 412 42 15 givits
915 412 4 13 i
930 412 23 16 lag
964 412 29 13 den
1001 412 17 13 14

555 428 31 13 dec.
595 428 36 14 1962
642 428 38 16 (SFS
692 433 17 9 nr
717 429 38 15 622).
767 429 108 16 Riksdagsman
888 429 63 16 åtnjuter
963 430 55 13 arvode

555 446 32 13 från
595 446 28 13 och
630 447 32 13 med
670 447 73 15 ingången
750 451 18 9 av
774 447 29 13 den
809 447 61 16 månad,
877 447 19 13 då
903 448 30 13 han
939 447 38 14 skall
983 449 35 14 taga

555 464 39 15 plats
604 464 5 13 i
621 464 83 15 riksdagen,
716 465 39 12 dock
762 465 12 15 ej
782 465 23 13 för
812 465 21 13 tid
840 465 46 13 innan
893 465 30 13 han
930 465 42 13 blivit
978 465 40 13 leda-

555 483 36 14 mot,
603 481 22 13 till
636 482 28 13 och
670 482 34 13 med
711 482 73 15 utgången
792 486 18 9 av
816 483 29 12 den
851 482 61 16 månad,
919 483 19 12 då
944 483 74 15 riksdags-

555 499 138 16 mannauppdraget
705 499 64 16 upphör.
777 500 60 13 Arvode
844 499 43 17 utgår
893 500 34 13 med
933 500 52 15 26,000
994 500 24 13 kr.

555 516 115 17 igrundbelopp
682 517 24 13 för
717 517 21 13 år.
751 517 104 14 Traktamente
865 517 43 16 utgår
913 518 46 13 under
966 518 26 15 tid,
999 518 19 13 då

554 534 79 16 riksdagen
642 534 46 14 håller
697 535 61 16 session,
768 536 34 13 med
811 535 55 16 belopp
876 536 104 13 motsvarande
989 536 28 13 705

555 552 22 13 kr.
587 552 24 14 för
620 552 54 14 månad
681 553 21 13 till
709 553 106 16 riksdagsman,
822 557 33 9 som
863 554 16 12 är
886 553 50 14 bosatt
942 553 20 16 på
968 553 50 16 längre

555 570 62 13 avstånd
627 571 19 12 än
652 570 50 16 sjuttio
709 570 77 14 kilometer
795 570 85 17 fågelvägen
890 571 33 13 från
932 571 85 16 riksdagens

554 587 33 14 hus.
597 588 54 13 Annan
661 588 101 16 riksdagsman
774 589 19 13 än
805 592 20 10 nu
835 591 46 13 sagts,
890 589 49 13 vilken
939 583 23 27 är
968 589 50 13 bosatt

554 605 20 16 på
583 605 50 16 längre
642 605 63 14 avstånd
714 607 19 12 än
743 606 57 14 femton
809 606 77 14 kilometer
893 606 85 17 fågelvägen
985 606 33 14 från

554 623 115 16 riksdagshuset,
677 623 24 14 må
707 627 19 10 av
732 624 137 16 kanslideputerade
876 624 96 14 tillerkännas
978 624 40 14 trak-

554 642 64 12 tamente
625 641 33 13 med
668 641 44 16 högst
720 642 66 13 nämnda
796 642 59 16 belopp.
868 642 108 16 Riksdagsman
983 643 35 15 äger

554 658 19 16 på
580 659 24 13 det
611 659 81 13 allmännas
700 659 82 14 bekostnad
789 660 66 15 företaga
861 664 45 9 resor.

572 677 60 13 Arvode
644 677 20 13 till
675 677 103 16 riksdagsman
789 681 41 10 avses
837 678 51 13 såsom
894 678 66 13 inkomst
967 682 18 9 av
991 682 27 9 an-

554 694 69 16 ställning
630 695 24 13 vid
660 695 94 16 tillämpning
760 699 18 10 av
785 695 42 16 lagen
834 699 25 10 om
866 696 55 13 allmän
927 696 89 16 försäkring.

555 712 109 16 Riksdagsman
676 714 16 12 är
703 713 20 16 på
730 713 25 13 det
761 714 82 13 allmännas
851 714 84 13 bekostnad
941 714 76 16 gruppliv-

554 730 84 14 försäkrad.

575 748 91 13 Kamrarnas
678 748 55 14 talmän
745 748 55 14 erhålla
812 749 47 13 under
871 749 26 16 tid,
910 749 20 13 då
939 749 78 16 riksdagen

554 765 47 14 håller
609 766 61 16 session,
682 766 113 16 tilläggsarvode
804 766 34 14 med
848 767 55 16 belopp
912 767 104 13 motsvarande

556 783 41 16 1,000
604 783 22 14 kr.
633 784 23 13 för
663 783 54 14 månad
724 784 4 13 i
735 784 109 16 grundbelopp.

572 801 19 13 På
598 801 55 14 arvode
660 801 42 16 utgår
709 802 50 16 tillägg
766 802 106 14 motsvarande
879 802 51 16 tillägg
936 802 20 16 på
962 802 26 14 lön
995 802 21 14 till

554 819 144 16 befattningshavare
705 819 4 13 i
716 822 55 11 statens
779 820 50 16 tjänst.

661 883 90 19 FÖRSTA
764 887 142 16 KAMMAREN

712 928 104 16 Stockholms
823 928 39 16 stad

647 957 127 19 (Mandattiden
785 958 48 19 utgår
843 958 19 16 år
874 959 47 18 1969)

552 993 98 18 Andersson,
656 993 49 16 Ebon
712 993 56 16 Maria
773 993 76 19 Isabella,
854 994 58 18 Fil.L.,
917 994 98 19 Socionom,

573 1016 25 16 fd.
606 1016 124 19 Bibliotekarie,
747 1017 57 18 KNO,
821 1018 27 18 96;
863 1018 20 15 62
899 1017 42 19 (adr.
957 1018 58 15 Stock-

574 1040 59 19 holm).

553 1064 65 19 Strand,
627 1064 41 16 Axel
677 1064 83 19 Wilhelm,
770 1064 185 20 Riksgäldsfullmäktig
964 1065 49 19 [211],

575 1088 55 15 Förste
644 1089 33 14 vice
690 1088 67 19 talman,
770 1089 27 18 93;
811 1088 20 16 62
844 1088 43 19 (adr.
901 1089 112 18 Stockholm).

551 1111 103 19 Lundström,
670 1111 37 16 Nils
721 1112 62 19 Birger,
797 1112 93 19 Redaktör,
903 1113 27 18 04;
941 1113 20 15 62
970 1113 42 18 (adr.

574 1135 92 19 Bromma).

551 1159 98 19 Lindström,
668 1159 38 15 Ulla
723 1159 75 19 Gunilla,
815 1159 12 16 f.
845 1160 73 19 Wohlin,
936 1160 76 16 Statsråd

575 1182 37 19 [48],
621 1183 27 18 09;
657 1183 20 15 62
686 1182 43 19 (adr.
738 1183 111 19 Stockholm).

551 1207 93 18 Hernelius,
652 1207 45 15 John
706 1207 56 18 Allan,
771 1207 44 18 J.K.,
826 1207 92 19 Redaktör,
926 1208 53 18 RVO,
988 1208 25 18 11;

573 1230 20 15 62
603 1230 42 19 (adr.
654 1230 112 19 Stockholm).

550 1254 90 18 Anderson,
655 1254 39 15 Carl
709 1254 64 19 Albert,
789 1254 80 16 Direktör
885 1255 48 19 [501],
948 1255 27 18 99;
991 1255 20 16 62

572 1277 43 19 (adr.
624 1278 111 19 Stockholm).

550 1301 74 19 Hanson,
633 1302 30 15 Per
672 1302 45 18 Olof,
729 1302 71 18 Pol.M.,
810 1302 93 19 Redaktör,
912 1303 25 18 18;
944 1303 20 15 62
970 1302 42 19 (adr.

571 1325 102 19 Vällingby).

550 1349 99 18 Johansson,
658 1349 49 15 Knut
715 1349 72 19 Brynolf
793 1350 69 18 Martin,
869 1350 142 18 Förbundsordf.,

574 1372 25 18 11;
608 1372 21 15 62
638 1372 42 19 (adr.
689 1372 133 19 Johanneshov).

550 1396 97 18 Holmberg,
655 1396 65 18 Yngve,
728 1396 46 18 J.K.,
784 1396 111 19 Partisekret.,
904 1397 26 18 25;
940 1397 20 15 62
967 1397 45 19 (adr.

572 1419 113 19 Stockholm).

550 1443 55 19 Kling,
618 1443 40 16 Erik
671 1443 81 19 Herman,
766 1443 76 16 Statsråd
854 1444 37 19 [48],
906 1444 24 18 13;
940 1444 20 15 62
969 1444 43 19 (adr.

572 1467 111 19 Stockholm).

513 1512 37 17 264
