1086 1580
485 55 104 21 Riksdagen

964 54 52 23 [148]

52 197 52 22 [148]

53 235 31 25 V.
108 235 255 30 RIKSDAGEN,
386 235 98 25 DESS
507 230 268 31 OMBUDSMÄN
797 236 83 25 OCH
903 236 110 25 VERK

226 314 110 22 Riksdagen

75 359 85 16 Riksdagen
168 359 41 16 skall,
217 359 5 13 i
229 359 39 13 kraft
276 363 18 9 av
301 359 45 13 rikets
353 359 117 16 regeringsform,
478 363 38 9 sam-

54 377 79 13 manträda
142 377 38 16 varje
189 377 16 13 år
214 377 29 13 den
253 377 17 13 10
278 377 57 16 januari
344 377 38 16 eller,
393 381 25 9 om
427 377 61 16 helgdag
497 377 19 13 då

54 395 71 16 inträffar,
135 395 47 16 dagen
191 395 66 13 därefter.
267 395 85 15 Riksdagen
361 395 36 13 skall
406 399 35 9 vara
450 395 66 13 avslutad

54 413 28 13 den
93 413 16 13 31
122 413 80 13 december.
216 413 35 13 1949
261 413 92 13 avskaffades
363 413 83 15 begreppen
457 413 59 15 lagtima

54 431 29 13 och
95 431 54 13 urtima
161 431 59 15 riksdag
233 430 29 13 och
273 433 61 11 ersattes
346 434 18 10 av
377 430 86 16 vårsession,
476 431 40 13 höst-

54 448 56 13 session
117 448 29 13 och
153 450 40 11 extra
200 449 59 12 session.
268 448 105 14 Vårsessionen
380 448 37 14 skall
424 449 5 13 i
436 448 39 16 regel
482 452 35 10 vara

54 466 67 13 avslutad
129 467 28 12 den
165 466 16 13 31
190 466 34 16 maj.

74 485 51 12 Första
135 484 91 13 kammarens
236 484 78 13 ledamöter
324 485 26 12 äro
362 484 26 13 150
398 484 36 13 eller
440 484 25 13 det
471 484 46 16 högre

54 502 25 16 tal,
92 506 33 9 som
137 502 85 13 föranledes
234 506 19 9 av
265 502 89 16 stadgandet
365 502 5 13 i
382 502 21 21 6$
417 502 5 13 1
433 506 14 9 o.4
454 502 62 13 mom.

42 508 162 36 riksdagsordningen
214 520 29 13 och
253 520 45 16 väljas
316 521 16 12 för
341 519 31 14 åtta
381 520 21 16 år,
412 520 66 13 räknade
484 520 33 13 från

54 538 29 13 och
97 538 34 13 med
144 537 57 16 januari
216 537 62 14 månads
291 538 53 15 början
356 537 31 14 året
398 538 33 13 näst
441 538 36 13 efter
487 538 29 16 det,

54 555 47 14 under
116 555 45 14 vilket
173 556 38 13 valet
221 556 42 15 skett,
275 559 18 10 av
304 555 92 16 landstingen
406 555 28 14 och
443 556 73 13 stadsfull-

54 573 65 16 mäktige
131 573 4 13 i
149 574 18 13 de
179 574 53 15 städer,
246 577 32 10 som
291 573 12 16 ej
317 574 57 15 deltaga
386 574 88 15 ilandsting.
488 574 29 13 För

53 591 24 13 val
90 591 22 14 till
126 591 52 13 Första
186 591 87 13 kammaren
281 592 17 12 är
306 591 38 13 riket
352 591 55 14 indelat
415 591 5 14 i
430 592 16 13 19
455 591 62 14 valkret-

53 613 28 9 sar.
95 609 95 13 Stockholms
203 609 33 13 stad
249 609 29 13 och
291 609 84 16 Göteborgs
389 609 33 14 stad
430 610 53 15 utgöra
491 613 26 10 var

53 627 16 13 för
85 627 22 16 sig
114 631 19 9 en
141 627 67 13 valkrets.
217 627 56 13 Annan
281 627 37 16 stad,
327 631 33 9 som
368 627 13 16 ej
388 627 128 16 deltager
450 617 16 31 i
465 627 51 16 lands-

53 645 35 16 ting,
107 645 50 13 tillhör
172 649 57 9 samma
244 645 63 13 valkrets
320 649 33 9 som
365 645 25 13 det
404 645 112 16 landstingsom-

53 663 40 15 råde,
106 663 31 13 vari
146 663 52 13 staden
207 663 40 13 förut
256 663 51 15 ingått.
317 663 95 16 Indelningen
421 663 5 13 i
437 663 80 13 valkretsar

54 680 80 14 innehålles
150 681 4 13 i
170 681 70 15 vallagen.
255 681 29 13 För
297 681 39 16 varje
349 681 62 13 valkrets
425 681 44 16 väljes
480 681 37 13 efter

54 698 106 16 folkmängden
176 699 41 13 inom
232 699 33 13 dess
278 698 61 14 område
351 702 18 10 en
382 699 101 16 riksdagsman
493 699 24 13 för

53 718 32 11 vart
100 716 33 13 fullt
148 716 25 14 tal,
188 717 104 13 motsvarande
302 717 30 15 2/,;,
343 720 18 10 av
370 717 45 13 rikets
424 717 91 16 folkmängd.

53 734 105 13 Valkretsarna
171 734 56 13 indelas
241 734 6 14 i
261 734 31 14 åtta
306 738 67 12 grupper,
384 734 48 14 vilken
442 735 74 16 indelning

53 752 78 13 fastställes
145 752 5 13 i
163 752 71 16 vallagen.
248 752 44 16 Varje
306 752 16 14 år
334 752 46 13 under
390 753 63 13 oktober
462 752 55 14 månad

54 770 37 13 skall
105 770 41 13 inom
159 774 19 9 en
192 774 18 9 av
223 770 66 14 nämnda
302 774 63 12 grupper
378 770 69 14 förrättas
461 771 23 13 val
493 771 23 13 för

53 788 100 16 nästföljande
167 788 111 16 åttaårsperiod.
293 788 30 13 Det
335 788 39 13 antal
386 788 101 16 riksdagsmän
499 789 18 13 de

54 806 72 13 särskilda
134 806 99 13 valkretsarna
239 806 43 13 skola
288 808 32 11 utse
327 806 87 13 bestämmes
420 807 45 15 enligt
472 810 45 9 ovan-

53 824 66 13 nämnda
132 827 43 10 norm
189 828 17 9 av
220 824 85 15 Konungen
318 825 32 12 vart
364 824 31 13 10:e
407 824 16 13 år
435 824 25 15 (K.
471 824 44 16 kung.

53 841 53 14 härom
119 841 24 16 ?"/;
157 841 46 16 1952),
214 841 40 14 dock
265 841 35 14 med
310 841 90 16 vidtagande
409 845 18 10 av
433 842 30 13 den
469 841 47 17 jämk-

53 859 40 16 ning,
105 863 33 10 som
149 859 84 14 föranledes
244 863 19 10 av
273 860 28 12 här
310 863 39 10 ovan
355 860 66 13 nämnda
428 859 8 14 6
441 860 7 16 $
454 860 9 13 4
470 864 45 9 mom.

53 881 19 9 av
81 877 152 16 riksdagsordningen
245 877 26 16 (K.
283 877 45 16 kung.
340 877 29 14 den
380 877 18 13 24
409 877 30 16 maj
452 878 35 13 1957
498 885 19 2 —

53 895 32 13 SFS
98 899 17 9 nr
129 895 27 13 162
168 903 19 2 —
198 895 29 13 enl.
239 895 49 13 vilken
299 895 112 16 sammanlagda
422 895 55 14 antalet
483 895 11 14 f.
501 899 14 10 n.

53 914 44 14 utgör
110 913 31 13 151.
152 913 64 13 Valbara
223 913 27 13 äro
257 913 5 13 i
270 913 115 13 kommunernas
393 913 74 13 allmänna
473 917 43 12 ange-

54 930 83 16 lägenheter
148 931 122 16 röstberättigade
281 932 35 12 män
327 931 29 13 och
365 931 68 16 kvinnor,
440 935 33 10 som
480 935 36 12 upp-

53 949 32 13 nått
92 949 18 13 23
118 948 23 14 års
149 948 44 14 ålder.

75 966 49 14 Andra
136 967 90 12 kammarens
238 966 78 13 ledamöter
328 967 42 13 skola
381 967 22 13 till
415 967 55 13 antalet
482 971 35 9 vara

53 984 28 13 230
90 984 35 13 eller
134 984 25 13 det
168 984 45 15 högre
223 984 19 13 tal
253 988 32 9 som
295 984 82 13 föranledes
387 988 19 9 av
415 984 87 15 stadgandet
512 985 4 12 i

55 1001 46 16 1583
109 1005 14 9 0.
131 1001 10 13 4
149 1005 46 9 mom.
203 1001 153 16 riksdagsordningen,
364 1001 43 14 valda
414 1001 24 14 för
444 1005 19 10 en
470 1002 21 13 tid
499 1006 18 9 av

53 1019 32 16 fyra
91 1019 21 16 år,
117 1019 66 13 räknade
188 1019 32 13 från
226 1019 28 13 och
260 1019 34 13 med
298 1019 58 16 januari
361 1019 62 14 månads
428 1019 53 16 början
486 1020 30 13 året

53 1037 33 13 näst
97 1037 37 13 efter
145 1037 28 15 det,
185 1037 47 13 under
242 1037 45 13 vilket
297 1037 38 13 valet
346 1037 42 13 skett.
400 1037 29 13 För
440 1038 43 13 dessa
493 1038 23 13 val

53 1055 16 12 är
77 1055 38 13 riket
123 1055 55 12 indelat
185 1055 5 12 i
198 1055 17 12 28
224 1055 84 13 valkretsar.
318 1055 29 13 För
354 1055 40 16 varje
401 1055 64 13 valkrets
472 1055 44 16 väljes

53 1072 36 14 efter
95 1072 106 16 folkmängden
207 1072 41 13 inom
255 1073 32 12 dess
294 1072 61 14 område
361 1077 18 8 en
386 1073 101 16 riksdagsman
493 1073 24 13 för

53 1092 31 11 vart
96 1090 33 13 fullt
141 1090 25 16 tal,
178 1090 104 13 motsvarande
295 1090 32 16 !/s30
339 1094 18 9 av
368 1090 45 14 rikets
425 1091 90 20 folkmängd.

45 1104 61 26 Rikets
122 1096 75 34 indelning
212 1108 5 13 i
233 1108 80 13 valkretsar
329 1108 79 13 innehålles
424 1108 5 13 i
445 1109 70 15 vallagen.

53 1125 44 16 Varje
107 1125 25 14 län
142 1127 43 14 utgör
195 1129 18 10 en
223 1126 68 15 valkrets,
302 1128 41 11 utom
354 1123 80 19 Älvsborgs
444 1126 29 16 län,
484 1130 32 10 som

53 1144 16 12 är
75 1143 50 14 delat
114 1139 13 26 i
132 1143 9 13 2
148 1144 60 15 kretsar,
215 1143 70 16 varjämte
292 1143 65 16 följande
364 1144 48 13 städer
419 1144 40 13 bilda
464 1148 25 9 var
494 1144 22 13 sin

53 1161 68 13 valkrets:
132 1161 13 15 1)
153 1150 92 33 Stockholm,
253 1161 16 16 2)
277 1161 63 16 Malmö,
348 1161 104 17 Hälsingborg,
461 1162 55 13 Lands-

53 1179 49 13 krona
111 1179 29 13 och
149 1179 48 16 Lund,
207 1179 14 15 3)
231 1179 81 16 Göteborg.
322 1179 30 14 Det
361 1179 40 13 antal
410 1179 106 16 riksdagsmän,

53 1196 40 16 varje
99 1197 64 13 valkrets
169 1197 34 15 äger
209 1198 37 14 utse,
252 1197 78 13 fastställes
336 1197 23 13 för
364 1197 39 16 varje
408 1197 108 16 fyraårsperiod

52 1218 19 9 av
80 1215 86 15 Konungen
176 1215 25 15 (K.
208 1215 45 15 kung.
260 1214 53 14 härom
321 1213 25 16 /;
354 1215 35 13 1956
398 1222 19 3 —
423 1215 32 13 SFS
465 1219 17 9 nr
490 1215 25 13 119

51 1239 20 3 —
80 1232 29 13 enl.
120 1232 48 13 vilken
175 1232 112 15 sammanlagda
294 1233 55 12 antalet
355 1233 44 15 utgör
405 1233 25 12 231
439 1233 23 13 för
469 1233 47 16 perio-

52 1250 29 13 den
95 1250 93 15 1957-1960).
201 1250 57 13 Valrätt
267 1250 89 13 tillkommer
365 1254 45 9 envar
419 1250 53 13 svensk
481 1255 35 9 man

53 1267 28 14 och
88 1267 59 16 kvinna,
155 1271 32 10 som
194 1270 49 11 senast
249 1268 46 13 under
302 1268 122 16 nästföregående
430 1268 86 14 kalenderår

52 1285 32 16 fyllt
94 1285 17 13 21
122 1285 21 16 år,
153 1285 39 14 dock
200 1285 12 16 ej
219 1286 33 15 den,
260 1289 33 10 som
299 1286 30 13 står
335 1286 47 13 under
388 1286 127 16 förmynderskap.

52 1303 64 13 Valbara
126 1304 26 12 äro
162 1304 35 12 män
204 1303 28 13 och
239 1303 68 16 kvinnor,
314 1307 32 10 som
353 1304 63 15 uppnått
422 1304 17 13 23
447 1304 23 13 års
476 1304 40 13 ålder

52 1323 38 11 samt
101 1322 28 15 äga
139 1321 52 13 valrätt
201 1321 42 13 inom
253 1321 83 13 valkretsen
342 1321 39 16 eller,
388 1322 27 13 där
421 1321 41 16 fråga
468 1323 16 12 är
491 1326 25 9 om

52 1339 37 15 stad,
95 1343 33 9 som
134 1339 48 13 består
189 1343 18 9 av
213 1339 35 13 flera
254 1339 85 16 valkretsar,
345 1339 41 13 inom
391 1339 50 16 någon
446 1343 18 10 av
469 1340 46 13 dessa.

73 1357 60 13 Genom
141 1361 18 9 en
168 1357 16 13 år
193 1357 34 13 1941
236 1357 77 16 företagen
321 1357 62 16 ändring
391 1357 4 13 i
403 1357 7 16 $
418 1357 18 14 30
444 1358 72 16 riksdags-

53 1375 81 15 ordningen
144 1375 26 13 har
179 1375 75 16 möjlighet
263 1375 54 13 beretts
326 1377 21 11 att
355 1376 24 12 vid
388 1375 32 16 krig
429 1376 34 13 eller
471 1376 45 15 krigs-

52 1393 33 13 fara
95 1393 80 15 uppskjuta
186 1393 23 13 val
220 1393 21 13 till
251 1393 82 16 riksdagen,
345 1393 40 14 såväl
395 1393 21 14 till
426 1393 47 14 första
483 1398 33 9 som

52 1411 47 13 andra
105 1411 91 13 kammaren.

74 1428 97 14 Gemensamt
184 1428 23 13 för
220 1428 40 13 båda
273 1428 87 14 kamrarnas
373 1429 81 13 ledamöter
467 1429 49 16 gäller,

52 1447 21 12 att
79 1446 204 17 riksdagsmannabefattning
289 1446 29 14 kan
324 1447 53 13 utövas
382 1447 52 13 endast
440 1451 18 9 av
464 1447 52 14 svensk

52 1464 101 16 medborgare.

574 312 28 13 Till
616 311 39 14 båda
668 311 78 14 kamrarna
760 312 26 13 ske
799 312 42 13 valen
855 312 34 13 med
902 312 112 16 proportionellt

553 329 56 14 valsätt.

573 348 80 13 Allmänna
666 347 23 14 val
702 347 21 14 till
736 347 52 14 Andra
801 347 86 14 kammaren
900 347 37 16 ägde
951 351 33 10 rum
998 347 17 14 år

554 365 35 14 1956
606 365 29 14 och
647 365 44 16 avsåg
703 365 72 16 perioden
789 366 95 13 1957—1960.
898 366 60 13 Genom
969 367 46 14 öppet

552 383 35 13 brev
598 383 29 14 den
633 383 18 13 28
658 383 37 16 april
703 383 36 14 1958
745 383 37 13 fann
788 383 81 14 emellertid
876 383 55 16 Kungl.
939 383 38 16 Maj:t
991 383 24 14 för

552 403 32 14 gott
595 403 21 12 att
626 401 27 16 jml
659 401 7 16 $
675 401 25 13 108
707 401 132 16 regeringsformen
845 403 38 12 samt
889 401 15 16 $$
911 401 8 13 3
926 401 29 14 och
961 402 8 13 5
988 402 26 13 riks-

552 419 119 16 dagsordningen
677 419 64 16 upplösa
747 419 46 13 andra
799 419 92 14 kammaren.
901 419 7 13 I
914 419 55 16 Kungl.
977 420 37 13 kun-

552 437 56 16 görelse
618 441 57 9 samma
684 437 29 16 dag
722 437 99 13 förordnades
827 441 25 9 om
859 441 29 12 nya
895 437 24 13 val
925 437 5 13 i
937 437 34 13 hela
977 437 38 14 riket

552 455 22 13 till
585 455 46 13 andra
642 455 91 16 kammaren,
747 455 40 13 vilka
793 455 88 13 förrättades
888 455 28 13 den
925 456 5 12 1
937 455 36 16 juni.
980 456 35 12 Den

552 473 64 15 nyvalda
623 473 46 13 andra
675 473 91 16 kammaren,
773 473 63 15 sålunda
843 473 34 13 vald
883 473 24 13 för
913 473 41 13 tiden
961 475 10 11 t.
975 477 14 9 o.
994 477 19 10 m.

560 491 37 33 ösa.
606 491 119 13 sammanträdde
737 491 28 13 den
778 491 16 13 18
800 491 32 16 juni
838 491 35 16 (den
879 491 30 13 s.k.
917 491 98 16 B-riksdagen

555 509 46 13 1958).

573 526 93 14 Beträffande
679 527 98 15 ersättningen
791 527 24 13 för
828 526 186 17 riksdagsmannauppdra-

553 546 30 14 gets
593 544 92 16 fullgörande
694 544 38 13 hava
742 544 108 14 bestämmelser
860 545 42 15 givits
912 545 4 13 i
926 548 18 10 en
955 549 18 9 av
983 545 31 13 Ko-

552 566 59 12 nungen
620 562 29 13 och
657 562 78 16 riksdagen
744 562 16 13 år
770 563 34 13 1941
814 562 64 14 samfällt
887 562 66 14 beslutad
963 563 51 16 stadga

552 580 29 13 den
591 580 16 13 21
621 580 36 13 febr.
671 580 34 13 1941
718 580 39 15 (SFS
766 584 18 9 nr
793 580 25 16 98)
824 581 34 12 med
870 581 41 12 ändr.
924 582 48 12 senast
985 581 29 13 den

553 598 18 13 24
585 598 29 16 maj
629 598 36 17 1957
679 598 23 16 (nr
716 598 37 16 170).
768 598 108 16 Riksdagsman
885 598 64 16 åtnjuter
959 599 56 13 arvode

552 616 33 13 från
601 616 28 13 och
645 616 34 13 med
694 616 28 13 den
738 616 33 16 dag,
787 616 19 13 då
821 616 30 13 han
864 618 41 14 tager
915 616 39 16 plats
964 617 4 12 i
978 617 36 13 riks-

553 634 47 15 dagen
614 634 21 13 till
650 634 28 13 och
692 634 34 13 med
740 634 29 13 den
780 634 33 16 dag,
825 634 18 13 då
855 634 159 16 riksdagsmannaupp-

553 652 50 15 draget
615 652 62 15 upphör.
694 652 66 13 Arvodet
771 653 59 15 utgöres
842 656 17 9 av
871 652 103 16 grundarvode
986 652 28 13 och

552 670 155 15 kostnadsersättning.
720 670 108 13 Grundarvode
840 670 42 15 utgår
893 670 34 13 med
935 670 50 16 12,000
992 670 21 13 kr.

552 688 24 13 för
586 687 20 14 år.
617 688 157 15 Kostnadsersättning
784 688 42 15 utgår
836 688 34 13 med
880 687 42 17 3,000
932 688 21 13 kr.
964 688 24 13 för
998 688 16 13 år

553 709 25 10 om
587 706 101 15 riksdagsman
698 707 16 12 är
723 706 50 13 bosatt
782 706 40 13 inom
832 708 23 11 ort
865 706 26 13 där
900 706 59 15 riksdag
969 706 45 13 hålles

553 725 38 12 samt
603 723 40 16 eljest
655 723 33 14 med
701 723 42 16 8,000
755 724 22 13 kr.
790 724 23 13 för
826 723 20 14 år.
859 723 109 16 Riksdagsman
980 724 34 15 äger

553 741 19 16 på
583 741 25 14 det
619 741 82 14 allmännas
712 741 83 14 bekostnad
807 741 66 16 företaga
884 745 41 10 resor
936 741 9 14 å
957 742 57 15 statliga

553 759 29 14 och
593 759 67 14 enskilda
671 759 81 16 järnvägar.
765 759 113 16 Riksdagsman,
891 763 33 10 som
936 760 17 13 är
965 760 49 13 bosatt

553 777 9 14 å
572 781 50 10 annan
632 779 23 12 ort
666 778 19 12 än
696 777 26 13 där
732 777 78 16 riksdagen
820 777 50 16 hålles,
881 778 34 15 äger
925 777 54 16 jämväl
989 778 25 13 vid

553 795 95 16 begagnande
661 799 18 9 av
693 797 46 11 annat
752 795 81 13 färdmedel
846 796 20 12 än
879 795 5 13 i
898 795 47 14 första
958 795 56 16 stycket

552 815 39 13 sagts
604 813 19 15 på
636 813 24 13 det
673 813 81 13 allmännas
767 813 83 13 bekostnad
862 817 32 9 resa
906 813 21 13 till
940 813 28 13 och
981 813 33 13 från

552 831 78 15 riksdagen
641 833 37 11 samt
689 831 46 13 under
745 831 85 13 sessionstid
841 831 53 13 mellan
905 831 109 16 riksdagsorten

553 849 28 13 och
588 849 80 13 hemorten.

573 866 113 16 Riksdagsman,
694 870 33 10 som
735 866 55 14 tillhört
797 867 78 15 riksdagen
882 866 44 13 minst
934 866 8 14 8
951 866 20 16 år,
979 867 34 15 äger

552 885 29 12 rätt
591 884 22 13 till
622 884 66 16 pension,
697 888 16 9 se
719 884 32 13 SFS
757 884 58 16 464/47,
822 885 57 15 507/51,
885 884 57 16 788/51,
949 883 43 17 96/54
999 888 14 10 o.

554 901 56 16 170/57.

573 920 91 13 Kamrarnas
672 920 55 13 talmän
735 919 55 14 erhålla
797 919 175 17 representationsbidrag
980 920 33 13 med

553 937 42 17 5,000
601 938 22 13 kr.
630 938 24 13 för
661 938 20 13 år.

660 983 89 19 FÖRSTA
761 986 143 16 KAMMAREN

709 1021 105 16 Stockholms
821 1022 39 15 stad

647 1051 126 19 (Mandattiden
783 1051 49 19 utgår
842 1051 18 16 år
873 1052 47 18 1961)

552 1081 81 19 Bergvall,
647 1081 45 16 John
706 1081 73 18 Helmer,
795 1081 64 18 Fil.M.,
874 1081 24 16 fd.
913 1081 100 19 Borgarråd,

576 1104 72 19 Talman,
656 1105 27 18 92;
692 1105 20 15 54
720 1105 42 18 (adr.
772 1105 112 18 Stockholm).

553 1128 65 19 Strand,
627 1129 41 15 Axel
677 1128 83 19 Wilhelm,
770 1128 185 19 Riksgäldsfullmäktig
964 1128 49 19 [211],

574 1153 57 15 Förste
645 1153 32 15 vice
691 1152 66 18 talman,
770 1152 27 18 93;
811 1152 20 15 54
845 1152 42 19 (adr.
901 1152 112 19 Stockholm).

552 1176 84 19 Branting,
652 1176 62 19 Georg,
729 1176 45 18 J.K.,
789 1175 86 19 Advokat,
891 1176 27 18 87;
934 1176 21 15 54
970 1176 42 19 (adr.

574 1199 111 19 Stockholm).

552 1223 76 18 Ewerlöf,
640 1223 48 16 Knut
699 1223 78 16 Gerhard
789 1223 68 18 (förutv.
869 1223 88 19 Statsråd),
969 1223 14 16 J.
996 1228 16 11 o.

574 1247 61 18 Fil.K.,
655 1247 85 18 Direktör,
760 1247 102 18 KmstkNO,
878 1247 55 18 KVO,
949 1247 27 18 90;
993 1247 20 15 54

574 1270 42 19 (adr.
626 1270 111 19 Stockholm).

552 1290 59 23 Åman,
629 1294 55 16 Oskar
701 1294 62 19 Valter,
782 1294 85 19 Direktör,
885 1294 28 19 05;
931 1294 21 16 54
970 1294 42 19 (adr.

574 1318 89 18 Enskede).

553 1342 55 15 Gärde
617 1342 89 18 Widemar,
716 1341 62 19 Ingrid,
785 1341 12 16 f.
805 1341 62 19 Gärde,
875 1342 44 18 J.K.,
927 1341 85 20 Advokat,

575 1366 26 18 12;
612 1366 21 15 54
643 1365 42 19 (adr.
696 1365 111 19 Stockholm).

552 1389 99 19 Lindström,
668 1389 39 16 Ulla
724 1389 75 19 Gunilla,
816 1389 11 16 f.
846 1389 73 19 Wohlin,
937 1389 75 16 Statsråd

576 1413 37 19 [48],
622 1413 27 18 09;
659 1413 20 15 54
688 1413 42 19 (adr.
739 1413 112 18 Stockholm).

553 1437 76 19 Aastrup,
642 1436 37 16 Nils
692 1437 66 15 Gustav
771 1436 48 19 Emil,
831 1436 80 16 Direktör
923 1436 48 19 [195],
984 1437 28 18 00;

575 1461 20 15 54
604 1460 42 19 (adr.
655 1460 111 19 Stockholm).

514 1506 36 18 259
