1042 1571
76 58 129 26 [188—192]

75 106 60 26 [188]
195 110 166 17 Västernorrlands
373 110 38 17 län.

73 140 89 21 Västberg,
172 141 55 20 Johan
242 141 77 19 Mauritz,
332 141 92 19 Redaktör,
437 141 12 15 f.
463 141 27 18 86;
505 140 21 16 28

97 163 43 21 (adr.
153 163 102 21 Sundsvall).

74 188 60 19 Rudén,
153 189 31 16 Per
203 189 88 19 Emanuel,
309 189 151 20 Hemmansägare,
474 189 10 15 f.
499 187 27 21 74;

99 213 22 15 28
133 210 42 21 (adr.
189 211 68 21 Backe).

75 235 88 20 Molander,
181 236 76 19 Helmer,
278 236 123 19 Ombudsman,

98 258 42 21 (adr.
154 259 59 20 Säbrå,
226 258 115 22 Härnösand).

74 283 98 19 Strindlund,
180 284 83 19 Gerhard,
270 284 146 21 Hemmansägare
422 281 53 23 [976],
481 284 11 16 f.
499 283 27 19 90;

99 308 22 16 28
135 306 42 21 (adr.
191 308 80 19 Skedom,
285 306 91 21 Sollefteå).

74 331 101 21 Bergström,
193 332 64 19 Petrus,
279 332 146 20 Hemmansägare
444 329 51 23 [976],
515 332 11 15 f.

99 356 28 18 81;
141 355 22 16 28
175 353 42 22 (adr.
231 356 93 18 Bäckland,
337 353 110 23 Nordingrå).

74 378 101 20 Sandström,
187 379 40 16 Nils
239 379 65 20 Victor,
317 380 82 15 Direktör
411 377 53 23 [976],
477 380 11 15 f.
499 378 27 20 74;

99 403 22 16 28
134 402 42 21 (adr.
189 402 82 22 Nyland).

74 423 67 22 Öhman,
154 427 40 16 Eric
207 427 59 19 Oscar,
280 427 92 19 Redaktör,
386 427 11 16 f.
408 427 27 19 86;
450 427 22 16 28
484 425 42 21 (adr.

99 449 103 21 Sundsvall).

74 473 70 21 Edberg,
157 474 50 20 Per
220 479 36 13 Jonas,
272 474 151 20 Hemmansägare,
437 474 11 15 f.
462 472 28 20 78;
504 473 22 16 28

98 496 42 21 (adr.
154 498 77 20 Borgsjö,
246 495 105 22 Erikslund).

74 521 97 19 Johansson,
187 522 39 15 Carl
243 522 58 18 Oscar,
315 521 107 19 Kamrerare,
436 521 11 16 f.
462 520 27 20 75;
504 521 22 16 28

98 544 43 20 (adr.
154 543 92 21 Sollefteå).

74 568 47 21 Berg,
134 569 52 15 Ernst
195 569 71 15 Gunnar
274 568 71 19 Harald,
355 567 171 22 Sågverksarbetare,

98 593 11 15 f.
123 592 28 19 86;
165 593 22 15 29
200 590 42 22 (adr.
256 593 86 18 Eriksdal,
355 590 70 22 Hovid).

75 635 60 26 [189]
215 639 113 21 Jämtlands
339 639 38 17 län.

75 668 77 19 Hedlund,
164 670 62 15 Paulus
242 669 74 23 Samuel,
329 669 108 16 Sekreterare
449 667 52 22 [790],
514 670 12 15 f.

100 692 28 20 78;
142 693 22 16 28
177 691 41 21 (adr.
232 694 58 18 Häste,
305 691 105 21 Östersund).

75 716 77 19 Hedlund,
164 717 66 15 Verner
239 717 80 19 Vilhelm,
329 715 199 22 Fattigvårdskonsulent

99 738 52 23 [531],
164 741 11 15 f.
189 740 28 19 83;
231 740 22 16 28
265 738 43 22 (adr.
321 737 106 23 Östersund).

75 764 80 19 Olofsson,
171 765 61 20 Johan,
245 765 146 20 Hemmansägare
404 762 52 23 [950],
474 765 11 15 f.
499 764 27 19 60;

99 788 22 16 28
133 786 43 22 (adr.
189 788 91 21 Digernäs,
294 786 94 22 Genvalla).

75 811 63 19 Olsson,
157 812 43 19 Nils,
219 812 151 20 Hemmansägare,
383 812 11 15 f.
409 810 27 20 73;
450 811 22 16 28
485 810 42 21 (adr.

99 836 139 20 Rödningsberg,
251 833 130 23 Trångsviken).

75 859 74 19 Persson,
162 860 36 18 Per,
214 860 146 20 Hemmansägare
372 857 53 22 [976],
438 859 11 16 f.
464 859 27 19 69;
505 859 22 16 28

98 881 42 21 (adr.
154 882 85 21 Trången,
253 881 67 23 Aspås).

75 927 61 24 [1990]
214 929 133 17 Västerbottens
359 929 37 17 län.

74 959 89 21 Sandberg,
176 960 42 16 Olof
229 960 56 20 Evert,
299 960 123 19 Lantbrukare,
439 960 11 16 f.
464 960 27 19 86;
505 960 22 16 28

98 982 43 21 (adr.
154 984 47 19 Böle,
217 982 64 21 Umeå).

74 1007 93 19 Lindmark,
176 1008 60 15 Ewald
246 1007 66 21 Eugén,
322 1008 146 20 Hemmansägare
475 1005 52 22 [976],

98 1032 11 15 f.
123 1031 28 19 85;
161 1031 22 16 28
192 1029 42 22 (adr.
243 1031 123 21 Drängsmark,
376 1029 151 23 Drängsmarkby).

75 1054 86 21 Lindberg,
180 1055 41 15 Elof
237 1055 82 19 Herman,
333 1055 92 19 Redaktör,
438 1055 12 15 f.
464 1055 27 18 91;
506 1055 21 16 28

98 1077 42 21 (adr.
154 1077 64 21 Umeå).

74 1102 94 18 Wikström,
187 1103 63 18 Anton,
270 1102 91 19 Redaktör,
381 1103 11 15 f.
409 1101 27 20 76;
451 1102 22 16 28
486 1100 41 22 (adr.

99 1124 103 21 Skellefteå).

75 1149 79 19 Wiklund,
171 1150 57 18 Adolf,
242 1150 118 15 Lantbrukare
372 1147 53 23 [950],
439 1150 10 15 f.
464 1149 27 19 59;
506 1150 21 15 28

98 1171 43 22 (adr.
154 1174 87 19 Brattfors,
255 1171 74 22 Öreälv).

74 1196 77 20 Näslund,
159 1198 37 23 Per
206 1197 61 21 Johan,
280 1198 152 20 Hemmansägare,
446 1197 11 15 f.
468 1197 27 19 86;
506 1197 21 16 28

98 1219 43 21 (adr.
155 1221 56 19 Åsele,
226 1218 111 22 Östernoret).

75 1244 79 19 Wiklund,
164 1245 55 20 Johan
232 1245 94 19 Bernhard,
336 1245 133 20 Distriktspolis,
479 1245 11 15 f.
499 1244 28 19 86;

99 1268 22 16 28
134 1266 42 22 (adr.
190 1267 68 22 Byske).

76 1313 60 23 [191]
217 1315 123 17 Norrbottens
353 1315 38 17 län.

75 1344 71 20 Nilsson,
164 1346 39 15 Nils
222 1346 47 18 Erik,
288 1346 147 20 Hemmansägare
451 1343 52 22 [976],
516 1346 11 15 f.

99 1369 28 18 66;
141 1369 22 16 28
176 1367 42 21 (adr.
231 1367 78 21 Antnäs).

75 1392 51 21 Hage,
145 1393 51 15 Ernst
217 1393 71 20 August,
308 1393 151 15 Distriktskamrer
475 1390 52 23 [605],

98 1417 12 15 f.
124 1415 28 20 76;
166 1416 22 16 28
200 1414 42 21 (adr.
256 1414 65 21 Luleå).

74 1439 98 20 Grapenson,
185 1440 49 15 Peter
243 1440 57 20 Jöran,
314 1440 124 15 Komminister
449 1437 53 22 [709],
517 1440 11 15 f.

100 1462 27 20 78;
142 1463 22 16 28
176 1461 43 21 (adr.
233 1462 98 21 Gällivare).

426 237 11 15 f.
457 236 27 18 92;
505 236 22 16 28

489 61 115 22 Riksdagen.

545 110 67 19 Dahlén,
624 112 52 20 Jonas
692 112 60 18 Petter,
767 111 130 19 Gruvarbetare,
910 111 11 16 f.
936 111 27 19 81;
977 111 23 15 28

568 133 43 21 (adr.
624 133 78 22 Kiruna).

546 158 102 20 Lundström,
662 159 62 16 Gustaf
734 159 71 19 Harald,
816 159 32 15 Fil.
856 159 30 19 M.,
894 159 86 19 Direktör,
989 159 7 15 f.

571 183 27 17 90;
613 183 22 16 28
647 181 43 21 (adr.
704 181 72 21 Boden).

546 206 80 21 Lövgren,
639 207 54 16 Oscar
702 206 88 20 Wilhelm,
804 207 93 19 Redaktör,
910 207 11 15 f.
935 206 28 19 88;
977 206 23 16 28

569 229 43 21 (adr.
625 231 77 20 Nyborg,
716 228 72 22 Boden).

546 253 72 22 Selberg,
637 254 63 16 Gustaf
716 255 93 18 Reinhold,
823 255 152 20 Hemmansägare,
989 254 11 15 f.

571 278 28 20 84;
613 278 22 16 28
647 276 43 22 (adr.
704 278 90 21 Svartbyn,
809 276 71 21 Boden).

547 328 60 25 [192]

546 360 142 28 Avlönings=
716 361 46 21 och
787 360 214 26 pensionsbestäm-

546 390 84 22 melser
652 390 39 22 för
708 390 233 27 befattningshavare
958 390 43 22 vid

654 420 149 26 Riksdagens
818 419 67 22 verk.

564 455 165 15 Avlöningsreglemente
738 456 17 11 är
763 458 19 9 av
790 455 77 15 riksdagen
876 456 60 14 antaget
944 455 28 13 den
983 455 16 12 18

545 472 32 16 juni
585 476 33 12 1921
628 472 95 16 (Riksdagens
729 472 69 13 skrivelse
804 476 18 9 nr
829 472 37 16 384).

564 490 45 13 Detta
619 490 165 16 avlöningsreglemente,
794 494 31 9 som
834 489 5 14 i
848 491 38 12 stort
895 491 29 12 sett
933 491 66 12 överens-

545 509 69 12 stämmer
620 508 33 13 med
659 508 168 16 avlöningsreglementet
833 508 23 13 för
861 508 138 16 statsdepartement

545 529 20 10 m.
570 526 16 13 fl.
592 526 40 15 verk,
638 526 85 12 tillhörande
728 526 28 12 den
762 525 42 14 civila
809 525 148 16 statsförvaltningen,
963 526 37 12 skall

546 544 27 15 äga
581 543 90 16 tillämpning
679 543 8 13 å
696 544 88 15 tjänstemän
791 543 25 13 vid
823 543 92 16 riksbanken,
923 543 77 16 riksgälds-

546 561 72 16 kontoret,
625 561 83 16 riksdagens
716 561 32 16 hus,
756 561 150 16 riksdagsbiblioteket
913 562 39 12 samt
958 561 42 16 justi-

546 579 25 13 tie-
581 579 28 13 och
616 579 278 16 militieombudsmansexpeditionerna.

564 597 75 13 Ordinarie
652 597 88 16 tjänstemän
754 597 69 13 tillsättas
836 597 31 13 dels
880 600 51 12 genom
944 597 55 13 förord-

546 615 54 15 nande,
608 614 31 13 dels
646 618 52 12 genom
705 614 69 13 fullmakt
782 614 34 13 eller
823 614 116 13 konstitutorial.

564 632 28 13 För
600 632 63 16 följande
671 632 103 16 befattningar,
782 632 46 13 vilkas
836 632 87 13 innehavare
931 632 69 13 tillsättas

546 653 52 13 genom
604 650 97 13 förordnande
708 650 19 16 på
734 650 29 13 viss
771 650 26 15 tid,
805 650 42 16 utgår
854 650 53 16 arvode,
915 650 22 13 för
945 650 16 13 år
967 650 33 13 räk-

546 670 30 13 nat,
586 668 33 13 med
628 668 111 13 nedannämnda
747 668 58 16 belopp:

546 691 107 13 verkställande
673 691 124 16 styrelseledamot

564 709 65 13 bankens
648 709 137 16 avdelningskontor
803 709 5 12 i

818 691 25 13 vid
863 691 36 13 riks-

826 709 74 16 Göteborg

555 717 43 33 eller
608 717 53 33 Malmö
667 717 28 33 =.
710 736 4 4 s
729 737 39 3 «sc
784 736 39 4 ss»
828 717 13 33 os
856 736 3 4 +
875 736 3 4 +
893 737 3 3 +
918 717 50 33 15,000
970 717 30 33 kr.

546 745 107 13 verkställande
670 744 124 17 styrelseledamot
811 744 25 13 vid
854 746 45 11 annat

564 763 95 13 riksbankens
669 763 137 15 avdelningskontor
838 772 4 4 =.
856 772 4 3 .
875 772 3 3 .
893 772 3 3 .
919 766 49 12 12,000
986 766 5 8 »

565 792 28 13 För
602 792 193 16 byråchefsbefattningarna
804 792 25 12 vid
837 791 62 16 justitie-
908 792 27 12 och
943 791 57 13 militie-

547 810 225 16 ombudsmansexpeditionerna,
781 809 46 13 vilkas
836 809 87 13 innehavare
932 809 68 13 tillsättas

547 831 51 12 genom
605 827 96 13 förordnande
709 827 29 13 tills
745 827 54 16 vidare,
807 827 42 16 utgår
855 827 53 16 arvode,
916 827 23 13 för
946 827 16 13 år
968 827 32 13 räk-

547 847 30 14 nat,
587 845 33 13 med
629 845 37 16 lägst
676 848 49 13 10,500
734 845 53 13 kronor
796 845 26 13 och
832 845 42 16 högst
884 849 50 12 11,940
942 845 58 13 kronor.

565 863 98 16 Tjänstemän,
672 867 31 9 som
712 863 68 13 tillsättas
788 867 52 12 genom
848 863 68 13 fullmakt
924 863 33 13 eller
965 863 35 13 kon-

547 881 84 15 stitutorial,
641 882 25 12 äro
676 881 73 13 fördelade
759 881 19 16 på
789 885 17 11 30
815 881 89 15 lönegrader.

566 899 6 12 I
585 899 116 13 statskalendern
713 900 25 12 äro
751 900 74 15 upptagna
839 899 116 16 tjänstemännen
967 898 32 13 från

547 917 27 13 och
583 917 34 12 med
628 917 29 12 16:e
667 916 90 16 lönegraden.

565 934 27 13 Till
600 934 18 13 de
625 934 70 13 särskilda
702 934 104 16 lönegraderna
812 934 73 13 hänföras:

565 952 28 13 Vid
602 952 65 13 riksbank
705 953 30 12 16:e
751 952 90 16 lönegraden:
851 952 39 13 vissa
899 951 102 14 kammarskri-

547 974 38 11 vare;
596 973 35 12 17:e:
644 970 46 13 kanslist
719 970 27 13 och
755 970 39 13 vissa
803 969 130 13 kammarskrivare
941 969 25 13 vid
975 970 26 12 hu-

547 988 98 13 vudkontoret
660 989 38 11 samt
714 988 6 12 i
730 988 73 15 Göteborg
813 988 27 12 och
850 987 58 16 Malmö;
920 987 35 13 18:e:
965 987 35 16 regi-

546 1007 70 12 stratorer
648 1005 13 13 vid
674 1005 154 16 avdelningskontoren
842 1007 41 11 utom
892 1005 73 16 Göteborg
974 1005 27 13 och

547 1023 58 16 Malmö;
622 1027 18 9 20:e:
676 1023 65 13 kassörer
754 1023 24 13 vid
791 1027 55 9 samma
858 1023 143 16 avdelningskontor;

547 1045 37 9 22:a:
599 1041 69 15 aktuarie,
684 1041 93 16 kontrollant,
792 1041 75 15 arkivarie,
882 1041 89 15 registrator,
980 1044 21 9 re-

547 1059 43 15 visor,
599 1059 54 16 kassör,
661 1059 99 13 föreståndare
767 1059 23 13 för
797 1058 113 16 sedelräknings-
918 1059 27 12 och
952 1060 49 14 mynt-

547 1077 185 15 räkningsavdelningarna,
744 1077 114 15 korrespondent
869 1078 38 11 samt
918 1076 84 13 bokhållare

547 1095 25 12 vid
580 1095 118 12 huvudkontoret
706 1095 69 12 ävensom
783 1094 59 15 revisor,
850 1094 88 16 registrator,
947 1094 55 13 korres-

547 1112 69 16 pondent,
626 1112 50 13 kassör
685 1112 26 13 och
722 1112 83 13 bokhållare
814 1112 4 12 i
828 1112 73 16 Göteborg
910 1112 27 13 och
947 1111 53 14 Malmö

547 1132 38 11 samt
606 1130 81 13 kamrerare
703 1130 26 13 vid
745 1130 39 13 vissa
800 1129 143 16 avdelningskontor;
965 1133 36 12 24:e:

547 1148 38 13 vissa
593 1148 81 13 kamrerare
681 1148 26 13 vid
714 1148 120 13 huvudkontoret
841 1149 38 11 samt
887 1148 82 12 kamrerare
976 1147 25 13 vid

547 1166 38 13 vissa
600 1166 142 15 avdelningskontor;
757 1166 35 12 26:e:
812 1166 92 15 sekreterare,
922 1165 80 13 statistiker

547 1184 26 12 och
585 1184 38 12 vissa
635 1184 80 12 kamrerare
726 1183 25 13 vid
763 1183 118 13 huvudkontoret
893 1185 38 11 samt
945 1183 56 13 kamre-

546 1205 32 9 rare
591 1201 5 13 i
609 1201 73 16 Göteborg
694 1201 27 13 och
734 1201 58 16 Malmö;
812 1205 21 12 30:e:
865 1201 136 13 bankosekreterare

547 1219 27 13 och
587 1219 95 13 ombudsman
695 1220 38 12 samt
746 1219 148 13 bankokommissarie
906 1219 25 13 vid
944 1219 56 13 huvud-

547 1237 73 13 kontoret.

565 1255 28 12 Vid
609 1254 132 16 riksgäldskontoret:
759 1255 30 12 16:e
805 1254 27 13 och
850 1257 31 12 17:e
894 1254 107 16 lönegraderna:

547 1272 134 16 kammarskrivare;
695 1276 36 9 22:a:
745 1272 60 16 notarie,
819 1272 54 15 kassör,
886 1272 80 13 statistiker
974 1272 27 13 och

547 1290 84 13 bokhållare
640 1291 38 12 samt
688 1290 60 15 revisor;
761 1291 36 12 26:e:
811 1290 92 15 sekreterare,
914 1290 86 15 kamrerare;

548 1311 35 13 27:e:
593 1308 109 16 byrådirektör,
711 1308 45 13 förste
767 1308 59 15 revisor;
838 1311 35 12 30:e:
884 1307 117 16 riksgäldssekre-

548 1327 46 12 terare
600 1326 27 13 och
634 1326 95 13 ombudsman
739 1327 38 11 samt
786 1325 174 16 riksgäldskommissarie.

566 1344 27 12 Vid
609 1343 143 16 riksdagsbiblioteket:
768 1347 32 9 21:a
815 1343 91 16 lönegraden:
918 1347 22 9 2:e
951 1343 50 13 biblio-

548 1361 46 13 tekarie;
615 1365 8 9 2.
660 1365 21 9 1:e
689 1361 104 16 bibliotekarie;
821 1365 16 9 30:e:
845 1360 139 14 överbibliotekarie.

566 1379 27 13 Vid
605 1378 249 17 justitieombudsmansexpeditionen:
868 1379 31 12 26:e
910 1378 91 16 lönegraden:

547 1397 93 13 sekreterare.

565 1414 29 13 Vid
604 1413 247 17 militieombudsmansexpeditionen:
866 1417 32 13 24:e
907 1413 94 16 lönegraden:

547 1432 119 16 byråintendent.

566 1450 23 12 Av
593 1450 19 12 de
620 1450 26 12 här
650 1450 75 16 upptagna
733 1449 102 16 lönegraderna
840 1449 62 13 omfatta
913 1450 53 15 16—19
977 1453 25 9 en-

547 1471 28 9 var
581 1470 8 13 5
596 1467 27 13 och
630 1471 54 12 20—30
690 1471 45 9 envar
746 1471 9 12 4
762 1467 91 13 löneklasser.
868 1466 104 17 Uppflyttning
979 1467 22 12 till

520 1510 34 16 154
