1052 1580
79 58 132 26 [142—143]

484 62 117 23 Riksdagen.

80 251 61 25 [142]

98 290 49 35 V.
196 288 292 48 Riksdagen,
520 289 111 37 dess
663 289 329 39 Ombudsmän

413 343 90 36 och
534 343 140 37 Verk.

234 421 145 27 Riksdagen.

97 474 67 16 Lagtima
175 474 60 16 'riksdag
247 474 43 16 skall,
301 474 5 13 i
317 474 41 13 kraft
370 478 19 9 av
400 474 46 13 rikets
458 474 79 16 regerings-

78 492 44 16 form,
131 492 110 13 sammanträda
251 492 42 16 varje
303 492 17 13 år
329 492 28 13 den
369 496 17 9 10
395 492 60 17 januari
463 492 40 17 eller,
513 496 24 10 om

78 510 63 16 helgdag
149 510 20 13 då
178 510 74 16 inträffar,
261 510 48 16 dagen
318 510 70 14 därefter.

97 528 50 14 Första
158 528 88 13 kammarens
257 528 74 13 ledamöter
342 530 26 11 äro
380 532 26 12 150
417 529 28 12 och
456 528 47 17 väljas
515 528 23 13 för

79 546 32 13 åtta
121 546 22 16 år,
151 546 65 13 räknade
225 546 33 13 från
268 546 27 13 och
304 546 34 13 med
347 546 59 17 januari
414 547 62 12 månads
485 546 52 16 början

78 564 32 13 året
119 565 34 12 näst
161 564 39 13 efter
207 564 32 16 det,
247 564 48 13 under
302 564 47 13 vilket
358 564 40 13 valet
407 564 45 16 skett,
461 568 20 9 av
489 564 48 13 lands-

78 582 58 16 tingens
152 582 82 13 ledamöter
248 582 28 13 och
288 582 134 16 stadsfullmäktige
434 582 5 13 i
452 583 18 12 de
483 582 55 16 städer,

78 604 32 9 som
121 600 14 17 ej
146 600 60 16 deltaga
217 600 5 13 i
233 599 80 17 landsting.
330 600 29 13 För
368 600 24 13 val
404 600 24 13 till
435 600 52 13 Första
497 600 40 13 kam-

78 622 50 9 maren
141 619 17 12 är
169 618 40 13 riket
221 618 56 13 indelat
290 618 5 13 i
309 622 17 12 19
340 618 87 13 valkretsar.
445 618 92 13 Stockholms

78 636 34 13 stad
119 636 28 13 och
155 636 82 16 Göteborgs
244 636 34 13 stad
286 637 53 15 utgöra
347 640 27 9 var
381 636 23 13 för
411 636 23 16 sig
441 640 18 9 en
467 636 70 13 valkrets.

78 654 53 13 Annan
139 654 40 16 stad,
187 657 32 10 som
227 654 13 16 ej
249 653 66 17 deltager
322 654 6 12 i
335 654 80 16 landsting,
423 654 51 13 tillhör
481 658 56 9 samma

78 672 65 13 valkrets
154 675 32 10 som
197 672 25 13 det
233 672 147 16 landstingsområde,
391 672 33 13 vari
434 672 52 13 staden
497 672 41 13 förut

77 689 54 17 ingått.
149 690 42 13 Flera
204 689 152 16 landstingsområden
369 690 50 13 kunna
431 690 107 13 sammanföras

78 707 5 13 i
95 711 19 9 en
126 707 70 16 valkrets;
211 711 34 9 men
258 708 13 16 ej
284 708 25 12 må
321 707 142 16 landstingsområde
476 708 40 13 delas
529 707 8 13 å

77 725 48 13 skilda
137 725 87 13 valkretsar.
241 725 95 16 Indelningen
348 726 5 12 i
365 726 82 12 valkretsar
457 725 80 14 innehålles

77 743 5 13 i
94 743 71 16 vallagen.
182 743 29 13 För
221 744 42 15 varje
273 743 66 13 valkrets
350 743 46 17 väljes
407 744 38 12 efter
455 744 82 15 folkmäng-

78 761 28 13 den
117 761 41 13 inom
168 761 33 13 dess
212 761 60 13 område
283 765 18 9 en
311 761 102 16 riksdagsman
424 762 24 12 för
458 763 34 11 vart
503 762 34 12 fullt

78 779 27 16 tal,
110 779 104 13 motsvarande
220 778 30 17 1/15o
255 783 19 9 av
279 779 47 13 rikets
332 779 90 16 folkmängd.
433 779 104 13 Valkretsarna

77 797 56 13 indelas
141 797 5 13 i
154 797 32 13 åtta
193 801 69 12 grupper,
268 797 50 13 vilken
325 797 75 16 indelning
407 797 80 13 fastställes
494 797 5 13 i
507 797 31 13 val-

78 815 47 16 lagen.
140 815 44 16 Varje
193 815 16 13 år
217 815 47 13 under
272 815 83 16 september
363 815 54 13 månad
425 815 38 13 skall
470 815 41 13 inom
519 819 18 9 en

78 836 19 9 av
105 833 65 13 nämnda
178 836 64 13 grupper
249 833 71 13 förrättas
328 833 25 13 val
361 833 23 13 för
392 833 98 16 nästföljande
499 833 38 13 åtta-

78 850 80 17 årsperiod.
176 851 30 13 Det
220 850 42 14 antal
273 851 102 16 riksdagsmän
389 851 18 13 de
420 851 73 13 särskilda
507 851 30 13 val-

78 869 77 13 kretsarna
169 869 41 13 skola.
224 870 33 12 utse
272 869 88 13 bestämmes
374 869 46 16 enligt
434 869 103 13 ovannämnda

78 890 42 10 norm
130 891 19 9 av
160 887 82 16 Konungen
252 888 35 12 vart
298 891 30 9 10:e
339 887 16 13 år
366 887 24 16 (K.
402 887 44 16 kung.
456 887 51 13 härom
514 886 23 17 18/7

79 905 47 16 1931).
145 905 71 13 Ledamot
229 908 19 10 av
262 905 52 13 Första
328 905 90 16 kammaren,
431 909 32 9 som
476 905 32 13 icke
521 906 17 12 är

78 923 50 13 bosatt
137 923 8 13 å
153 924 29 15 ort,
191 923 27 13 där
224 923 61 16 riksdag
292 923 51 16 hålles,
352 923 66 16 åtnjuter
425 927 19 9 av
452 923 86 13 statsmedel

78 941 94 13 resekostnad
180 941 24 13 till
210 941 26 13 och
243 941 33 13 från
283 941 78 16 riksdagen
369 941 46 16 jämte
422 942 22 12 ett
452 941 85 16 dagtrakta-

78 960 50 12 mente
139 962 19 9 av
170 962 17 12 25
200 959 23 13 kr.
235 959 23 13 för
269 959 63 13 vardera
343 963 43 9 resan
397 960 39 12 samt
448 960 23 12 ett
483 960 54 12 arvode

78 977 47 13 under
132 977 78 16 riksdagen
219 980 19 10 av
246 981 43 12 4,000
298 977 22 13 kr.
334 977 53 13 Annan
395 977 65 13 ledamot
469 981 19 9 av
497 977 40 13 kam-

78 998 50 9 maren
141 995 67 16 åtnjuter
219 995 55 13 arvode
286 998 20 9 av
319 998 41 12 3,000
373 995 22 13 kr.
413 995 78 16 Därjämte
504 996 34 15 äger

76 1012 107 16 riksdagsman,
192 1016 32 9 som
233 1013 47 12 under
288 1012 61 16 lagtima
357 1013 60 16 riksdag
425 1013 38 13 efter
472 1013 65 16 beviljad

77 1030 65 16 ledighet
156 1030 62 13 besöker
229 1031 81 15 hemorten,
324 1032 23 11 att
360 1034 19 9 av
392 1031 86 13 statsmedel
491 1031 46 13 undfå

77 1048 83 16 ersättning
171 1048 24 13 för
205 1048 47 13 därav
263 1048 78 13 föranledd
352 1048 100 17 resekostnad,
464 1049 38 12 dock
514 1049 23 12 för

78 1066 43 16 högst
133 1070 7 12 5
152 1070 40 9 resor
201 1066 39 13 fram
251 1066 27 13 och
289 1066 37 14 åter.
342 1066 64 13 Valbara
417 1068 26 11 äro
454 1067 5 12 i
470 1067 66 13 kommu-

78 1087 52 10 nernas
144 1084 75 13 allmänna
232 1084 121 16 angelägenheter
365 1084 124 16 röstberättigade
502 1086 35 12 män

77 1102 28 13 och
115 1102 69 16 kvinnor,
193 1106 32 9 som
234 1102 65 16 uppnått
309 1105 16 13 35
336 1102 24 13 års
369 1102 45 13 ålder.

96 1120 50 13 Andra
154 1120 88 13 kammarens
249 1120 74 13 ledamöter
330 1121 27 12 äro
365 1124 31 12 230,
405 1120 44 13 valda
457 1120 24 13 för
488 1124 18 9 en
514 1120 23 13 tid

77 1141 20 9 av
105 1138 33 16 fyra
147 1138 21 16 år,
176 1138 65 13 räknade
248 1138 33 13 från
290 1139 27 12 och
326 1138 33 13 med
368 1138 59 16 januari
434 1138 61 13 månads
504 1138 33 13 bör-

77 1156 26 16 jan
113 1156 32 13 året
154 1157 34 12 näst
198 1156 38 13 efter
245 1156 31 16 det,
285 1156 48 13 under
342 1156 47 13 vilket
399 1156 40 13 valet
448 1156 45 13 skett.
509 1156 29 13 För

77 1173 43 14 dessa
126 1173 25 14 val
157 1175 18 12 är
179 1174 39 13 riket
224 1174 56 13 indelat
287 1174 5 13 i
300 1174 16 13 28
324 1174 87 13 valkretsar.
423 1174 29 13 För
458 1174 42 16 varje
506 1174 31 13 val-

77 1192 41 13 krets
123 1191 47 17 väljes
176 1192 38 13 efter
218 1192 104 16 folkmängden
327 1192 41 13 inom
374 1192 32 13 dess
412 1192 59 13 område
477 1196 18 9 en
500 1192 37 13 riks-

77 1209 71 16 dagsman
141 1205 33 26 för
178 1205 32 26 vart
217 1210 34 13 fullt
256 1210 26 16 tal,
286 1210 104 13 motsvarande
394 1209 29 16 !/2s0
428 1210 67 13 avrikets
500 1210 37 13 folk-

77 1227 60 16 mängd,
152 1227 52 13 Rikets
213 1227 75 16 indelning
297 1228 5 12 i
311 1228 83 13 valkretsar
402 1228 81 13 innehålles
492 1228 5 12 i
506 1228 31 12 val-

78 1245 47 16 lagen.
138 1245 44 16 Varje
189 1245 24 13 län
220 1246 44 15 utgör
270 1249 18 9 en
295 1245 70 17 valkrets,
372 1247 42 12 utom
422 1244 79 17 Älvsborgs
507 1245 30 16 län,

77 1267 32 9 som
117 1264 17 12 är
141 1263 40 13 delat
188 1263 5 13 i
201 1267 8 9 2
217 1263 63 16 kretsar,
287 1263 74 17 varjämte
368 1263 64 17 följande
440 1264 50 13 städer
496 1263 41 14 bilda

78 1285 27 9 var
112 1281 22 13 sin
142 1281 71 13 valkrets:
222 1281 13 16 1)
244 1281 91 16 Stockholm,
343 1282 14 16 2)
366 1282 59 15 Malmö,
434 1282 103 16 Hälsingborg,

78 1299 96 13 Landskrona
185 1299 28 13 och
224 1299 48 16 Lund,
285 1299 13 17 3)
311 1299 79 16 Göteborg.
407 1300 29 12 Det
448 1300 42 13 antal
499 1300 38 12 riks-

77 1317 76 16 dagsmän,
162 1317 42 17 varje
212 1317 66 13 valkrets
287 1318 35 15 äger
330 1319 38 15 utse,
376 1317 80 14 fastställes
465 1318 23 12 för
496 1318 41 16 varje

78 1335 109 16 fyraårsperiod
196 1339 19 9 av
225 1335 81 16 Konungen
316 1335 25 17 (K.
350 1336 44 16 kung.
403 1336 52 13 härom
460 1335 24 16 22/s
490 1336 47 16 1936).

96 1353 50 13 Andra
156 1353 93 13 kammarens
258 1353 82 13 ledamöter
349 1354 59 15 åtnjuta
419 1357 56 9 samma
484 1355 53 11 ersätt-

77 1370 36 16 ning
124 1374 32 10 som
168 1371 53 13 Första
232 1371 97 13 kammarens.
347 1378 19 2 —
378 1371 58 13 Valrätt
448 1371 90 13 tillkommer

78 1392 46 9 envar
132 1389 54 13 svensk
194 1393 35 9 man
237 1389 28 13 och
274 1389 61 16 kvinna,
344 1393 32 9 som
384 1391 50 11 senast
442 1389 47 13 under
497 1390 40 12 näst-

77 1406 87 16 föregående
176 1407 87 12 kalenderår
274 1407 35 16 fyllt
321 1411 17 12 23
351 1407 22 16 år,
384 1407 38 13 dock
434 1407 13 16 ej
460 1407 33 15 den,
506 1411 31 9 som

77 1424 33 13 står
120 1424 47 13 under
177 1424 122 17 förmynderskap
310 1424 35 14 eller
356 1426 17 12 är
383 1425 5 13 i
399 1425 138 16 konkurstillstånd,

78 1442 13 16 ej
100 1442 46 13 heller
153 1442 34 16 den,
195 1446 32 9 som
234 1443 18 12 är
259 1446 20 9 av
287 1442 74 14 allmänna
369 1443 100 15 fattigvården
477 1443 60 13 omhän-

77 1460 71 16 dertagen
160 1460 24 13 för
195 1460 69 16 varaktig
276 1460 93 17 försörjning.
388 1461 64 13 Valbara
464 1462 26 11 äro
502 1462 34 11 män

78 1478 27 12 och
115 1478 69 16 kvinnor,
194 1482 31 9 som
235 1478 65 17 uppnått
310 1482 16 12 25
337 1478 24 13 års
371 1478 41 13 ålder
421 1480 38 12 samt
469 1480 28 15 äga
506 1478 31 14 val-

552 422 31 12 rätt
592 421 40 14 inom
642 421 83 14 valkretsen
735 422 41 16 eller,
786 423 27 12 där
822 422 41 16 fråga
873 424 17 12 är
898 427 25 9 om
932 423 39 16 stad,
978 427 32 9 som

553 439 49 13 består
611 443 19 9 av
639 440 37 12 flera
685 440 88 16 valkretsar,
781 440 41 13 inom
831 441 48 15 någon
889 444 19 10 av
917 441 47 13 dessa.

570 457 30 13 Till
612 457 39 14 båda
665 458 78 13 kamrarna
756 459 26 12 ske
796 459 43 12 valen
852 459 34 13 med
897 459 113 16 proportionellt

553 475 60 13 valsätt.

570 493 79 13 Allmänna
658 493 24 13 val
691 493 24 13 till
722 494 51 13 Andra
781 494 85 13 kammaren
875 494 54 13 skedde
937 495 50 12 senast
994 494 16 13 år

554 512 40 15 1936,
604 511 41 13 vilka
655 511 25 13 val
689 511 38 17 gälla
736 512 23 13 för
768 512 70 16 perioden
849 515 95 14 1937—1940.

673 552 75 18 Första
762 553 122 18 kammaren.

692 583 116 18 Stockholms
819 584 48 18 stad.

634 612 126 22 (Mandattiden
773 614 49 21 utgår
834 614 19 17 år
867 614 58 22 1945.)

553 643 80 21 Hagman,
646 644 46 15 Emil
705 644 62 20 Oskar,
780 643 87 22 Byråchef
873 642 41 23 [88],
926 645 12 16 f.
948 645 28 19 80;
986 645 22 16 38

576 666 42 21 (adr.
632 666 100 21 Ulvsunda).

553 690 88 20 Wistrand,
653 692 43 16 Karl
705 692 94 19 Knutsson,
809 692 24 16 fd.
843 692 82 17 Direktör
934 690 53 23 [976],
996 693 12 16 f.

577 715 28 19 89;
619 715 22 16 38
653 714 43 21 (adr.
710 714 112 22 Stockholm).

552 738 61 20 Ström,
626 740 40 15 Otto
679 740 78 20 Fredrik,
767 740 89 16 Redaktör
864 738 53 23 [501],
927 741 10 15 f.
947 740 29 20 80;
985 740 23 16 38

576 761 43 21 (adr.
632 762 100 21 Ulvsunda).

552 786 76 19 Ewerlöf,
641 787 48 16 Knut
706 787 83 20 Gerhard,
805 788 24 15 fd.
846 786 96 23 Borgarråd
954 785 54 23 [968],

576 811 12 16 f.
601 811 28 19 90;
644 811 22 16 38
678 809 43 22 (adr.
734 809 113 22 Stockholm).

553 834 81 19 Carlsson,
648 835 45 19 Olof,
710 835 23 16 fd.
751 836 153 19 Förtroendeman,
917 836 12 15 f.
944 834 28 21 72;
986 835 22 17 38

576 857 42 21 (adr.
632 857 113 22 Stockholm).

553 881 57 20 Gärde,
616 883 87 21 Johannes
712 883 90 20 Natanael,
812 883 24 16 fd.
843 882 98 22 Justitieråd
950 881 29 23 [72
987 881 21 22 al,

577 907 11 16 f.
602 907 28 19 80;
644 907 22 16 38
679 905 42 22 (adr.
735 905 112 22 Stockholm).

552 930 86 21 Branting,
656 931 63 21 Georg,
737 931 15 21 J.
771 931 29 20 K.,
819 931 86 20 Advokat,
918 932 12 15 f.
943 930 29 20 87;
986 931 22 16 38

576 953 42 22 (adr.
632 953 113 22 Stockholm).

552 974 56 23 Öman,
627 979 43 19 Ivar,
690 979 88 16 Redaktör
793 976 53 23 [976],
862 979 11 16 f.
887 979 28 19 00;
930 979 22 16 38
965 976 43 23 (adr.

576 1001 112 22 Stockholm).

551 1025 67 20 Strand,
630 1027 44 15 Axel
687 1026 88 20 Wilhelm,
788 1027 66 16 Kassör
866 1024 41 23 [88],
921 1027 11 16 f.
946 1027 28 19 93;
985 1026 22 17 38

575 1048 43 22 (adr.
631 1048 112 22 Stockholm).

551 1073 99 20 Nordenson,
662 1075 72 19 Harald,
751 1074 82 17 Direktör
845 1072 53 23 [950],
917 1075 12 16 f.
942 1074 29 20 86;
985 1074 22 17 38

575 1096 43 21 (adr.
631 1096 112 22 Stockholm).

552 1121 84 20 Karlsson,
657 1122 42 16 Karl
718 1123 73 20 August,
804 1122 204 20 Förbundsordförande,

575 1147 12 15 f.
601 1146 27 19 86;
643 1146 22 16 38
677 1144 42 22 (adr.
733 1144 112 22 Stockholm).

552 1169 52 20 Ohlin,
617 1170 53 16 Bertil
683 1170 89 19 Gotthard,
788 1170 88 16 Professor
887 1167 53 23 [820],
953 1170 12 16 f.
979 1170 28 19 99;

577 1194 22 16 38
611 1192 43 22 (adr.
668 1192 112 22 Stockholm).

553 1238 130 24 [143—144]

600 1270 115 17 Stockholms
727 1270 33 17 län
772 1270 33 18 och
820 1270 85 23 Uppsala
917 1270 39 19 län.

632 1299 126 22 (Mandattiden
771 1300 49 22 utgår
833 1300 19 17 år
866 1299 58 23 1946.)

552 1330 63 19 Möller,
632 1331 46 15 Fritz
691 1331 69 20 Gustav,
774 1330 77 17 Statsråd
863 1329 40 23 [48],
917 1332 11 16 f.
942 1331 28 20 84;
985 1331 22 17 89

575 1353 43 21 (adr.
631 1353 113 21 Stockholm).

552 1377 85 20 Forslund,
654 1379 87 20 Johannes
758 1379 67 19 Albert,
838 1377 68 21 (förutv.
919 1377 88 21 Statsråd),

576 1403 24 15 fd.
614 1403 48 16 Ordf.
680 1403 4 15 i
698 1403 206 21 Landsorganisationen,
917 1403 12 16 f.
942 1403 29 20 81;
985 1403 22 16 39

576 1424 43 22 (adr.
632 1425 81 22 Spånga).

552 1449 99 20 Beck-Friis,
670 1451 40 16 Carl
729 1450 79 21 Sigvard,
827 1450 54 20 Frih.,
899 1450 108 21 Bruksägare

576 1472 52 22 [968],
641 1475 11 15 f.
666 1474 28 20 86;
708 1475 22 15 39
743 1473 43 21 (adr.
799 1473 60 22 Harg).

523 1521 34 16 180
