1254 1902
74 48 58 18 5—5b
584 48 111 24 Riksdagen

146 139 142 36 Riksdagen
741 145 140 20 Partiställningen
888 145 5 15 i
900 145 85 20 riksdagen

1014 182 46 14 Antal
1067 182 84 14 ledamöter

960 199 35 28 Män
1048 203 67 14 Kvinnor
1124 199 4 28 =
1136 203 47 14 Totalt

173 232 3 2 i
658 220 167 28 Socialdemokraterna
969 224 18 14 9
1057 224 18 14 62
1138 224 26 14 156

74 224 11 23 5
157 232 55 19 Riksg.
223 232 11 15 1.
243 232 21 15 Pa
273 232 28 15 100
308 232 18 15 12
333 232 100 15 Stockholm.
441 232 32 15 Tel.
481 232 57 15 08-786
544 232 20 15 40
564 228 25 28 00
658 245 81 14 Moderata
745 245 126 18 samlingspartiet
968 245 18 14 47
1060 245 15 14 19
1145 245 19 14 66

75 263 153 20 Regeringsformen
245 264 32 15 den
294 263 20 16 28
331 263 38 16 febr.
388 264 39 15 1974
444 263 27 20 (nr
489 264 34 17 152;
540 264 80 19 omtryckt
659 265 90 19 Folkpartiet
958 260 28 28 25
1059 266 16 14 19
1145 266 19 14 44

76 286 43 15 1988:
128 285 52 20 1444).
192 286 171 20 Riksdagsordningen
374 286 32 15 den
416 286 20 15 28
446 286 39 15 febr.
500 286 37 15 1974
548 286 26 19 (nr
585 286 35 17 153;
633 281 16 29 —
658 286 66 14 Centern
969 287 17 13 27
1059 287 16 13 15
1145 286 19 14 42

74 308 80 20 omtryckt
162 308 44 15 1988:
215 308 45 17 1446;
267 308 62 15 ändrad
336 311 54 12 senast
398 308 44 15 1990:
451 307 52 20 1506).
511 308 55 20 Vallag
572 308 32 15 den
611 308 9 15 8
628 303 20 31 —
659 307 117 23 Vänsterpartiet
784 307 129 14 kommunisterna
970 307 16 14 13
1067 307 8 14 8
1146 307 16 14 2

74 330 35 15 dec.
128 330 39 15 1972
183 330 26 19 (nr
224 330 36 18 620;
277 330 80 20 omtryckt
375 330 97 18 1987:1334;
489 331 61 14 ändrad
566 333 54 12 senast
658 328 99 19 Miljöpartiet
763 328 19 14 de
789 328 52 14 Gröna
970 324 12 28 12
1067 328 8 14 8
1145 328 19 14 20

76 353 43 15 1988:
129 352 41 19 161).
658 355 87 18 Riksdagen
751 355 44 14 totalt
959 355 28 14 218
1049 355 25 14 131
1136 355 28 14 349

75 397 92 20 Riksdagen
173 399 17 13 är
195 397 27 15 det
228 397 66 15 främsta
300 397 126 20 representativa
431 400 108 17 statsorganet
544 397 26 15 för
574 402 46 10 sven-

73 419 29 16 ska
110 419 56 16 folket.
176 419 92 20 Riksdagen
276 419 52 16 stiftar
336 420 30 19 lag,
375 420 71 15 beslutar
453 424 27 11 om
488 420 42 15 skatt
538 419 22 16 till
567 422 53 13 staten

73 442 31 15 och
111 442 99 15 bestämmer
217 442 29 15 hur
252 444 61 13 statens
320 442 53 15 medel
380 442 40 15 skall
427 442 87 15 användas.

95 464 93 20 Riksdagen
195 464 54 15 består
255 469 19 10 av
281 464 30 15 349
318 464 94 17 ledamöter,
419 464 47 15 valda
472 464 52 15 direkt
532 469 19 10 av
558 464 50 15 folket
616 464 4 15 i

74 486 81 15 allmänna
160 486 31 15 val.
198 486 87 15 Ordinarie
291 486 98 20 riksdagsval
395 488 38 18 äger
438 491 35 10 rum
480 489 33 12 vart
520 486 50 20 tredje
577 486 17 15 år
599 486 21 20 på

74 508 51 20 tredje
134 509 83 19 söndagen
227 508 3 15 i
240 509 94 20 september
343 508 64 16 månad.
418 509 88 15 Allmänna
515 509 24 15 val
550 509 21 15 till
581 508 39 16 riks-

73 531 52 20 dagen
132 531 41 19 ägde
179 533 53 13 senast
239 536 35 10 rum
280 531 31 15 den
320 531 17 15 18
343 531 93 20 september
442 531 39 15 1988
487 531 30 15 och
524 535 46 11 avser
575 531 44 15 tiden

74 553 39 15 intill
122 553 37 15 dess
167 558 20 10 en
197 553 57 20 nyvald
264 553 64 20 riksdag
336 553 58 15 samlas
403 553 41 15 efter
453 553 98 20 riksdagsval
560 553 31 15 den
602 553 17 15 15

73 575 93 20 september
174 575 44 15 1991.

95 598 30 15 För
134 597 97 20 riksdagsval
241 599 17 14 är
266 597 41 16 riket
316 597 60 16 indelat
385 598 4 15 i
398 598 20 15 28
426 598 92 15 valkretsar.
528 598 24 15 Av
561 598 20 15 de
590 598 30 15 349

74 620 160 20 riksdagsmandaten
243 621 17 14 är
267 620 30 15 310
305 620 41 15 fasta
354 620 143 16 valkretsmandat,
506 625 35 10 som
549 620 71 15 fördelas

74 642 58 15 mellan
141 642 110 15 valkretsarna
260 642 41 15 efter
310 642 60 15 antalet
379 642 135 20 röstberättigade
523 642 3 15 i
535 642 44 20 varje
588 642 31 15 val-

74 664 48 16 krets.
134 665 45 15 Inom
189 664 43 20 varje
242 665 70 15 valkrets
321 665 70 15 tillfaller
400 665 87 15 mandaten
497 665 20 15 de
527 665 4 15 i
541 665 79 19 riksdags-

73 687 42 15 valet
122 687 97 19 deltagande
228 687 81 20 partierna
316 687 125 21 proportionellt
448 686 20 21 på
476 687 77 19 grundval
561 691 19 11 av
588 687 31 15 val-

73 709 84 15 resultatet
164 709 44 15 inom
216 709 97 15 valkretsen.
322 709 60 20 Övriga
390 709 20 15 39
417 709 66 15 mandat
491 710 17 14 är
516 709 103 20 utjämnings-

73 731 66 15 mandat
149 736 35 10 som
194 731 71 15 fördelas
275 731 17 15 så
301 733 23 13 att
334 731 43 20 varje
386 731 50 20 partis
445 731 121 20 sammanlagda
576 731 43 15 antal

73 753 60 20 platser
143 753 4 15 i
158 753 85 20 riksdagen
254 753 18 15 så
282 755 39 13 nära
332 758 34 11 som
378 753 61 20 möjligt
450 758 54 10 svarar
514 756 34 13 mot
559 753 60 15 antalet

73 776 67 19 avgivna
147 777 52 14 röster
206 776 25 15 för
237 776 58 19 partiet
302 776 4 14 i
314 776 36 15 hela
357 776 60 15 landet.

94 797 5 15 I
107 797 112 20 fördelningen
226 802 20 10 av
252 797 139 20 riksdagsmandat
397 798 52 14 deltar
455 798 57 14 endast
519 797 59 20 partier
584 802 35 10 som

73 819 29 15 har
110 819 29 15 fått
148 819 47 15 minst
204 819 34 20 fyra
246 822 68 17 procent
322 824 20 10 av
350 819 73 20 samtliga
432 819 3 15 i
444 819 37 15 hela
489 819 54 15 landet
552 819 67 20 avgivna

73 843 54 14 röster.
135 842 27 15 Ett
168 841 40 20 parti
214 846 35 11 som
255 841 33 16 inte
294 841 29 16 når
329 846 32 16 upp
367 841 22 16 till
396 842 179 20 fyraprocentsgränsen
582 846 37 11 men

73 868 35 11 som
116 864 29 15 har
151 863 63 16 erhållit
222 864 48 15 minst
277 864 33 15 tolv
318 866 67 18 procent
393 868 19 11 av
419 865 73 14 rösterna
500 864 3 14 i
512 864 30 15 viss
549 864 70 15 valkrets

73 886 51 15 deltar
133 886 42 15 dock
184 886 25 15 vid
218 886 113 20 fördelningen
341 890 19 11 av
368 886 21 15 de
397 886 41 15 fasta
447 886 159 15 valkretsmandaten
615 886 4 15 i

73 912 61 11 samma
141 908 75 15 valkrets.

94 930 72 15 Rösträtt
172 930 26 15 vid
204 930 98 20 riksdagsval
308 930 28 15 har
341 930 58 15 svensk
405 930 114 20 medborgare,
525 935 35 11 som
565 933 54 12 senast

73 952 20 20 på
98 953 80 19 valdagen
184 952 33 20 fyllt
225 953 18 15 18
248 952 18 15 år
271 953 52 14 under
328 952 115 20 förutsättning
448 955 23 13 att
477 952 31 15 han
514 954 17 13 är
537 955 82 17 upptagen

73 974 3 15 i
84 974 87 20 röstlängd.

94 997 30 15 För
133 999 22 13 att
164 997 55 15 kunna
228 999 43 13 utses
279 997 22 15 till
310 997 146 20 riksdagsledamot
464 997 49 20 gäller
521 1001 62 11 samma
592 997 27 15 be-

73 1019 122 20 hörighetskrav
201 1024 36 10 som
244 1019 25 15 för
276 1020 71 14 rösträtt.

94 1041 93 20 Riksdagen
194 1041 129 15 sammanträder
330 1041 22 15 till
360 1041 65 20 lagtima
433 1041 83 17 riksmöte,
524 1041 42 15 efter
572 1041 47 20 nyval

73 1063 20 20 på
100 1063 84 16 femtonde
191 1063 52 20 dagen
251 1063 41 16 efter
298 1063 49 16 valet,
354 1063 31 16 och
392 1063 55 20 övriga
454 1063 17 15 år
478 1063 50 16 första
535 1063 73 20 tisdagen
615 1063 4 15 i

72 1086 71 15 oktober
148 1085 65 15 månad.
220 1085 73 20 Lagtima
299 1085 77 16 riksmöte
382 1086 39 15 skall
427 1086 62 15 avslutas
503 1088 53 13 senast
562 1086 32 15 den
600 1086 17 15 31

73 1108 31 19 maj
114 1108 72 19 följande
196 1107 17 16 år
222 1112 37 11 men
270 1108 31 15 kan
311 1112 27 11 om
348 1108 90 19 synnerliga
448 1108 34 15 skäl
492 1108 86 19 föreligger
588 1108 31 15 för-

73 1130 54 19 längas
138 1130 22 15 till
170 1130 32 15 den
215 1130 16 15 15
240 1130 40 19 juni.
292 1130 57 15 Under
359 1130 23 15 tid
392 1130 21 15 då
423 1130 65 20 lagtima
499 1130 77 15 riksmöte
586 1130 33 15 inte

73 1151 49 21 pågår
128 1152 32 15 kan
167 1152 85 20 riksdagen
260 1152 58 15 samlas
325 1152 22 15 till
354 1152 58 15 urtima
419 1152 83 15 riksmöte.

94 1174 152 20 Riksdagsärenden
255 1174 58 15 bereds
321 1174 4 15 i
334 1174 48 20 något
390 1179 20 10 av
417 1174 94 20 riksdagens
522 1174 17 15 16
546 1174 41 15 fasta
596 1177 23 12 ut-

72 1197 44 15 skott
122 1196 31 16 och
160 1198 57 18 avgörs
224 1201 59 15 genom
290 1197 53 15 beslut
350 1196 3 16 i
360 1197 66 20 plenum
434 1196 116 20 (kammaren).

93 1219 106 15 Beträffande
207 1219 153 20 riksdagsledamots
366 1219 89 20 ersättning
462 1219 28 15 har
497 1219 122 15 bestämmelser

72 1244 54 12 senast
131 1241 47 20 givits
184 1241 3 15 i
194 1241 24 20 lag
224 1241 31 15 den
261 1241 20 15 26
287 1241 31 20 maj
326 1241 38 15 1988
370 1241 27 19 (nr
402 1241 37 20 589)
445 1246 27 10 om
478 1241 89 20 ersättning
572 1246 46 10 m.m.

72 1263 22 15 till
100 1263 94 20 riksdagens
199 1263 93 16 ledamöter.
299 1263 67 16 Arvode
371 1263 46 20 utgår
422 1264 37 15 med
464 1263 61 21 belopp
530 1264 25 15 för
559 1263 60 16 månad

72 1290 35 11 som
114 1288 90 13 motsvarar
211 1286 31 15 den
250 1286 130 20 genomsnittliga
388 1286 48 15 lönen
444 1286 25 15 för
476 1286 66 19 tjänster
549 1291 35 10 som
592 1286 27 20 by-

72 1307 74 16 råchefer
153 1307 26 16 vid
187 1308 63 20 statliga
257 1308 113 20 myndigheter
376 1308 31 15 och
415 1313 36 10 som
458 1307 74 18 rådmän,
540 1308 79 15 hovrätts-

73 1329 27 16 råd
110 1330 32 15 och
152 1330 148 15 kammarrättsråd.
312 1330 74 15 Arvodet
397 1330 81 15 revideras
488 1330 31 15 den
532 1331 5 14 1
549 1330 70 15 oktober
633 1345 2 2 .

72 1352 43 20 varje
122 1352 20 15 år.
150 1352 96 20 September
254 1352 39 15 1990
299 1354 18 13 är
323 1352 67 15 arvodet
396 1352 18 15 21
422 1352 29 15 625
458 1352 90 16 kr/månad.
556 1353 63 15 Utöver

72 1374 67 15 arvodet
147 1374 80 15 utbetalas
235 1379 20 10 en
264 1374 167 20 kostnadsersättning
439 1379 35 11 som
483 1374 24 16 för
515 1374 17 16 år
540 1375 78 15 beräknat

73 1398 46 18 utgör
126 1396 46 16 13520
180 1401 19 11 av
204 1397 108 20 basbeloppet
317 1397 49 19 enligt
372 1397 46 20 lagen
424 1401 27 11 om
457 1397 59 15 allmän
522 1397 95 20 försäkring.

72 1419 31 15 För
110 1419 72 15 ledamot
189 1423 35 11 som
232 1419 33 15 inte
272 1419 29 15 har
308 1420 30 14 rätt
346 1419 22 15 till
376 1419 108 15 traktamente
492 1420 17 14 är
516 1419 102 15 kostnadser-

72 1441 91 20 sättningen
171 1440 47 16 16590
227 1446 19 10 av
252 1441 113 20 basbeloppet.
373 1441 47 15 Såväl
427 1441 67 15 arvodet
500 1446 35 11 som
542 1441 76 16 kostnad-

72 1463 118 20 sersättningen
196 1465 17 13 är
220 1463 110 20 skattepliktig
336 1463 76 16 inkomst.
420 1464 99 15 Ledamöter
525 1468 35 11 som
567 1465 17 14 är
590 1464 28 15 bo-

72 1488 41 12 satta
122 1485 65 15 utanför
195 1485 179 16 Stockholmsområdet
383 1485 24 16 får
415 1486 108 15 traktamente
531 1486 42 15 efter
581 1488 37 13 stat-

72 1508 30 19 liga
110 1512 68 11 normer.
187 1508 31 15 För
225 1508 163 19 riksdagsledamöter
395 1513 35 10 som
438 1509 17 14 är
462 1508 63 15 bosatta
533 1508 59 15 mellan
601 1508 17 15 15

71 1530 31 15 och
109 1530 20 15 70
136 1530 26 15 km
170 1529 34 16 från
212 1530 86 20 riksdagen
306 1529 45 21 utgår
358 1530 84 15 reducerat
449 1530 114 15 traktamente.
573 1530 45 15 Riks-

72 1552 112 20 dagsledamot
191 1551 24 16 får
221 1552 20 20 på
248 1552 28 15 det
283 1552 89 15 allmännas
378 1552 92 15 bekostnad
477 1552 52 15 företa
536 1557 48 10 resor.

93 1574 97 15 Utskottens
197 1574 99 15 ordförande
304 1574 30 15 och
342 1574 34 16 vice
383 1574 100 16 ordförande
491 1575 88 17 redovisas,
587 1575 31 15 för-

72 1599 45 13 utom
125 1596 4 15 i
137 1596 122 16 nedanstående
267 1596 102 20 förteckning
376 1598 39 14 över
422 1597 94 19 riksdagens
524 1597 94 17 ledamöter,

72 1620 40 14 även
121 1619 52 15 under
181 1619 57 15 avd.nr
246 1619 15 15 6.
270 1619 132 15 Statskalendern
412 1619 82 15 redovisar
502 1619 116 20 riksdagsleda-

72 1642 74 14 möterna
154 1641 3 15 i
166 1641 31 15 den
205 1641 118 20 ordningsföljd
331 1641 4 15 i
343 1641 54 15 vilken
404 1642 21 14 de
433 1643 17 13 är
458 1644 82 17 upptagna
547 1641 4 15 i
559 1642 32 15 den
599 1646 19 10 av

72 1663 85 20 riksdagen
163 1664 96 19 upprättade
265 1663 129 20 förteckningen.
401 1659 87 20 Årssiffror
493 1664 44 15 inom
543 1666 75 18 parentes

72 1685 88 15 betecknar
170 1685 67 20 tidigare
248 1685 113 20 ledamotskap
371 1690 19 10 av
401 1686 85 19 riksdagen
497 1685 35 19 (FK
543 1692 13 5 =
568 1686 50 15 första

72 1707 101 18 kammaren,
180 1707 32 15 AK
220 1713 13 5 =
241 1707 51 15 andra
299 1707 100 17 kammaren,
407 1708 15 15 R
430 1714 13 5 =
451 1707 99 21 riksdagen).

627 1820 21 16 50

741 396 102 15 Procentuell
849 396 93 20 fördelning
948 401 20 10 av
975 396 81 20 kvinnliga
1063 396 91 15 ledamöter

740 424 45 15 inom
792 424 81 20 partierna

1038 442 56 28 Antal
1136 446 63 14 Procent

648 463 177 28 Socialdemokraterna
1057 467 18 14 62
1135 467 19 14 40

658 488 80 14 Moderata
745 487 126 19 samlingspartiet
1059 488 16 14 19
1136 488 18 14 29

648 504 101 27 Folkpartiet
1059 509 16 13 19
1135 509 18 14 43

647 525 77 28 Centern
1060 529 14 14 15
1135 529 19 14 36

658 550 118 19 Vänsterpartiet
783 550 130 14 kommunisterna
1066 550 9 14 8
1135 550 19 14 38

658 571 98 19 Miljöpartiet
763 571 18 14 de
788 571 53 14 Gröna
1066 571 9 14 8
1135 571 19 14 40

658 598 87 18 Riksdagen
751 598 44 14 totalt
1048 594 26 27 131
1135 598 19 14 38

657 644 24 23 5a
741 645 130 28 Riksdagen

740 694 65 14 Talman

658 716 77 15 Peterson
742 716 55 20 Thage
805 716 51 15 Edvin
863 715 82 18 Gerhard,
952 716 26 16 33,
985 716 20 15 88
1011 720 7 11 s

740 758 56 15 Förste
803 758 34 15 vice
843 758 61 15 talman

657 780 90 15 Troedsson
754 780 85 19 Ingegerd,
846 780 26 17 29,
880 780 19 15 79
906 785 15 10 m

740 821 57 15 Andre
804 821 34 16 vice
844 821 61 16 talman

658 844 67 15 Eirefelt
731 844 29 15 Jan
768 843 78 18 Christer,
853 843 26 18 42,
886 844 20 15 88
913 843 16 21 fp

739 886 58 20 Tredje
804 886 34 15 vice
844 886 61 15 talman

658 908 72 20 Fiskesjö
737 908 50 15 Bertil
795 908 47 15 Allan
850 908 40 17 Nils,
898 908 25 16 28,
931 908 19 15 86
957 913 8 10 c

657 954 26 23 5b

658 1003 74 15 Bohman
740 1003 25 15 Bo
772 1003 52 16 Gösta
830 1003 25 15 JK
862 1003 17 15 fd
886 1003 79 17 Statsråd,
974 1004 24 16 11,
1006 1003 39 20 (AK
1053 1003 57 16 58—69
1117 1004 27 14 FK
1151 1003 27 20 70)
1185 1003 18 15 71

681 1025 110 20 (Stockholm)
799 1030 15 10 m

658 1048 82 15 Lindkvist
747 1047 54 16 Oskar
806 1048 69 15 William
882 1047 84 20 Org.chef,
973 1048 25 16 21,
1005 1047 39 19 (AK
1050 1048 58 15 61—64
1113 1047 65 20 66—70)
1184 1048 17 14 71

681 1069 110 19 (Stockholm)
799 1070 57 15 BoU:s
862 1070 34 15 vice
903 1070 42 15 ordf.
953 1075 6 10 s

657 1092 66 15 Werner
728 1092 39 15 Lars
773 1092 52 20 Helge
832 1092 120 16 Ombudsman,
959 1092 25 17 35,
992 1091 35 20 (FK
1033 1092 64 19 65—70)
1104 1092 18 15 71
1130 1092 73 20 (Tyresö)

681 1114 84 15 Partiordf.
773 1119 9 10 v

657 1136 96 15 Andersson
762 1136 39 16 Sten
811 1136 46 15 Sture
867 1136 78 17 Statsråd,
955 1136 26 17 23,
992 1136 35 20 (FK
1036 1136 65 19 66—70)
1111 1137 17 14 71
1140 1136 63 20 (Stock-

681 1158 52 20 holm)
740 1163 7 10 s

657 1181 99 15 Fridolfsson
764 1181 39 20 Filip
810 1181 69 15 William
886 1181 81 17 Fabrikör,
974 1181 25 16 23,
1007 1180 39 20 (AK
1053 1181 58 15 65—70
1118 1181 14 15 R
1138 1180 65 19 72—79)

680 1203 20 16 82
707 1202 110 21 (Stockholm)
824 1208 16 10 m

657 1226 87 19 Sigurdsen
751 1225 72 16 Gertrud
831 1225 81 16 Christina
920 1226 16 15 fd
944 1225 78 18 Statsråd,
1030 1226 26 17 23,
1065 1226 39 19 (AK
1112 1225 64 20 69—70)
1184 1226 17 15 71

681 1247 110 20 (Stockholm)
798 1253 7 10 s

657 1270 63 15 Gradin
727 1270 51 15 Anita
786 1270 78 20 Ingegerd
872 1270 78 17 Statsråd,
959 1270 25 17 33,
993 1270 39 20 (AK
1039 1270 65 19 69—70)
1112 1270 18 15 71
1140 1270 63 20 (Stock-

681 1292 52 20 holm)
740 1297 7 10 s

658 1315 88 15 Hellström
755 1315 43 15 Mats
806 1315 53 15 Johan
868 1314 78 17 Statsråd,
955 1315 26 17 42,
991 1314 39 20 (AK
1039 1314 65 20 69—70)
1113 1315 17 15 71
1141 1314 63 20 (Stock-

681 1336 52 20 holm)
740 1341 6 11 s

656 1359 71 15 Theorin
742 1359 49 15 Karin
805 1359 34 20 Maj
854 1359 41 15 Britt
908 1359 92 20 Margareta
1014 1359 116 17 Ambassadör,
1144 1359 26 17 32,
1184 1359 17 15 71

681 1380 110 20 (Stockholm)
798 1386 7 10 s

657 1403 88 16 Wikström
751 1404 79 15 Jan-Erik
838 1404 27 14 FK
874 1403 16 16 fd
898 1403 78 18 Statsråd,
985 1403 25 18 32,
1020 1403 34 20 (FK
1062 1404 20 15 70
1091 1404 13 15 R
1112 1403 65 20 71—73)
1185 1404 19 15 76

681 1425 110 20 (Stockholm)
798 1426 17 20 fp

657 1448 73 15 Ulander
737 1448 39 15 Lars
784 1448 56 15 Göran
848 1448 121 17 Ombudsman,
977 1448 26 18 34,
1011 1448 19 15 79
1039 1448 109 19 (Stockholm)
1157 1448 46 16 AU:s

680 1470 41 15 ordf.
729 1475 7 10 s

656 1492 18 15 af
680 1492 60 20 Ugglas
748 1492 65 15 Märtha
820 1492 104 20 Margaretha
932 1492 92 17 Civ.ekon.,
1032 1492 25 17 39,
1065 1493 20 15 74
1093 1492 109 20 (Stockholm)

680 1519 15 10 m

657 1536 89 16 Granstedt
753 1537 31 15 Pär
790 1537 38 15 Erik
835 1537 34 18 FK,
876 1537 26 17 45,
909 1537 19 15 74
936 1537 105 20 (Södertälje)
1050 1537 47 15 UU:s
1103 1537 34 15 vice
1144 1537 41 15 ordf.
1193 1542 8 10 c

656 1559 94 15 Fleetwood
758 1559 82 15 Elisabeth
848 1559 49 15 Alma
905 1559 76 15 Fredrika
988 1559 128 15 Swantesdotter
1123 1559 46 20 Adj.,
1177 1559 25 17 27,

680 1581 19 15 79
706 1580 110 21 (Stockholm)
824 1586 15 10 m

657 1603 42 16 Bildt
706 1603 35 15 Nils
748 1603 58 16 Daniel
814 1603 43 18 Carl,
864 1604 26 16 49,
897 1604 20 14 79
924 1603 110 20 (Stockholm)
1042 1604 84 15 Partiordf.
1134 1609 16 10 m

657 1626 57 15 Modin
738 1626 34 15 Anita
778 1626 146 16 Förbundskassör,
932 1626 25 16 39,
964 1626 20 15 82
991 1625 110 20 (Stockholm)
1108 1631 7 10 s

657 1648 83 20 Lindqvist
747 1648 52 20 Bengt
806 1648 41 15 Olof
853 1648 70 15 Lennart
930 1648 78 16 Statsråd,
1016 1648 25 18 36,
1048 1649 20 15 88
1075 1648 73 20 (Tyresö)
1156 1653 6 10 s

657 1670 78 20 Friggebo
742 1670 51 20 Birgit
801 1671 41 14 Irma
850 1670 80 20 Gunborg
938 1670 16 16 fd
962 1670 77 18 Statsråd,
1047 1671 26 17 41,
1081 1670 23 20 (R
1111 1670 65 20 79—82)
1183 1671 19 15 85

680 1692 110 19 (Stockholm)
797 1692 115 20 Gruppledare
919 1692 17 20 fp

656 1713 73 21 Nygårds
736 1710 87 20 Sven-Åke
829 1714 106 17 Smidesarb.,
943 1715 25 17 43,
975 1715 20 15 88
1002 1714 111 20 (Stockholm)
1120 1720 6 10 s

656 1736 40 16 Cars
702 1737 56 15 Hadar
764 1737 41 15 Otto
811 1737 73 19 Hjalmar
890 1737 63 15 Gustav
960 1737 68 15 Gunnar
1034 1737 53 15 H:son
1094 1737 30 15 PM
1131 1737 16 15 fd
1153 1737 49 15 Stats-

680 1758 34 17 råd,
721 1759 26 17 33,
754 1759 19 15 85
781 1758 110 20 (Stockholm)
898 1759 48 15 NU:s
952 1759 34 15 vice
993 1759 41 15 ordf.
1042 1759 17 20 fp

740 960 116 17 Stockholms
864 960 99 17 kommuns
970 960 79 17 valkrets
