<?xml version="1.0" encoding="UTF-8"?>
<alto xmlns="http://www.loc.gov/standards/alto/ns-v3#" xmlns:xlink="http://www.w3.org/1999/xlink" xmlns:xsi="http://www.w3.org/2001/XMLSchema-instance" xsi:schemaLocation="http://www.loc.gov/standards/alto/ns-v3# http://www.loc.gov/alto/v3/alto-3-0.xsd">
	<Description>
		<MeasurementUnit>pixel</MeasurementUnit>
		<sourceImageInformation>
			<fileName></fileName>
		</sourceImageInformation>
		<OCRProcessing ID="OCR_0">
			<ocrProcessingStep>
				<processingSoftware>
					<softwareName>tesseract 4.1.1</softwareName>
				</processingSoftware>
			</ocrProcessingStep>
		</OCRProcessing>
	</Description>
	<Layout>
		<Page WIDTH="1056" HEIGHT="1574" PHYSICAL_IMG_NR="0" ID="page_0">
			<PrintSpace HPOS="0" VPOS="0" WIDTH="1056" HEIGHT="1574">
				<ComposedBlock ID="cblock_0" HPOS="74" VPOS="46" WIDTH="131" HEIGHT="24">
					<TextBlock ID="block_0" HPOS="74" VPOS="46" WIDTH="131" HEIGHT="24">
						<TextLine ID="line_0" HPOS="74" VPOS="46" WIDTH="131" HEIGHT="24">
							<String ID="string_0" HPOS="74" VPOS="46" WIDTH="131" HEIGHT="24" WC="0.89" CONTENT="[142—143]"/>
						</TextLine>
					</TextBlock>
				</ComposedBlock>
				<ComposedBlock ID="cblock_1" HPOS="76" VPOS="160" WIDTH="61" HEIGHT="25">
					<TextBlock ID="block_1" HPOS="76" VPOS="160" WIDTH="61" HEIGHT="25">
						<TextLine ID="line_1" HPOS="76" VPOS="160" WIDTH="61" HEIGHT="25">
							<String ID="string_1" HPOS="76" VPOS="160" WIDTH="61" HEIGHT="25" WC="0.96" CONTENT="[142]"/>
						</TextLine>
					</TextBlock>
				</ComposedBlock>
				<ComposedBlock ID="cblock_2" HPOS="478" VPOS="47" WIDTH="115" HEIGHT="22">
					<TextBlock ID="block_2" HPOS="478" VPOS="47" WIDTH="115" HEIGHT="22">
						<TextLine ID="line_2" HPOS="478" VPOS="47" WIDTH="115" HEIGHT="22">
							<String ID="string_2" HPOS="478" VPOS="47" WIDTH="115" HEIGHT="22" WC="0.96" CONTENT="Riksdagen."/>
						</TextLine>
					</TextBlock>
				</ComposedBlock>
				<ComposedBlock ID="cblock_3" HPOS="94" VPOS="196" WIDTH="889" HEIGHT="91">
					<TextBlock ID="block_3" HPOS="94" VPOS="196" WIDTH="889" HEIGHT="91">
						<TextLine ID="line_3" HPOS="94" VPOS="196" WIDTH="889" HEIGHT="48">
							<String ID="string_3" HPOS="94" VPOS="198" WIDTH="48" HEIGHT="35" WC="0.89" CONTENT="V."/><SP WIDTH="50" VPOS="198" HPOS="142"/>
							<String ID="string_4" HPOS="192" VPOS="196" WIDTH="290" HEIGHT="48" WC="0.95" CONTENT="Riksdagen,"/><SP WIDTH="32" VPOS="196" HPOS="482"/>
							<String ID="string_5" HPOS="514" VPOS="196" WIDTH="110" HEIGHT="37" WC="0.93" CONTENT="dess"/><SP WIDTH="32" VPOS="196" HPOS="624"/>
							<String ID="string_6" HPOS="656" VPOS="196" WIDTH="327" HEIGHT="37" WC="0.87" CONTENT="Ombudsmän"/>
						</TextLine>
						<TextLine ID="line_4" HPOS="408" VPOS="250" WIDTH="260" HEIGHT="37">
							<String ID="string_7" HPOS="408" VPOS="250" WIDTH="89" HEIGHT="37" WC="0.96" CONTENT="och"/><SP WIDTH="31" VPOS="250" HPOS="497"/>
							<String ID="string_8" HPOS="528" VPOS="250" WIDTH="140" HEIGHT="36" WC="0.96" CONTENT="Verk."/>
						</TextLine>
					</TextBlock>
				</ComposedBlock>
				<ComposedBlock ID="cblock_4" HPOS="229" VPOS="328" WIDTH="144" HEIGHT="28">
					<TextBlock ID="block_4" HPOS="229" VPOS="328" WIDTH="144" HEIGHT="28">
						<TextLine ID="line_5" HPOS="229" VPOS="328" WIDTH="144" HEIGHT="28">
							<String ID="string_9" HPOS="229" VPOS="328" WIDTH="144" HEIGHT="28" WC="0.96" CONTENT="Riksdagen."/>
						</TextLine>
					</TextBlock>
				</ComposedBlock>
				<ComposedBlock ID="cblock_5" HPOS="76" VPOS="370" WIDTH="454" HEIGHT="53">
					<TextBlock ID="block_5" HPOS="76" VPOS="370" WIDTH="454" HEIGHT="53">
						<TextLine ID="line_6" HPOS="95" VPOS="370" WIDTH="435" HEIGHT="17">
							<String ID="string_10" HPOS="95" VPOS="370" WIDTH="67" HEIGHT="17" WC="0.92" CONTENT="Lagtima"/><SP WIDTH="13" VPOS="370" HPOS="162"/>
							<String ID="string_11" HPOS="175" VPOS="370" WIDTH="58" HEIGHT="16" WC="0.96" CONTENT="riksdag"/><SP WIDTH="12" VPOS="370" HPOS="233"/>
							<String ID="string_12" HPOS="245" VPOS="370" WIDTH="53" HEIGHT="16" WC="0.24" CONTENT="skall,"/><SP WIDTH="-10" VPOS="370" HPOS="298"/>
							<String ID="string_13" HPOS="288" VPOS="359" WIDTH="10" HEIGHT="34" WC="0.24" CONTENT="i"/><SP WIDTH="13" VPOS="359" HPOS="298"/>
							<String ID="string_14" HPOS="311" VPOS="370" WIDTH="40" HEIGHT="13" WC="0.96" CONTENT="kraft"/><SP WIDTH="13" VPOS="370" HPOS="351"/>
							<String ID="string_15" HPOS="364" VPOS="374" WIDTH="18" HEIGHT="9" WC="0.96" CONTENT="av"/><SP WIDTH="13" VPOS="374" HPOS="382"/>
							<String ID="string_16" HPOS="395" VPOS="370" WIDTH="45" HEIGHT="13" WC="0.93" CONTENT="rikets"/><SP WIDTH="13" VPOS="370" HPOS="440"/>
							<String ID="string_17" HPOS="453" VPOS="370" WIDTH="77" HEIGHT="16" WC="0.89" CONTENT="regerings-"/>
						</TextLine>
						<TextLine ID="line_7" HPOS="76" VPOS="388" WIDTH="454" HEIGHT="17">
							<String ID="string_18" HPOS="76" VPOS="388" WIDTH="42" HEIGHT="17" WC="0.96" CONTENT="form,"/><SP WIDTH="12" VPOS="388" HPOS="118"/>
							<String ID="string_19" HPOS="130" VPOS="388" WIDTH="109" HEIGHT="14" WC="0.96" CONTENT="sammanträda"/><SP WIDTH="11" VPOS="388" HPOS="239"/>
							<String ID="string_20" HPOS="250" VPOS="388" WIDTH="41" HEIGHT="16" WC="0.96" CONTENT="varje"/><SP WIDTH="11" VPOS="388" HPOS="291"/>
							<String ID="string_21" HPOS="302" VPOS="388" WIDTH="16" HEIGHT="13" WC="0.96" CONTENT="år"/><SP WIDTH="11" VPOS="388" HPOS="318"/>
							<String ID="string_22" HPOS="329" VPOS="388" WIDTH="28" HEIGHT="13" WC="0.96" CONTENT="den"/><SP WIDTH="13" VPOS="388" HPOS="357"/>
							<String ID="string_23" HPOS="370" VPOS="392" WIDTH="17" HEIGHT="9" WC="0.91" CONTENT="10"/><SP WIDTH="11" VPOS="392" HPOS="387"/>
							<String ID="string_24" HPOS="398" VPOS="388" WIDTH="57" HEIGHT="16" WC="0.94" CONTENT="januari"/><SP WIDTH="6" VPOS="388" HPOS="455"/>
							<String ID="string_25" HPOS="461" VPOS="388" WIDTH="38" HEIGHT="16" WC="0.94" CONTENT="eller,"/><SP WIDTH="7" VPOS="388" HPOS="499"/>
							<String ID="string_26" HPOS="506" VPOS="392" WIDTH="24" HEIGHT="9" WC="0.97" CONTENT="om"/>
						</TextLine>
						<TextLine ID="line_8" HPOS="77" VPOS="406" WIDTH="295" HEIGHT="17">
							<String ID="string_27" HPOS="77" VPOS="406" WIDTH="61" HEIGHT="17" WC="0.96" CONTENT="helgdag"/><SP WIDTH="7" VPOS="406" HPOS="138"/>
							<String ID="string_28" HPOS="145" VPOS="407" WIDTH="18" HEIGHT="13" WC="0.97" CONTENT="då"/><SP WIDTH="8" VPOS="407" HPOS="163"/>
							<String ID="string_29" HPOS="171" VPOS="406" WIDTH="72" HEIGHT="16" WC="0.96" CONTENT="inträffar,"/><SP WIDTH="7" VPOS="406" HPOS="243"/>
							<String ID="string_30" HPOS="250" VPOS="406" WIDTH="46" HEIGHT="16" WC="0.96" CONTENT="dagen"/><SP WIDTH="8" VPOS="406" HPOS="296"/>
							<String ID="string_31" HPOS="304" VPOS="406" WIDTH="68" HEIGHT="13" WC="0.95" CONTENT="därefter."/>
						</TextLine>
					</TextBlock>
				</ComposedBlock>
				<ComposedBlock ID="cblock_6" HPOS="95" VPOS="421" WIDTH="444" HEIGHT="19">
					<TextBlock ID="block_6" HPOS="95" VPOS="421" WIDTH="444" HEIGHT="19">
						<TextLine ID="line_9" HPOS="95" VPOS="421" WIDTH="444" HEIGHT="19">
							<String ID="string_32" HPOS="95" VPOS="425" WIDTH="49" HEIGHT="13" WC="0.96" CONTENT="Första"/><SP WIDTH="12" VPOS="425" HPOS="144"/>
							<String ID="string_33" HPOS="156" VPOS="424" WIDTH="87" HEIGHT="13" WC="0.96" CONTENT="kammarens"/><SP WIDTH="11" VPOS="424" HPOS="243"/>
							<String ID="string_34" HPOS="254" VPOS="424" WIDTH="72" HEIGHT="13" WC="0.95" CONTENT="ledamöter"/><SP WIDTH="11" VPOS="424" HPOS="326"/>
							<String ID="string_35" HPOS="337" VPOS="425" WIDTH="26" HEIGHT="12" WC="0.96" CONTENT="äro"/><SP WIDTH="12" VPOS="425" HPOS="363"/>
							<String ID="string_36" HPOS="375" VPOS="427" WIDTH="26" HEIGHT="12" WC="0.96" CONTENT="150"/><SP WIDTH="11" VPOS="427" HPOS="401"/>
							<String ID="string_37" HPOS="412" VPOS="424" WIDTH="27" HEIGHT="13" WC="0.96" CONTENT="och"/><SP WIDTH="11" VPOS="424" HPOS="439"/>
							<String ID="string_38" HPOS="450" VPOS="423" WIDTH="47" HEIGHT="17" WC="0.96" CONTENT="väljas"/><SP WIDTH="11" VPOS="423" HPOS="497"/>
							<String ID="string_39" HPOS="508" VPOS="421" WIDTH="31" HEIGHT="15" WC="0.96" CONTENT="för"/><SP WIDTH="-9" VPOS="421" HPOS="539"/>
							<String ID="string_40" HPOS="530" VPOS="417" WIDTH="11" HEIGHT="28" WC="0.93" CONTENT="|"/>
						</TextLine>
					</TextBlock>
				</ComposedBlock>
				<ComposedBlock ID="cblock_7" HPOS="77" VPOS="441" WIDTH="459" HEIGHT="1032">
					<TextBlock ID="block_7" HPOS="77" VPOS="441" WIDTH="456" HEIGHT="569">
						<TextLine ID="line_10" HPOS="77" VPOS="441" WIDTH="453" HEIGHT="17">
							<String ID="string_41" HPOS="77" VPOS="442" WIDTH="32" HEIGHT="14" WC="0.96" CONTENT="åtta"/><SP WIDTH="9" VPOS="442" HPOS="109"/>
							<String ID="string_42" HPOS="118" VPOS="442" WIDTH="21" HEIGHT="16" WC="0.96" CONTENT="år,"/><SP WIDTH="10" VPOS="442" HPOS="139"/>
							<String ID="string_43" HPOS="149" VPOS="442" WIDTH="64" HEIGHT="13" WC="0.96" CONTENT="räknade"/><SP WIDTH="9" VPOS="442" HPOS="213"/>
							<String ID="string_44" HPOS="222" VPOS="442" WIDTH="32" HEIGHT="13" WC="0.96" CONTENT="från"/><SP WIDTH="10" VPOS="442" HPOS="254"/>
							<String ID="string_45" HPOS="264" VPOS="442" WIDTH="27" HEIGHT="13" WC="0.96" CONTENT="och"/><SP WIDTH="9" VPOS="442" HPOS="291"/>
							<String ID="string_46" HPOS="300" VPOS="441" WIDTH="34" HEIGHT="14" WC="0.96" CONTENT="med"/><SP WIDTH="9" VPOS="441" HPOS="334"/>
							<String ID="string_47" HPOS="343" VPOS="441" WIDTH="57" HEIGHT="17" WC="0.96" CONTENT="januari"/><SP WIDTH="9" VPOS="441" HPOS="400"/>
							<String ID="string_48" HPOS="409" VPOS="441" WIDTH="61" HEIGHT="14" WC="0.96" CONTENT="månads"/><SP WIDTH="9" VPOS="441" HPOS="470"/>
							<String ID="string_49" HPOS="479" VPOS="441" WIDTH="51" HEIGHT="16" WC="0.96" CONTENT="början"/>
						</TextLine>
						<TextLine ID="line_11" HPOS="77" VPOS="459" WIDTH="453" HEIGHT="16">
							<String ID="string_50" HPOS="77" VPOS="460" WIDTH="31" HEIGHT="13" WC="0.96" CONTENT="året"/><SP WIDTH="9" VPOS="460" HPOS="108"/>
							<String ID="string_51" HPOS="117" VPOS="461" WIDTH="33" HEIGHT="12" WC="0.96" CONTENT="näst"/><SP WIDTH="10" VPOS="461" HPOS="150"/>
							<String ID="string_52" HPOS="160" VPOS="460" WIDTH="37" HEIGHT="13" WC="0.96" CONTENT="efter"/><SP WIDTH="8" VPOS="460" HPOS="197"/>
							<String ID="string_53" HPOS="205" VPOS="460" WIDTH="30" HEIGHT="15" WC="0.96" CONTENT="det,"/><SP WIDTH="10" VPOS="460" HPOS="235"/>
							<String ID="string_54" HPOS="245" VPOS="460" WIDTH="45" HEIGHT="12" WC="0.96" CONTENT="under"/><SP WIDTH="10" VPOS="460" HPOS="290"/>
							<String ID="string_55" HPOS="300" VPOS="459" WIDTH="45" HEIGHT="13" WC="0.96" CONTENT="vilket"/><SP WIDTH="9" VPOS="459" HPOS="345"/>
							<String ID="string_56" HPOS="354" VPOS="459" WIDTH="39" HEIGHT="13" WC="0.96" CONTENT="valet"/><SP WIDTH="10" VPOS="459" HPOS="393"/>
							<String ID="string_57" HPOS="403" VPOS="459" WIDTH="43" HEIGHT="16" WC="0.96" CONTENT="skett,"/><SP WIDTH="8" VPOS="459" HPOS="446"/>
							<String ID="string_58" HPOS="454" VPOS="463" WIDTH="18" HEIGHT="9" WC="0.93" CONTENT="av"/><SP WIDTH="12" VPOS="463" HPOS="472"/>
							<String ID="string_59" HPOS="484" VPOS="459" WIDTH="46" HEIGHT="13" WC="0.92" CONTENT="lands-"/>
						</TextLine>
						<TextLine ID="line_12" HPOS="78" VPOS="476" WIDTH="452" HEIGHT="17">
							<String ID="string_60" HPOS="78" VPOS="478" WIDTH="56" HEIGHT="15" WC="0.96" CONTENT="tingens"/><SP WIDTH="9" VPOS="478" HPOS="134"/>
							<String ID="string_61" HPOS="143" VPOS="477" WIDTH="79" HEIGHT="13" WC="0.96" CONTENT="ledamöter"/><SP WIDTH="8" VPOS="477" HPOS="222"/>
							<String ID="string_62" HPOS="230" VPOS="477" WIDTH="27" HEIGHT="13" WC="0.96" CONTENT="och"/><SP WIDTH="9" VPOS="477" HPOS="257"/>
							<String ID="string_63" HPOS="266" VPOS="477" WIDTH="58" HEIGHT="13" WC="0.96" CONTENT="särskilt"/><SP WIDTH="9" VPOS="477" HPOS="324"/>
							<String ID="string_64" HPOS="333" VPOS="477" WIDTH="61" HEIGHT="13" WC="0.96" CONTENT="utsedda"/><SP WIDTH="9" VPOS="477" HPOS="394"/>
							<String ID="string_65" HPOS="403" VPOS="476" WIDTH="70" HEIGHT="13" WC="0.96" CONTENT="elektorer"/><SP WIDTH="9" VPOS="476" HPOS="473"/>
							<String ID="string_66" HPOS="482" VPOS="477" WIDTH="22" HEIGHT="12" WC="0.96" CONTENT="för"/><SP WIDTH="8" VPOS="477" HPOS="504"/>
							<String ID="string_67" HPOS="512" VPOS="476" WIDTH="18" HEIGHT="13" WC="0.97" CONTENT="de"/>
						</TextLine>
						<TextLine ID="line_13" HPOS="77" VPOS="494" WIDTH="453" HEIGHT="17">
							<String ID="string_68" HPOS="77" VPOS="495" WIDTH="54" HEIGHT="16" WC="0.96" CONTENT="städer,"/><SP WIDTH="9" VPOS="495" HPOS="131"/>
							<String ID="string_69" HPOS="140" VPOS="499" WIDTH="30" HEIGHT="9" WC="0.96" CONTENT="som"/><SP WIDTH="10" VPOS="499" HPOS="170"/>
							<String ID="string_70" HPOS="180" VPOS="495" WIDTH="13" HEIGHT="16" WC="0.96" CONTENT="ej"/><SP WIDTH="9" VPOS="495" HPOS="193"/>
							<String ID="string_71" HPOS="202" VPOS="494" WIDTH="58" HEIGHT="16" WC="0.96" CONTENT="deltaga"/><SP WIDTH="9" VPOS="494" HPOS="260"/>
							<String ID="string_72" HPOS="269" VPOS="494" WIDTH="4" HEIGHT="13" WC="0.96" CONTENT="i"/><SP WIDTH="9" VPOS="494" HPOS="273"/>
							<String ID="string_73" HPOS="282" VPOS="494" WIDTH="78" HEIGHT="16" WC="0.95" CONTENT="landsting."/><SP WIDTH="19" VPOS="494" HPOS="360"/>
							<String ID="string_74" HPOS="379" VPOS="494" WIDTH="28" HEIGHT="13" WC="0.96" CONTENT="För"/><SP WIDTH="8" VPOS="494" HPOS="407"/>
							<String ID="string_75" HPOS="415" VPOS="494" WIDTH="24" HEIGHT="13" WC="0.96" CONTENT="val"/><SP WIDTH="10" VPOS="494" HPOS="439"/>
							<String ID="string_76" HPOS="449" VPOS="494" WIDTH="21" HEIGHT="13" WC="0.96" CONTENT="till"/><SP WIDTH="9" VPOS="494" HPOS="470"/>
							<String ID="string_77" HPOS="479" VPOS="494" WIDTH="51" HEIGHT="13" WC="0.96" CONTENT="Första"/>
						</TextLine>
						<TextLine ID="line_14" HPOS="77" VPOS="512" WIDTH="454" HEIGHT="17">
							<String ID="string_78" HPOS="77" VPOS="513" WIDTH="83" HEIGHT="14" WC="0.96" CONTENT="kammaren"/><SP WIDTH="9" VPOS="513" HPOS="160"/>
							<String ID="string_79" HPOS="169" VPOS="514" WIDTH="16" HEIGHT="12" WC="0.96" CONTENT="är"/><SP WIDTH="8" VPOS="514" HPOS="185"/>
							<String ID="string_80" HPOS="193" VPOS="513" WIDTH="37" HEIGHT="13" WC="0.96" CONTENT="riket"/><SP WIDTH="7" VPOS="513" HPOS="230"/>
							<String ID="string_81" HPOS="237" VPOS="512" WIDTH="55" HEIGHT="14" WC="0.96" CONTENT="indelat"/><SP WIDTH="8" VPOS="512" HPOS="292"/>
							<String ID="string_82" HPOS="300" VPOS="512" WIDTH="5" HEIGHT="13" WC="0.96" CONTENT="i"/><SP WIDTH="8" VPOS="512" HPOS="305"/>
							<String ID="string_83" HPOS="313" VPOS="516" WIDTH="17" HEIGHT="13" WC="0.96" CONTENT="19"/><SP WIDTH="8" VPOS="516" HPOS="330"/>
							<String ID="string_84" HPOS="338" VPOS="512" WIDTH="85" HEIGHT="13" WC="0.94" CONTENT="valkretsar."/><SP WIDTH="17" VPOS="512" HPOS="423"/>
							<String ID="string_85" HPOS="440" VPOS="512" WIDTH="91" HEIGHT="13" WC="0.95" CONTENT="Stockholms"/>
						</TextLine>
						<TextLine ID="line_15" HPOS="77" VPOS="530" WIDTH="454" HEIGHT="17">
							<String ID="string_86" HPOS="77" VPOS="531" WIDTH="33" HEIGHT="13" WC="0.96" CONTENT="stad"/><SP WIDTH="8" VPOS="531" HPOS="110"/>
							<String ID="string_87" HPOS="118" VPOS="531" WIDTH="27" HEIGHT="13" WC="0.96" CONTENT="och"/><SP WIDTH="9" VPOS="531" HPOS="145"/>
							<String ID="string_88" HPOS="154" VPOS="531" WIDTH="80" HEIGHT="16" WC="0.96" CONTENT="Göteborgs"/><SP WIDTH="7" VPOS="531" HPOS="234"/>
							<String ID="string_89" HPOS="241" VPOS="531" WIDTH="33" HEIGHT="13" WC="0.96" CONTENT="stad"/><SP WIDTH="9" VPOS="531" HPOS="274"/>
							<String ID="string_90" HPOS="283" VPOS="532" WIDTH="52" HEIGHT="14" WC="0.96" CONTENT="utgöra"/><SP WIDTH="8" VPOS="532" HPOS="335"/>
							<String ID="string_91" HPOS="343" VPOS="534" WIDTH="27" HEIGHT="9" WC="0.96" CONTENT="var"/><SP WIDTH="7" VPOS="534" HPOS="370"/>
							<String ID="string_92" HPOS="377" VPOS="530" WIDTH="22" HEIGHT="13" WC="0.96" CONTENT="för"/><SP WIDTH="8" VPOS="530" HPOS="399"/>
							<String ID="string_93" HPOS="407" VPOS="530" WIDTH="22" HEIGHT="16" WC="0.96" CONTENT="sig"/><SP WIDTH="7" VPOS="530" HPOS="429"/>
							<String ID="string_94" HPOS="436" VPOS="534" WIDTH="18" HEIGHT="9" WC="0.96" CONTENT="en"/><SP WIDTH="9" VPOS="534" HPOS="454"/>
							<String ID="string_95" HPOS="463" VPOS="530" WIDTH="68" HEIGHT="13" WC="0.93" CONTENT="valkrets."/>
						</TextLine>
						<TextLine ID="line_16" HPOS="77" VPOS="548" WIDTH="454" HEIGHT="16">
							<String ID="string_96" HPOS="77" VPOS="550" WIDTH="52" HEIGHT="12" WC="0.96" CONTENT="Annan"/><SP WIDTH="9" VPOS="550" HPOS="129"/>
							<String ID="string_97" HPOS="138" VPOS="548" WIDTH="38" HEIGHT="16" WC="0.96" CONTENT="stad,"/><SP WIDTH="9" VPOS="548" HPOS="176"/>
							<String ID="string_98" HPOS="185" VPOS="552" WIDTH="31" HEIGHT="10" WC="0.96" CONTENT="som"/><SP WIDTH="10" VPOS="552" HPOS="216"/>
							<String ID="string_99" HPOS="226" VPOS="548" WIDTH="13" HEIGHT="16" WC="0.96" CONTENT="ej"/><SP WIDTH="9" VPOS="548" HPOS="239"/>
							<String ID="string_100" HPOS="248" VPOS="548" WIDTH="64" HEIGHT="16" WC="0.96" CONTENT="deltager"/><SP WIDTH="9" VPOS="548" HPOS="312"/>
							<String ID="string_101" HPOS="321" VPOS="548" WIDTH="5" HEIGHT="13" WC="0.96" CONTENT="i"/><SP WIDTH="8" VPOS="548" HPOS="326"/>
							<String ID="string_102" HPOS="334" VPOS="548" WIDTH="77" HEIGHT="16" WC="0.96" CONTENT="landsting,"/><SP WIDTH="11" VPOS="548" HPOS="411"/>
							<String ID="string_103" HPOS="422" VPOS="548" WIDTH="47" HEIGHT="13" WC="0.96" CONTENT="tillhör"/><SP WIDTH="6" VPOS="548" HPOS="469"/>
							<String ID="string_104" HPOS="475" VPOS="551" WIDTH="56" HEIGHT="10" WC="0.96" CONTENT="samma"/>
						</TextLine>
						<TextLine ID="line_17" HPOS="77" VPOS="565" WIDTH="454" HEIGHT="17">
							<String ID="string_105" HPOS="77" VPOS="566" WIDTH="64" HEIGHT="14" WC="0.91" CONTENT="valkrets"/><SP WIDTH="11" VPOS="566" HPOS="141"/>
							<String ID="string_106" HPOS="152" VPOS="570" WIDTH="32" HEIGHT="9" WC="0.96" CONTENT="som"/><SP WIDTH="11" VPOS="570" HPOS="184"/>
							<String ID="string_107" HPOS="195" VPOS="566" WIDTH="25" HEIGHT="13" WC="0.93" CONTENT="det"/><SP WIDTH="12" VPOS="566" HPOS="220"/>
							<String ID="string_108" HPOS="232" VPOS="566" WIDTH="142" HEIGHT="16" WC="0.91" CONTENT="landstingsområde,"/><SP WIDTH="12" VPOS="566" HPOS="374"/>
							<String ID="string_109" HPOS="386" VPOS="565" WIDTH="32" HEIGHT="14" WC="0.96" CONTENT="vari"/><SP WIDTH="10" VPOS="565" HPOS="418"/>
							<String ID="string_110" HPOS="428" VPOS="566" WIDTH="52" HEIGHT="13" WC="0.96" CONTENT="staden"/><SP WIDTH="12" VPOS="566" HPOS="480"/>
							<String ID="string_111" HPOS="492" VPOS="566" WIDTH="39" HEIGHT="12" WC="0.96" CONTENT="förut"/>
						</TextLine>
						<TextLine ID="line_18" HPOS="77" VPOS="584" WIDTH="454" HEIGHT="17">
							<String ID="string_112" HPOS="77" VPOS="584" WIDTH="53" HEIGHT="17" WC="0.94" CONTENT="ingått."/><SP WIDTH="21" VPOS="584" HPOS="130"/>
							<String ID="string_113" HPOS="151" VPOS="584" WIDTH="42" HEIGHT="13" WC="0.93" CONTENT="Flera"/><SP WIDTH="12" VPOS="584" HPOS="193"/>
							<String ID="string_114" HPOS="205" VPOS="584" WIDTH="148" HEIGHT="16" WC="0.91" CONTENT="landstingsområden"/><SP WIDTH="13" VPOS="584" HPOS="353"/>
							<String ID="string_115" HPOS="366" VPOS="584" WIDTH="49" HEIGHT="12" WC="0.93" CONTENT="kunna"/><SP WIDTH="12" VPOS="584" HPOS="415"/>
							<String ID="string_116" HPOS="427" VPOS="584" WIDTH="104" HEIGHT="13" WC="0.91" CONTENT="sammanföras"/>
						</TextLine>
						<TextLine ID="line_19" HPOS="77" VPOS="601" WIDTH="454" HEIGHT="17">
							<String ID="string_117" HPOS="77" VPOS="602" WIDTH="6" HEIGHT="14" WC="0.96" CONTENT="i"/><SP WIDTH="12" VPOS="602" HPOS="83"/>
							<String ID="string_118" HPOS="95" VPOS="606" WIDTH="18" HEIGHT="10" WC="0.95" CONTENT="en"/><SP WIDTH="13" VPOS="606" HPOS="113"/>
							<String ID="string_119" HPOS="126" VPOS="602" WIDTH="69" HEIGHT="16" WC="0.95" CONTENT="valkrets;"/><SP WIDTH="13" VPOS="602" HPOS="195"/>
							<String ID="string_120" HPOS="208" VPOS="606" WIDTH="33" HEIGHT="9" WC="0.96" CONTENT="men"/><SP WIDTH="13" VPOS="606" HPOS="241"/>
							<String ID="string_121" HPOS="254" VPOS="602" WIDTH="13" HEIGHT="16" WC="0.96" CONTENT="ej"/><SP WIDTH="14" VPOS="602" HPOS="267"/>
							<String ID="string_122" HPOS="281" VPOS="602" WIDTH="24" HEIGHT="13" WC="0.93" CONTENT="må"/><SP WIDTH="13" VPOS="602" HPOS="305"/>
							<String ID="string_123" HPOS="318" VPOS="601" WIDTH="139" HEIGHT="16" WC="0.91" CONTENT="landstingsområde"/><SP WIDTH="13" VPOS="601" HPOS="457"/>
							<String ID="string_124" HPOS="470" VPOS="601" WIDTH="39" HEIGHT="13" WC="0.92" CONTENT="delas"/><SP WIDTH="14" VPOS="601" HPOS="509"/>
							<String ID="string_125" HPOS="523" VPOS="601" WIDTH="8" HEIGHT="13" WC="0.91" CONTENT="å"/>
						</TextLine>
						<TextLine ID="line_20" HPOS="77" VPOS="619" WIDTH="454" HEIGHT="16">
							<String ID="string_126" HPOS="77" VPOS="620" WIDTH="47" HEIGHT="13" WC="0.95" CONTENT="skilda"/><SP WIDTH="11" VPOS="620" HPOS="124"/>
							<String ID="string_127" HPOS="135" VPOS="620" WIDTH="86" HEIGHT="13" WC="0.81" CONTENT="valkretsar."/><SP WIDTH="20" VPOS="620" HPOS="221"/>
							<String ID="string_128" HPOS="241" VPOS="619" WIDTH="93" HEIGHT="16" WC="0.96" CONTENT="Indelningen"/><SP WIDTH="12" VPOS="619" HPOS="334"/>
							<String ID="string_129" HPOS="346" VPOS="619" WIDTH="5" HEIGHT="13" WC="0.96" CONTENT="i"/><SP WIDTH="11" VPOS="619" HPOS="351"/>
							<String ID="string_130" HPOS="362" VPOS="619" WIDTH="80" HEIGHT="13" WC="0.93" CONTENT="valkretsar"/><SP WIDTH="12" VPOS="619" HPOS="442"/>
							<String ID="string_131" HPOS="454" VPOS="619" WIDTH="77" HEIGHT="13" WC="0.92" CONTENT="innehålles"/>
						</TextLine>
						<TextLine ID="line_21" HPOS="78" VPOS="637" WIDTH="453" HEIGHT="17">
							<String ID="string_132" HPOS="78" VPOS="638" WIDTH="5" HEIGHT="13" WC="0.96" CONTENT="i"/><SP WIDTH="10" VPOS="638" HPOS="83"/>
							<String ID="string_133" HPOS="93" VPOS="637" WIDTH="71" HEIGHT="17" WC="0.91" CONTENT="vallagen."/><SP WIDTH="20" VPOS="637" HPOS="164"/>
							<String ID="string_134" HPOS="184" VPOS="637" WIDTH="28" HEIGHT="13" WC="0.96" CONTENT="För"/><SP WIDTH="11" VPOS="637" HPOS="212"/>
							<String ID="string_135" HPOS="223" VPOS="637" WIDTH="40" HEIGHT="16" WC="0.96" CONTENT="varje"/><SP WIDTH="11" VPOS="637" HPOS="263"/>
							<String ID="string_136" HPOS="274" VPOS="637" WIDTH="64" HEIGHT="13" WC="0.93" CONTENT="valkrets"/><SP WIDTH="11" VPOS="637" HPOS="338"/>
							<String ID="string_137" HPOS="349" VPOS="637" WIDTH="45" HEIGHT="16" WC="0.92" CONTENT="väljes"/><SP WIDTH="10" VPOS="637" HPOS="394"/>
							<String ID="string_138" HPOS="404" VPOS="637" WIDTH="37" HEIGHT="13" WC="0.92" CONTENT="efter"/><SP WIDTH="10" VPOS="637" HPOS="441"/>
							<String ID="string_139" HPOS="451" VPOS="637" WIDTH="80" HEIGHT="15" WC="0.91" CONTENT="folkmäng-"/>
						</TextLine>
						<TextLine ID="line_22" HPOS="78" VPOS="654" WIDTH="453" HEIGHT="17">
							<String ID="string_140" HPOS="78" VPOS="656" WIDTH="28" HEIGHT="13" WC="0.96" CONTENT="den"/><SP WIDTH="11" VPOS="656" HPOS="106"/>
							<String ID="string_141" HPOS="117" VPOS="655" WIDTH="40" HEIGHT="14" WC="0.96" CONTENT="inom"/><SP WIDTH="11" VPOS="655" HPOS="157"/>
							<String ID="string_142" HPOS="168" VPOS="655" WIDTH="32" HEIGHT="13" WC="0.96" CONTENT="dess"/><SP WIDTH="11" VPOS="655" HPOS="200"/>
							<String ID="string_143" HPOS="211" VPOS="655" WIDTH="59" HEIGHT="13" WC="0.96" CONTENT="område"/><SP WIDTH="11" VPOS="655" HPOS="270"/>
							<String ID="string_144" HPOS="281" VPOS="659" WIDTH="17" HEIGHT="9" WC="0.96" CONTENT="en"/><SP WIDTH="11" VPOS="659" HPOS="298"/>
							<String ID="string_145" HPOS="309" VPOS="655" WIDTH="100" HEIGHT="16" WC="0.95" CONTENT="riksdagsman"/><SP WIDTH="11" VPOS="655" HPOS="409"/>
							<String ID="string_146" HPOS="420" VPOS="655" WIDTH="23" HEIGHT="13" WC="0.96" CONTENT="för"/><SP WIDTH="10" VPOS="655" HPOS="443"/>
							<String ID="string_147" HPOS="453" VPOS="656" WIDTH="34" HEIGHT="12" WC="0.96" CONTENT="vart"/><SP WIDTH="11" VPOS="656" HPOS="487"/>
							<String ID="string_148" HPOS="498" VPOS="654" WIDTH="33" HEIGHT="14" WC="0.96" CONTENT="fullt"/>
						</TextLine>
						<TextLine ID="line_23" HPOS="79" VPOS="672" WIDTH="453" HEIGHT="17">
							<String ID="string_149" HPOS="79" VPOS="673" WIDTH="25" HEIGHT="16" WC="0.96" CONTENT="tal,"/><SP WIDTH="7" VPOS="673" HPOS="104"/>
							<String ID="string_150" HPOS="111" VPOS="673" WIDTH="102" HEIGHT="13" WC="0.93" CONTENT="motsvarande"/><SP WIDTH="8" VPOS="673" HPOS="213"/>
							<String ID="string_151" HPOS="221" VPOS="674" WIDTH="28" HEIGHT="14" WC="0.75" CONTENT="&#39;/:so"/><SP WIDTH="7" VPOS="674" HPOS="249"/>
							<String ID="string_152" HPOS="256" VPOS="676" WIDTH="19" HEIGHT="10" WC="0.96" CONTENT="av"/><SP WIDTH="6" VPOS="676" HPOS="275"/>
							<String ID="string_153" HPOS="281" VPOS="673" WIDTH="45" HEIGHT="13" WC="0.96" CONTENT="rikets"/><SP WIDTH="5" VPOS="673" HPOS="326"/>
							<String ID="string_154" HPOS="331" VPOS="673" WIDTH="88" HEIGHT="15" WC="0.93" CONTENT="folkmängd."/><SP WIDTH="11" VPOS="673" HPOS="419"/>
							<String ID="string_155" HPOS="430" VPOS="672" WIDTH="102" HEIGHT="14" WC="0.92" CONTENT="Valkretsarna"/>
						</TextLine>
						<TextLine ID="line_24" HPOS="78" VPOS="690" WIDTH="454" HEIGHT="17">
							<String ID="string_156" HPOS="78" VPOS="691" WIDTH="54" HEIGHT="13" WC="0.96" CONTENT="indelas"/><SP WIDTH="7" VPOS="691" HPOS="132"/>
							<String ID="string_157" HPOS="139" VPOS="691" WIDTH="5" HEIGHT="13" WC="0.96" CONTENT="i"/><SP WIDTH="7" VPOS="691" HPOS="144"/>
							<String ID="string_158" HPOS="151" VPOS="691" WIDTH="32" HEIGHT="13" WC="0.96" CONTENT="åtta"/><SP WIDTH="7" VPOS="691" HPOS="183"/>
							<String ID="string_159" HPOS="190" VPOS="694" WIDTH="67" HEIGHT="13" WC="0.96" CONTENT="grupper,"/><SP WIDTH="7" VPOS="694" HPOS="257"/>
							<String ID="string_160" HPOS="264" VPOS="690" WIDTH="47" HEIGHT="13" WC="0.96" CONTENT="vilken"/><SP WIDTH="7" VPOS="690" HPOS="311"/>
							<String ID="string_161" HPOS="318" VPOS="690" WIDTH="74" HEIGHT="16" WC="0.96" CONTENT="indelning"/><SP WIDTH="7" VPOS="690" HPOS="392"/>
							<String ID="string_162" HPOS="399" VPOS="690" WIDTH="78" HEIGHT="13" WC="0.96" CONTENT="fastställes"/><SP WIDTH="13" VPOS="690" HPOS="477"/>
							<String ID="string_163" HPOS="490" VPOS="690" WIDTH="4" HEIGHT="13" WC="0.93" CONTENT="i"/><SP WIDTH="8" VPOS="690" HPOS="494"/>
							<String ID="string_164" HPOS="502" VPOS="690" WIDTH="30" HEIGHT="13" WC="0.91" CONTENT="val-"/>
						</TextLine>
						<TextLine ID="line_25" HPOS="78" VPOS="708" WIDTH="453" HEIGHT="17">
							<String ID="string_165" HPOS="78" VPOS="709" WIDTH="46" HEIGHT="16" WC="0.95" CONTENT="lagen."/><SP WIDTH="18" VPOS="709" HPOS="124"/>
							<String ID="string_166" HPOS="142" VPOS="709" WIDTH="43" HEIGHT="16" WC="0.96" CONTENT="Varje"/><SP WIDTH="9" VPOS="709" HPOS="185"/>
							<String ID="string_167" HPOS="194" VPOS="708" WIDTH="15" HEIGHT="14" WC="0.96" CONTENT="år"/><SP WIDTH="8" VPOS="708" HPOS="209"/>
							<String ID="string_168" HPOS="217" VPOS="708" WIDTH="46" HEIGHT="14" WC="0.95" CONTENT="under"/><SP WIDTH="8" VPOS="708" HPOS="263"/>
							<String ID="string_169" HPOS="271" VPOS="708" WIDTH="81" HEIGHT="17" WC="0.96" CONTENT="september"/><SP WIDTH="8" VPOS="708" HPOS="352"/>
							<String ID="string_170" HPOS="360" VPOS="708" WIDTH="53" HEIGHT="13" WC="0.96" CONTENT="månad"/><SP WIDTH="8" VPOS="708" HPOS="413"/>
							<String ID="string_171" HPOS="421" VPOS="708" WIDTH="37" HEIGHT="13" WC="0.95" CONTENT="skall"/><SP WIDTH="8" VPOS="708" HPOS="458"/>
							<String ID="string_172" HPOS="466" VPOS="708" WIDTH="40" HEIGHT="14" WC="0.96" CONTENT="inom"/><SP WIDTH="8" VPOS="708" HPOS="506"/>
							<String ID="string_173" HPOS="514" VPOS="712" WIDTH="17" HEIGHT="9" WC="0.96" CONTENT="en"/>
						</TextLine>
						<TextLine ID="line_26" HPOS="78" VPOS="726" WIDTH="454" HEIGHT="17">
							<String ID="string_174" HPOS="78" VPOS="731" WIDTH="19" HEIGHT="10" WC="0.96" CONTENT="av"/><SP WIDTH="8" VPOS="731" HPOS="97"/>
							<String ID="string_175" HPOS="105" VPOS="727" WIDTH="64" HEIGHT="13" WC="0.96" CONTENT="nämnda"/><SP WIDTH="8" VPOS="727" HPOS="169"/>
							<String ID="string_176" HPOS="177" VPOS="730" WIDTH="62" HEIGHT="13" WC="0.96" CONTENT="grupper"/><SP WIDTH="8" VPOS="730" HPOS="239"/>
							<String ID="string_177" HPOS="247" VPOS="726" WIDTH="70" HEIGHT="13" WC="0.96" CONTENT="förrättas"/><SP WIDTH="8" VPOS="726" HPOS="317"/>
							<String ID="string_178" HPOS="325" VPOS="726" WIDTH="24" HEIGHT="13" WC="0.96" CONTENT="val"/><SP WIDTH="8" VPOS="726" HPOS="349"/>
							<String ID="string_179" HPOS="357" VPOS="726" WIDTH="23" HEIGHT="13" WC="0.96" CONTENT="för"/><SP WIDTH="8" VPOS="726" HPOS="380"/>
							<String ID="string_180" HPOS="388" VPOS="726" WIDTH="97" HEIGHT="16" WC="0.93" CONTENT="nästföljande"/><SP WIDTH="9" VPOS="726" HPOS="485"/>
							<String ID="string_181" HPOS="494" VPOS="726" WIDTH="38" HEIGHT="13" WC="0.92" CONTENT="åtta-"/>
						</TextLine>
						<TextLine ID="line_27" HPOS="78" VPOS="744" WIDTH="454" HEIGHT="17">
							<String ID="string_182" HPOS="78" VPOS="744" WIDTH="78" HEIGHT="17" WC="0.91" CONTENT="årsperiod."/><SP WIDTH="23" VPOS="744" HPOS="156"/>
							<String ID="string_183" HPOS="179" VPOS="745" WIDTH="28" HEIGHT="13" WC="0.78" CONTENT="Det"/><SP WIDTH="14" VPOS="745" HPOS="207"/>
							<String ID="string_184" HPOS="221" VPOS="744" WIDTH="40" HEIGHT="13" WC="0.96" CONTENT="antal"/><SP WIDTH="13" VPOS="744" HPOS="261"/>
							<String ID="string_185" HPOS="274" VPOS="744" WIDTH="99" HEIGHT="16" WC="0.96" CONTENT="riksdagsmän"/><SP WIDTH="14" VPOS="744" HPOS="373"/>
							<String ID="string_186" HPOS="387" VPOS="744" WIDTH="18" HEIGHT="13" WC="0.96" CONTENT="de"/><SP WIDTH="13" VPOS="744" HPOS="405"/>
							<String ID="string_187" HPOS="418" VPOS="744" WIDTH="71" HEIGHT="13" WC="0.93" CONTENT="särskilda"/><SP WIDTH="13" VPOS="744" HPOS="489"/>
							<String ID="string_188" HPOS="502" VPOS="744" WIDTH="30" HEIGHT="13" WC="0.92" CONTENT="val-"/>
						</TextLine>
						<TextLine ID="line_28" HPOS="78" VPOS="762" WIDTH="454" HEIGHT="16">
							<String ID="string_189" HPOS="78" VPOS="763" WIDTH="75" HEIGHT="13" WC="0.96" CONTENT="kretsarna"/><SP WIDTH="14" VPOS="763" HPOS="153"/>
							<String ID="string_190" HPOS="167" VPOS="762" WIDTH="41" HEIGHT="14" WC="0.96" CONTENT="skola"/><SP WIDTH="14" VPOS="762" HPOS="208"/>
							<String ID="string_191" HPOS="222" VPOS="763" WIDTH="32" HEIGHT="12" WC="0.96" CONTENT="utse"/><SP WIDTH="15" VPOS="763" HPOS="254"/>
							<String ID="string_192" HPOS="269" VPOS="762" WIDTH="87" HEIGHT="13" WC="0.95" CONTENT="bestämmes"/><SP WIDTH="14" VPOS="762" HPOS="356"/>
							<String ID="string_193" HPOS="370" VPOS="762" WIDTH="45" HEIGHT="16" WC="0.96" CONTENT="enligt"/><SP WIDTH="15" VPOS="762" HPOS="415"/>
							<String ID="string_194" HPOS="430" VPOS="762" WIDTH="102" HEIGHT="13" WC="0.96" CONTENT="ovannämnda"/>
						</TextLine>
						<TextLine ID="line_29" HPOS="78" VPOS="778" WIDTH="454" HEIGHT="18">
							<String ID="string_195" HPOS="78" VPOS="784" WIDTH="42" HEIGHT="10" WC="0.96" CONTENT="norm"/><SP WIDTH="10" VPOS="784" HPOS="120"/>
							<String ID="string_196" HPOS="130" VPOS="784" WIDTH="19" HEIGHT="10" WC="0.96" CONTENT="av"/><SP WIDTH="11" VPOS="784" HPOS="149"/>
							<String ID="string_197" HPOS="160" VPOS="780" WIDTH="80" HEIGHT="16" WC="0.96" CONTENT="Konungen"/><SP WIDTH="11" VPOS="780" HPOS="240"/>
							<String ID="string_198" HPOS="251" VPOS="781" WIDTH="33" HEIGHT="12" WC="0.96" CONTENT="vart"/><SP WIDTH="11" VPOS="781" HPOS="284"/>
							<String ID="string_199" HPOS="295" VPOS="784" WIDTH="30" HEIGHT="9" WC="0.94" CONTENT="10:e"/><SP WIDTH="12" VPOS="784" HPOS="325"/>
							<String ID="string_200" HPOS="337" VPOS="780" WIDTH="15" HEIGHT="13" WC="0.93" CONTENT="år"/><SP WIDTH="12" VPOS="780" HPOS="352"/>
							<String ID="string_201" HPOS="364" VPOS="779" WIDTH="24" HEIGHT="17" WC="0.81" CONTENT="(K."/><SP WIDTH="11" VPOS="779" HPOS="388"/>
							<String ID="string_202" HPOS="399" VPOS="780" WIDTH="44" HEIGHT="16" WC="0.96" CONTENT="kung."/><SP WIDTH="9" VPOS="780" HPOS="443"/>
							<String ID="string_203" HPOS="452" VPOS="780" WIDTH="50" HEIGHT="13" WC="0.92" CONTENT="härom"/><SP WIDTH="7" VPOS="780" HPOS="502"/>
							<String ID="string_204" HPOS="509" VPOS="778" WIDTH="23" HEIGHT="17" WC="0.50" CONTENT="&#39;/;"/>
						</TextLine>
						<TextLine ID="line_30" HPOS="79" VPOS="797" WIDTH="454" HEIGHT="18">
							<String ID="string_205" HPOS="79" VPOS="798" WIDTH="47" HEIGHT="17" WC="0.92" CONTENT="1931)."/><SP WIDTH="22" VPOS="798" HPOS="126"/>
							<String ID="string_206" HPOS="148" VPOS="798" WIDTH="71" HEIGHT="13" WC="0.93" CONTENT="Ledamot"/><SP WIDTH="12" VPOS="798" HPOS="219"/>
							<String ID="string_207" HPOS="231" VPOS="801" WIDTH="19" HEIGHT="10" WC="0.96" CONTENT="av"/><SP WIDTH="13" VPOS="801" HPOS="250"/>
							<String ID="string_208" HPOS="263" VPOS="798" WIDTH="51" HEIGHT="13" WC="0.96" CONTENT="Första"/><SP WIDTH="13" VPOS="798" HPOS="314"/>
							<String ID="string_209" HPOS="327" VPOS="797" WIDTH="88" HEIGHT="17" WC="0.96" CONTENT="kammaren,"/><SP WIDTH="14" VPOS="797" HPOS="415"/>
							<String ID="string_210" HPOS="429" VPOS="801" WIDTH="31" HEIGHT="10" WC="0.96" CONTENT="som"/><SP WIDTH="12" VPOS="801" HPOS="460"/>
							<String ID="string_211" HPOS="472" VPOS="797" WIDTH="32" HEIGHT="13" WC="0.96" CONTENT="icke"/><SP WIDTH="12" VPOS="797" HPOS="504"/>
							<String ID="string_212" HPOS="516" VPOS="798" WIDTH="17" HEIGHT="12" WC="0.96" CONTENT="är"/>
						</TextLine>
						<TextLine ID="line_31" HPOS="78" VPOS="815" WIDTH="454" HEIGHT="17">
							<String ID="string_213" HPOS="78" VPOS="816" WIDTH="50" HEIGHT="13" WC="0.93" CONTENT="bosatt"/><SP WIDTH="8" VPOS="816" HPOS="128"/>
							<String ID="string_214" HPOS="136" VPOS="816" WIDTH="9" HEIGHT="13" WC="0.92" CONTENT="å"/><SP WIDTH="7" VPOS="816" HPOS="145"/>
							<String ID="string_215" HPOS="152" VPOS="817" WIDTH="28" HEIGHT="15" WC="0.96" CONTENT="ort,"/><SP WIDTH="9" VPOS="817" HPOS="180"/>
							<String ID="string_216" HPOS="189" VPOS="816" WIDTH="27" HEIGHT="13" WC="0.96" CONTENT="där"/><SP WIDTH="8" VPOS="816" HPOS="216"/>
							<String ID="string_217" HPOS="224" VPOS="815" WIDTH="58" HEIGHT="16" WC="0.96" CONTENT="riksdag"/><SP WIDTH="8" VPOS="815" HPOS="282"/>
							<String ID="string_218" HPOS="290" VPOS="815" WIDTH="49" HEIGHT="14" WC="0.96" CONTENT="hålles,"/><SP WIDTH="10" VPOS="815" HPOS="339"/>
							<String ID="string_219" HPOS="349" VPOS="815" WIDTH="64" HEIGHT="16" WC="0.96" CONTENT="åtnjuter"/><SP WIDTH="8" VPOS="815" HPOS="413"/>
							<String ID="string_220" HPOS="421" VPOS="819" WIDTH="19" HEIGHT="9" WC="0.93" CONTENT="av"/><SP WIDTH="8" VPOS="819" HPOS="440"/>
							<String ID="string_221" HPOS="448" VPOS="815" WIDTH="84" HEIGHT="13" WC="0.92" CONTENT="statsmedel"/>
						</TextLine>
						<TextLine ID="line_32" HPOS="80" VPOS="833" WIDTH="452" HEIGHT="16">
							<String ID="string_222" HPOS="80" VPOS="834" WIDTH="94" HEIGHT="13" WC="0.89" CONTENT="resekostnad"/><SP WIDTH="11" VPOS="834" HPOS="174"/>
							<String ID="string_223" HPOS="185" VPOS="833" WIDTH="22" HEIGHT="13" WC="0.93" CONTENT="till"/><SP WIDTH="6" VPOS="833" HPOS="207"/>
							<String ID="string_224" HPOS="213" VPOS="834" WIDTH="27" HEIGHT="12" WC="0.96" CONTENT="och"/><SP WIDTH="6" VPOS="834" HPOS="240"/>
							<String ID="string_225" HPOS="246" VPOS="833" WIDTH="32" HEIGHT="13" WC="0.96" CONTENT="från"/><SP WIDTH="8" VPOS="833" HPOS="278"/>
							<String ID="string_226" HPOS="286" VPOS="833" WIDTH="75" HEIGHT="16" WC="0.96" CONTENT="riksdagen"/><SP WIDTH="7" VPOS="833" HPOS="361"/>
							<String ID="string_227" HPOS="368" VPOS="833" WIDTH="46" HEIGHT="16" WC="0.96" CONTENT="jämte"/><SP WIDTH="7" VPOS="833" HPOS="414"/>
							<String ID="string_228" HPOS="421" VPOS="834" WIDTH="21" HEIGHT="12" WC="0.93" CONTENT="ett"/><SP WIDTH="6" VPOS="834" HPOS="442"/>
							<String ID="string_229" HPOS="448" VPOS="833" WIDTH="84" HEIGHT="16" WC="0.92" CONTENT="dagtrakta-"/>
						</TextLine>
						<TextLine ID="line_33" HPOS="78" VPOS="851" WIDTH="455" HEIGHT="16">
							<String ID="string_230" HPOS="78" VPOS="853" WIDTH="49" HEIGHT="12" WC="0.95" CONTENT="mente"/><SP WIDTH="17" VPOS="853" HPOS="127"/>
							<String ID="string_231" HPOS="144" VPOS="855" WIDTH="18" HEIGHT="9" WC="0.95" CONTENT="av"/><SP WIDTH="17" VPOS="855" HPOS="162"/>
							<String ID="string_232" HPOS="179" VPOS="855" WIDTH="16" HEIGHT="12" WC="0.95" CONTENT="25"/><SP WIDTH="14" VPOS="855" HPOS="195"/>
							<String ID="string_233" HPOS="209" VPOS="851" WIDTH="22" HEIGHT="13" WC="0.94" CONTENT="kr."/><SP WIDTH="14" VPOS="851" HPOS="231"/>
							<String ID="string_234" HPOS="245" VPOS="851" WIDTH="23" HEIGHT="13" WC="0.96" CONTENT="för"/><SP WIDTH="9" VPOS="851" HPOS="268"/>
							<String ID="string_235" HPOS="277" VPOS="851" WIDTH="62" HEIGHT="13" WC="0.96" CONTENT="vardera"/><SP WIDTH="9" VPOS="851" HPOS="339"/>
							<String ID="string_236" HPOS="348" VPOS="855" WIDTH="42" HEIGHT="9" WC="0.95" CONTENT="resan"/><SP WIDTH="9" VPOS="855" HPOS="390"/>
							<String ID="string_237" HPOS="399" VPOS="852" WIDTH="39" HEIGHT="12" WC="0.96" CONTENT="samt"/><SP WIDTH="9" VPOS="852" HPOS="438"/>
							<String ID="string_238" HPOS="447" VPOS="852" WIDTH="22" HEIGHT="12" WC="0.96" CONTENT="ett"/><SP WIDTH="9" VPOS="852" HPOS="469"/>
							<String ID="string_239" HPOS="478" VPOS="851" WIDTH="55" HEIGHT="13" WC="0.96" CONTENT="arvode"/>
						</TextLine>
						<TextLine ID="line_34" HPOS="78" VPOS="869" WIDTH="454" HEIGHT="16">
							<String ID="string_240" HPOS="78" VPOS="870" WIDTH="47" HEIGHT="13" WC="0.96" CONTENT="under"/><SP WIDTH="8" VPOS="870" HPOS="125"/>
							<String ID="string_241" HPOS="133" VPOS="869" WIDTH="77" HEIGHT="16" WC="0.96" CONTENT="riksdagen"/><SP WIDTH="10" VPOS="869" HPOS="210"/>
							<String ID="string_242" HPOS="220" VPOS="873" WIDTH="18" HEIGHT="9" WC="0.93" CONTENT="av"/><SP WIDTH="10" VPOS="873" HPOS="238"/>
							<String ID="string_243" HPOS="248" VPOS="873" WIDTH="41" HEIGHT="12" WC="0.93" CONTENT="4,000"/><SP WIDTH="12" VPOS="873" HPOS="289"/>
							<String ID="string_244" HPOS="301" VPOS="869" WIDTH="22" HEIGHT="13" WC="0.96" CONTENT="kr."/><SP WIDTH="15" VPOS="869" HPOS="323"/>
							<String ID="string_245" HPOS="338" VPOS="869" WIDTH="52" HEIGHT="13" WC="0.96" CONTENT="Annan"/><SP WIDTH="7" VPOS="869" HPOS="390"/>
							<String ID="string_246" HPOS="397" VPOS="869" WIDTH="62" HEIGHT="13" WC="0.96" CONTENT="ledamot"/><SP WIDTH="8" VPOS="869" HPOS="459"/>
							<String ID="string_247" HPOS="467" VPOS="873" WIDTH="18" HEIGHT="9" WC="0.93" CONTENT="av"/><SP WIDTH="7" VPOS="873" HPOS="485"/>
							<String ID="string_248" HPOS="492" VPOS="869" WIDTH="40" HEIGHT="13" WC="0.92" CONTENT="kam-"/>
						</TextLine>
						<TextLine ID="line_35" HPOS="78" VPOS="887" WIDTH="455" HEIGHT="16">
							<String ID="string_249" HPOS="78" VPOS="891" WIDTH="50" HEIGHT="10" WC="0.95" CONTENT="maren"/><SP WIDTH="15" VPOS="891" HPOS="128"/>
							<String ID="string_250" HPOS="143" VPOS="887" WIDTH="65" HEIGHT="16" WC="0.96" CONTENT="åtnjuter"/><SP WIDTH="13" VPOS="887" HPOS="208"/>
							<String ID="string_251" HPOS="221" VPOS="887" WIDTH="55" HEIGHT="13" WC="0.96" CONTENT="arvode"/><SP WIDTH="13" VPOS="887" HPOS="276"/>
							<String ID="string_252" HPOS="289" VPOS="891" WIDTH="19" HEIGHT="9" WC="0.92" CONTENT="av"/><SP WIDTH="16" VPOS="891" HPOS="308"/>
							<String ID="string_253" HPOS="324" VPOS="890" WIDTH="41" HEIGHT="12" WC="0.92" CONTENT="3,000"/><SP WIDTH="9" VPOS="890" HPOS="365"/>
							<String ID="string_254" HPOS="374" VPOS="887" WIDTH="22" HEIGHT="13" WC="0.93" CONTENT="kr."/><SP WIDTH="18" VPOS="887" HPOS="396"/>
							<String ID="string_255" HPOS="414" VPOS="887" WIDTH="76" HEIGHT="16" WC="0.96" CONTENT="Därjämte"/><SP WIDTH="10" VPOS="887" HPOS="490"/>
							<String ID="string_256" HPOS="500" VPOS="888" WIDTH="33" HEIGHT="14" WC="0.96" CONTENT="äger"/>
						</TextLine>
						<TextLine ID="line_36" HPOS="78" VPOS="904" WIDTH="455" HEIGHT="17">
							<String ID="string_257" HPOS="78" VPOS="905" WIDTH="105" HEIGHT="16" WC="0.96" CONTENT="riksdagsman,"/><SP WIDTH="9" VPOS="905" HPOS="183"/>
							<String ID="string_258" HPOS="192" VPOS="908" WIDTH="32" HEIGHT="10" WC="0.96" CONTENT="som"/><SP WIDTH="8" VPOS="908" HPOS="224"/>
							<String ID="string_259" HPOS="232" VPOS="905" WIDTH="46" HEIGHT="13" WC="0.96" CONTENT="under"/><SP WIDTH="8" VPOS="905" HPOS="278"/>
							<String ID="string_260" HPOS="286" VPOS="904" WIDTH="60" HEIGHT="16" WC="0.96" CONTENT="lagtima"/><SP WIDTH="10" VPOS="904" HPOS="346"/>
							<String ID="string_261" HPOS="356" VPOS="904" WIDTH="58" HEIGHT="16" WC="0.96" CONTENT="riksdag"/><SP WIDTH="9" VPOS="904" HPOS="414"/>
							<String ID="string_262" HPOS="423" VPOS="904" WIDTH="37" HEIGHT="13" WC="0.96" CONTENT="efter"/><SP WIDTH="9" VPOS="904" HPOS="460"/>
							<String ID="string_263" HPOS="469" VPOS="904" WIDTH="64" HEIGHT="17" WC="0.96" CONTENT="beviljad"/>
						</TextLine>
						<TextLine ID="line_37" HPOS="78" VPOS="922" WIDTH="455" HEIGHT="17">
							<String ID="string_264" HPOS="78" VPOS="923" WIDTH="63" HEIGHT="16" WC="0.96" CONTENT="ledighet"/><SP WIDTH="15" VPOS="923" HPOS="141"/>
							<String ID="string_265" HPOS="156" VPOS="922" WIDTH="59" HEIGHT="14" WC="0.96" CONTENT="besöker"/><SP WIDTH="14" VPOS="922" HPOS="215"/>
							<String ID="string_266" HPOS="229" VPOS="923" WIDTH="80" HEIGHT="15" WC="0.96" CONTENT="hemorten,"/><SP WIDTH="15" VPOS="923" HPOS="309"/>
							<String ID="string_267" HPOS="324" VPOS="924" WIDTH="22" HEIGHT="12" WC="0.96" CONTENT="att"/><SP WIDTH="14" VPOS="924" HPOS="346"/>
							<String ID="string_268" HPOS="360" VPOS="926" WIDTH="19" HEIGHT="9" WC="0.93" CONTENT="av"/><SP WIDTH="11" VPOS="926" HPOS="379"/>
							<String ID="string_269" HPOS="390" VPOS="922" WIDTH="84" HEIGHT="13" WC="0.91" CONTENT="statsmedel"/><SP WIDTH="14" VPOS="922" HPOS="474"/>
							<String ID="string_270" HPOS="488" VPOS="922" WIDTH="45" HEIGHT="13" WC="0.91" CONTENT="undfå"/>
						</TextLine>
						<TextLine ID="line_38" HPOS="78" VPOS="940" WIDTH="455" HEIGHT="17">
							<String ID="string_271" HPOS="78" VPOS="941" WIDTH="81" HEIGHT="16" WC="0.96" CONTENT="ersättning"/><SP WIDTH="13" VPOS="941" HPOS="159"/>
							<String ID="string_272" HPOS="172" VPOS="940" WIDTH="22" HEIGHT="14" WC="0.96" CONTENT="för"/><SP WIDTH="13" VPOS="940" HPOS="194"/>
							<String ID="string_273" HPOS="207" VPOS="940" WIDTH="46" HEIGHT="13" WC="0.93" CONTENT="därav"/><SP WIDTH="12" VPOS="940" HPOS="253"/>
							<String ID="string_274" HPOS="265" VPOS="940" WIDTH="75" HEIGHT="13" WC="0.91" CONTENT="föranledd"/><SP WIDTH="9" VPOS="940" HPOS="340"/>
							<String ID="string_275" HPOS="349" VPOS="940" WIDTH="97" HEIGHT="16" WC="0.91" CONTENT="resekostnad,"/><SP WIDTH="14" VPOS="940" HPOS="446"/>
							<String ID="string_276" HPOS="460" VPOS="940" WIDTH="38" HEIGHT="13" WC="0.96" CONTENT="dock"/><SP WIDTH="13" VPOS="940" HPOS="498"/>
							<String ID="string_277" HPOS="511" VPOS="940" WIDTH="22" HEIGHT="13" WC="0.96" CONTENT="för"/>
						</TextLine>
						<TextLine ID="line_39" HPOS="78" VPOS="958" WIDTH="454" HEIGHT="17">
							<String ID="string_278" HPOS="78" VPOS="959" WIDTH="44" HEIGHT="16" WC="0.95" CONTENT="högst"/><SP WIDTH="13" VPOS="959" HPOS="122"/>
							<String ID="string_279" HPOS="135" VPOS="962" WIDTH="8" HEIGHT="12" WC="0.95" CONTENT="5"/><SP WIDTH="14" VPOS="962" HPOS="143"/>
							<String ID="string_280" HPOS="157" VPOS="962" WIDTH="39" HEIGHT="10" WC="0.95" CONTENT="resor"/><SP WIDTH="12" VPOS="962" HPOS="196"/>
							<String ID="string_281" HPOS="208" VPOS="958" WIDTH="38" HEIGHT="13" WC="0.96" CONTENT="fram"/><SP WIDTH="9" VPOS="958" HPOS="246"/>
							<String ID="string_282" HPOS="255" VPOS="958" WIDTH="27" HEIGHT="13" WC="0.96" CONTENT="och"/><SP WIDTH="10" VPOS="958" HPOS="282"/>
							<String ID="string_283" HPOS="292" VPOS="958" WIDTH="36" HEIGHT="13" WC="0.94" CONTENT="åter."/><SP WIDTH="19" VPOS="958" HPOS="328"/>
							<String ID="string_284" HPOS="347" VPOS="958" WIDTH="62" HEIGHT="13" WC="0.96" CONTENT="Valbara"/><SP WIDTH="9" VPOS="958" HPOS="409"/>
							<String ID="string_285" HPOS="418" VPOS="959" WIDTH="25" HEIGHT="12" WC="0.96" CONTENT="äro"/><SP WIDTH="9" VPOS="959" HPOS="443"/>
							<String ID="string_286" HPOS="452" VPOS="958" WIDTH="4" HEIGHT="13" WC="0.93" CONTENT="i"/><SP WIDTH="11" VPOS="958" HPOS="456"/>
							<String ID="string_287" HPOS="467" VPOS="958" WIDTH="65" HEIGHT="13" WC="0.90" CONTENT="kommu-"/>
						</TextLine>
						<TextLine ID="line_40" HPOS="78" VPOS="976" WIDTH="455" HEIGHT="16">
							<String ID="string_288" HPOS="78" VPOS="980" WIDTH="53" HEIGHT="10" WC="0.92" CONTENT="nernas"/><SP WIDTH="13" VPOS="980" HPOS="131"/>
							<String ID="string_289" HPOS="144" VPOS="976" WIDTH="74" HEIGHT="13" WC="0.96" CONTENT="allmänna"/><SP WIDTH="14" VPOS="976" HPOS="218"/>
							<String ID="string_290" HPOS="232" VPOS="976" WIDTH="119" HEIGHT="16" WC="0.96" CONTENT="angelägenheter"/><SP WIDTH="13" VPOS="976" HPOS="351"/>
							<String ID="string_291" HPOS="364" VPOS="976" WIDTH="122" HEIGHT="16" WC="0.96" CONTENT="röstberättigade"/><SP WIDTH="13" VPOS="976" HPOS="486"/>
							<String ID="string_292" HPOS="499" VPOS="977" WIDTH="34" HEIGHT="12" WC="0.96" CONTENT="män"/>
						</TextLine>
						<TextLine ID="line_41" HPOS="79" VPOS="994" WIDTH="332" HEIGHT="16">
							<String ID="string_293" HPOS="79" VPOS="995" WIDTH="27" HEIGHT="13" WC="0.96" CONTENT="och"/><SP WIDTH="10" VPOS="995" HPOS="106"/>
							<String ID="string_294" HPOS="116" VPOS="994" WIDTH="66" HEIGHT="16" WC="0.96" CONTENT="kvinnor,"/><SP WIDTH="11" VPOS="994" HPOS="182"/>
							<String ID="string_295" HPOS="193" VPOS="998" WIDTH="31" HEIGHT="9" WC="0.96" CONTENT="som"/><SP WIDTH="9" VPOS="998" HPOS="224"/>
							<String ID="string_296" HPOS="233" VPOS="994" WIDTH="64" HEIGHT="16" WC="0.96" CONTENT="uppnått"/><SP WIDTH="10" VPOS="994" HPOS="297"/>
							<String ID="string_297" HPOS="307" VPOS="997" WIDTH="16" HEIGHT="13" WC="0.96" CONTENT="35"/><SP WIDTH="11" VPOS="997" HPOS="323"/>
							<String ID="string_298" HPOS="334" VPOS="994" WIDTH="24" HEIGHT="13" WC="0.96" CONTENT="års"/><SP WIDTH="9" VPOS="994" HPOS="358"/>
							<String ID="string_299" HPOS="367" VPOS="994" WIDTH="44" HEIGHT="13" WC="0.96" CONTENT="ålder."/>
						</TextLine>
					</TextBlock>
					<TextBlock ID="block_8" HPOS="79" VPOS="1011" WIDTH="455" HEIGHT="249">
						<TextLine ID="line_42" HPOS="98" VPOS="1011" WIDTH="435" HEIGHT="17">
							<String ID="string_300" HPOS="98" VPOS="1012" WIDTH="49" HEIGHT="13" WC="0.96" CONTENT="Andra"/><SP WIDTH="8" VPOS="1012" HPOS="147"/>
							<String ID="string_301" HPOS="155" VPOS="1012" WIDTH="87" HEIGHT="13" WC="0.96" CONTENT="kammarens"/><SP WIDTH="8" VPOS="1012" HPOS="242"/>
							<String ID="string_302" HPOS="250" VPOS="1012" WIDTH="73" HEIGHT="13" WC="0.96" CONTENT="ledamöter"/><SP WIDTH="7" VPOS="1012" HPOS="323"/>
							<String ID="string_303" HPOS="330" VPOS="1012" WIDTH="26" HEIGHT="13" WC="0.96" CONTENT="äro"/><SP WIDTH="8" VPOS="1012" HPOS="356"/>
							<String ID="string_304" HPOS="364" VPOS="1015" WIDTH="31" HEIGHT="13" WC="0.96" CONTENT="230,"/><SP WIDTH="9" VPOS="1015" HPOS="395"/>
							<String ID="string_305" HPOS="404" VPOS="1011" WIDTH="44" HEIGHT="14" WC="0.96" CONTENT="valda"/><SP WIDTH="7" VPOS="1011" HPOS="448"/>
							<String ID="string_306" HPOS="455" VPOS="1011" WIDTH="23" HEIGHT="14" WC="0.97" CONTENT="för"/><SP WIDTH="7" VPOS="1011" HPOS="478"/>
							<String ID="string_307" HPOS="485" VPOS="1015" WIDTH="18" HEIGHT="9" WC="0.96" CONTENT="en"/><SP WIDTH="9" VPOS="1015" HPOS="503"/>
							<String ID="string_308" HPOS="512" VPOS="1011" WIDTH="21" HEIGHT="13" WC="0.96" CONTENT="tid"/>
						</TextLine>
						<TextLine ID="line_43" HPOS="80" VPOS="1029" WIDTH="454" HEIGHT="18">
							<String ID="string_309" HPOS="80" VPOS="1033" WIDTH="19" HEIGHT="10" WC="0.96" CONTENT="av"/><SP WIDTH="8" VPOS="1033" HPOS="99"/>
							<String ID="string_310" HPOS="107" VPOS="1030" WIDTH="32" HEIGHT="17" WC="0.96" CONTENT="fyra"/><SP WIDTH="9" VPOS="1030" HPOS="139"/>
							<String ID="string_311" HPOS="148" VPOS="1030" WIDTH="21" HEIGHT="16" WC="0.97" CONTENT="år,"/><SP WIDTH="8" VPOS="1030" HPOS="169"/>
							<String ID="string_312" HPOS="177" VPOS="1030" WIDTH="64" HEIGHT="13" WC="0.96" CONTENT="räknade"/><SP WIDTH="8" VPOS="1030" HPOS="241"/>
							<String ID="string_313" HPOS="249" VPOS="1029" WIDTH="32" HEIGHT="14" WC="0.96" CONTENT="från"/><SP WIDTH="9" VPOS="1029" HPOS="281"/>
							<String ID="string_314" HPOS="290" VPOS="1030" WIDTH="26" HEIGHT="12" WC="0.96" CONTENT="och"/><SP WIDTH="10" VPOS="1030" HPOS="316"/>
							<String ID="string_315" HPOS="326" VPOS="1030" WIDTH="33" HEIGHT="12" WC="0.96" CONTENT="med"/><SP WIDTH="8" VPOS="1030" HPOS="359"/>
							<String ID="string_316" HPOS="367" VPOS="1029" WIDTH="58" HEIGHT="17" WC="0.96" CONTENT="januari"/><SP WIDTH="7" VPOS="1029" HPOS="425"/>
							<String ID="string_317" HPOS="432" VPOS="1029" WIDTH="61" HEIGHT="14" WC="0.93" CONTENT="månads"/><SP WIDTH="8" VPOS="1029" HPOS="493"/>
							<String ID="string_318" HPOS="501" VPOS="1029" WIDTH="33" HEIGHT="13" WC="0.92" CONTENT="bör-"/>
						</TextLine>
						<TextLine ID="line_44" HPOS="79" VPOS="1047" WIDTH="454" HEIGHT="17">
							<String ID="string_319" HPOS="79" VPOS="1048" WIDTH="25" HEIGHT="16" WC="0.96" CONTENT="jan"/><SP WIDTH="11" VPOS="1048" HPOS="104"/>
							<String ID="string_320" HPOS="115" VPOS="1048" WIDTH="31" HEIGHT="13" WC="0.96" CONTENT="året"/><SP WIDTH="10" VPOS="1048" HPOS="146"/>
							<String ID="string_321" HPOS="156" VPOS="1049" WIDTH="33" HEIGHT="11" WC="0.96" CONTENT="näst"/><SP WIDTH="10" VPOS="1049" HPOS="189"/>
							<String ID="string_322" HPOS="199" VPOS="1047" WIDTH="36" HEIGHT="13" WC="0.96" CONTENT="efter"/><SP WIDTH="10" VPOS="1047" HPOS="235"/>
							<String ID="string_323" HPOS="245" VPOS="1047" WIDTH="29" HEIGHT="16" WC="0.96" CONTENT="det,"/><SP WIDTH="11" VPOS="1047" HPOS="274"/>
							<String ID="string_324" HPOS="285" VPOS="1047" WIDTH="46" HEIGHT="13" WC="0.96" CONTENT="under"/><SP WIDTH="10" VPOS="1047" HPOS="331"/>
							<String ID="string_325" HPOS="341" VPOS="1047" WIDTH="45" HEIGHT="13" WC="0.96" CONTENT="vilket"/><SP WIDTH="10" VPOS="1047" HPOS="386"/>
							<String ID="string_326" HPOS="396" VPOS="1047" WIDTH="39" HEIGHT="13" WC="0.96" CONTENT="valet"/><SP WIDTH="10" VPOS="1047" HPOS="435"/>
							<String ID="string_327" HPOS="445" VPOS="1047" WIDTH="44" HEIGHT="13" WC="0.96" CONTENT="skett."/><SP WIDTH="16" VPOS="1047" HPOS="489"/>
							<String ID="string_328" HPOS="505" VPOS="1047" WIDTH="28" HEIGHT="13" WC="0.96" CONTENT="För"/>
						</TextLine>
						<TextLine ID="line_45" HPOS="79" VPOS="1065" WIDTH="454" HEIGHT="16">
							<String ID="string_329" HPOS="79" VPOS="1066" WIDTH="41" HEIGHT="13" WC="0.95" CONTENT="dessa"/><SP WIDTH="7" VPOS="1066" HPOS="120"/>
							<String ID="string_330" HPOS="127" VPOS="1065" WIDTH="24" HEIGHT="13" WC="0.96" CONTENT="val"/><SP WIDTH="6" VPOS="1065" HPOS="151"/>
							<String ID="string_331" HPOS="157" VPOS="1066" WIDTH="16" HEIGHT="12" WC="0.96" CONTENT="är"/><SP WIDTH="5" VPOS="1066" HPOS="173"/>
							<String ID="string_332" HPOS="178" VPOS="1065" WIDTH="38" HEIGHT="13" WC="0.96" CONTENT="riket"/><SP WIDTH="5" VPOS="1065" HPOS="216"/>
							<String ID="string_333" HPOS="221" VPOS="1065" WIDTH="55" HEIGHT="13" WC="0.96" CONTENT="indelat"/><SP WIDTH="6" VPOS="1065" HPOS="276"/>
							<String ID="string_334" HPOS="282" VPOS="1065" WIDTH="4" HEIGHT="13" WC="0.96" CONTENT="i"/><SP WIDTH="7" VPOS="1065" HPOS="286"/>
							<String ID="string_335" HPOS="293" VPOS="1065" WIDTH="17" HEIGHT="13" WC="0.96" CONTENT="28"/><SP WIDTH="6" VPOS="1065" HPOS="310"/>
							<String ID="string_336" HPOS="316" VPOS="1065" WIDTH="85" HEIGHT="16" WC="0.96" CONTENT="valkretsar,"/><SP WIDTH="6" VPOS="1065" HPOS="401"/>
							<String ID="string_337" HPOS="407" VPOS="1069" WIDTH="31" HEIGHT="9" WC="0.96" CONTENT="som"/><SP WIDTH="6" VPOS="1069" HPOS="438"/>
							<String ID="string_338" HPOS="444" VPOS="1065" WIDTH="39" HEIGHT="16" WC="0.96" CONTENT="välja"/><SP WIDTH="6" VPOS="1065" HPOS="483"/>
							<String ID="string_339" HPOS="489" VPOS="1065" WIDTH="44" HEIGHT="13" WC="0.96" CONTENT="minst"/>
						</TextLine>
						<TextLine ID="line_46" HPOS="80" VPOS="1082" WIDTH="454" HEIGHT="17">
							<String ID="string_340" HPOS="80" VPOS="1086" WIDTH="8" HEIGHT="13" WC="0.69" CONTENT="3"/><SP WIDTH="5" VPOS="1086" HPOS="88"/>
							<String ID="string_341" HPOS="93" VPOS="1083" WIDTH="100" HEIGHT="16" WC="0.89" CONTENT="riksdagsmän"/><SP WIDTH="5" VPOS="1083" HPOS="193"/>
							<String ID="string_342" HPOS="198" VPOS="1086" WIDTH="31" HEIGHT="10" WC="0.92" CONTENT="var."/><SP WIDTH="15" VPOS="1086" HPOS="229"/>
							<String ID="string_343" HPOS="244" VPOS="1083" WIDTH="43" HEIGHT="16" WC="0.96" CONTENT="Varje"/><SP WIDTH="5" VPOS="1083" HPOS="287"/>
							<String ID="string_344" HPOS="292" VPOS="1083" WIDTH="64" HEIGHT="13" WC="0.96" CONTENT="valkrets"/><SP WIDTH="5" VPOS="1083" HPOS="356"/>
							<String ID="string_345" HPOS="361" VPOS="1083" WIDTH="37" HEIGHT="13" WC="0.94" CONTENT="skall"/><SP WIDTH="5" VPOS="1083" HPOS="398"/>
							<String ID="string_346" HPOS="403" VPOS="1083" WIDTH="42" HEIGHT="13" WC="0.94" CONTENT="alltså"/><SP WIDTH="5" VPOS="1083" HPOS="445"/>
							<String ID="string_347" HPOS="450" VPOS="1083" WIDTH="19" HEIGHT="13" WC="0.96" CONTENT="ha"/><SP WIDTH="5" VPOS="1083" HPOS="469"/>
							<String ID="string_348" HPOS="474" VPOS="1086" WIDTH="18" HEIGHT="9" WC="0.93" CONTENT="en"/><SP WIDTH="5" VPOS="1086" HPOS="492"/>
							<String ID="string_349" HPOS="497" VPOS="1082" WIDTH="37" HEIGHT="14" WC="0.92" CONTENT="folk-"/>
						</TextLine>
						<TextLine ID="line_47" HPOS="79" VPOS="1100" WIDTH="454" HEIGHT="17">
							<String ID="string_350" HPOS="79" VPOS="1101" WIDTH="58" HEIGHT="16" WC="0.95" CONTENT="mängd,"/><SP WIDTH="11" VPOS="1101" HPOS="137"/>
							<String ID="string_351" HPOS="148" VPOS="1105" WIDTH="31" HEIGHT="9" WC="0.96" CONTENT="som"/><SP WIDTH="10" VPOS="1105" HPOS="179"/>
							<String ID="string_352" HPOS="189" VPOS="1101" WIDTH="5" HEIGHT="13" WC="0.96" CONTENT="i"/><SP WIDTH="10" VPOS="1101" HPOS="194"/>
							<String ID="string_353" HPOS="204" VPOS="1100" WIDTH="37" HEIGHT="17" WC="0.96" CONTENT="regel"/><SP WIDTH="10" VPOS="1100" HPOS="241"/>
							<String ID="string_354" HPOS="251" VPOS="1102" WIDTH="43" HEIGHT="14" WC="0.96" CONTENT="utgör"/><SP WIDTH="9" VPOS="1102" HPOS="294"/>
							<String ID="string_355" HPOS="303" VPOS="1100" WIDTH="30" HEIGHT="16" WC="0.70" CONTENT="3/23»"/><SP WIDTH="10" VPOS="1100" HPOS="333"/>
							<String ID="string_356" HPOS="343" VPOS="1104" WIDTH="19" HEIGHT="10" WC="0.96" CONTENT="av"/><SP WIDTH="10" VPOS="1104" HPOS="362"/>
							<String ID="string_357" HPOS="372" VPOS="1101" WIDTH="44" HEIGHT="13" WC="0.96" CONTENT="rikets"/><SP WIDTH="11" VPOS="1101" HPOS="416"/>
							<String ID="string_358" HPOS="427" VPOS="1100" WIDTH="106" HEIGHT="14" WC="0.79" CONTENT="invånarantal."/>
						</TextLine>
						<TextLine ID="line_48" HPOS="80" VPOS="1118" WIDTH="453" HEIGHT="17">
							<String ID="string_359" HPOS="80" VPOS="1119" WIDTH="51" HEIGHT="13" WC="0.96" CONTENT="Rikets"/><SP WIDTH="15" VPOS="1119" HPOS="131"/>
							<String ID="string_360" HPOS="146" VPOS="1118" WIDTH="73" HEIGHT="17" WC="0.96" CONTENT="indelning"/><SP WIDTH="15" VPOS="1118" HPOS="219"/>
							<String ID="string_361" HPOS="234" VPOS="1118" WIDTH="5" HEIGHT="14" WC="0.96" CONTENT="i"/><SP WIDTH="15" VPOS="1118" HPOS="239"/>
							<String ID="string_362" HPOS="254" VPOS="1118" WIDTH="81" HEIGHT="14" WC="0.93" CONTENT="valkretsar"/><SP WIDTH="14" VPOS="1118" HPOS="335"/>
							<String ID="string_363" HPOS="349" VPOS="1118" WIDTH="78" HEIGHT="14" WC="0.91" CONTENT="innehålles"/><SP WIDTH="15" VPOS="1118" HPOS="427"/>
							<String ID="string_364" HPOS="442" VPOS="1118" WIDTH="5" HEIGHT="13" WC="0.94" CONTENT="i"/><SP WIDTH="16" VPOS="1118" HPOS="447"/>
							<String ID="string_365" HPOS="463" VPOS="1118" WIDTH="70" HEIGHT="16" WC="0.91" CONTENT="vallagen."/>
						</TextLine>
						<TextLine ID="line_49" HPOS="80" VPOS="1134" WIDTH="453" HEIGHT="19">
							<String ID="string_366" HPOS="80" VPOS="1137" WIDTH="43" HEIGHT="16" WC="0.96" CONTENT="Varje"/><SP WIDTH="10" VPOS="1137" HPOS="123"/>
							<String ID="string_367" HPOS="133" VPOS="1136" WIDTH="23" HEIGHT="14" WC="0.96" CONTENT="län"/><SP WIDTH="11" VPOS="1136" HPOS="156"/>
							<String ID="string_368" HPOS="167" VPOS="1138" WIDTH="42" HEIGHT="15" WC="0.96" CONTENT="utgör"/><SP WIDTH="10" VPOS="1138" HPOS="209"/>
							<String ID="string_369" HPOS="219" VPOS="1140" WIDTH="17" HEIGHT="10" WC="0.96" CONTENT="en"/><SP WIDTH="10" VPOS="1140" HPOS="236"/>
							<String ID="string_370" HPOS="246" VPOS="1136" WIDTH="68" HEIGHT="16" WC="0.96" CONTENT="valkrets,"/><SP WIDTH="10" VPOS="1136" HPOS="314"/>
							<String ID="string_371" HPOS="324" VPOS="1138" WIDTH="42" HEIGHT="12" WC="0.96" CONTENT="utom"/><SP WIDTH="10" VPOS="1138" HPOS="366"/>
							<String ID="string_372" HPOS="376" VPOS="1134" WIDTH="78" HEIGHT="18" WC="0.96" CONTENT="Älvsborgs"/><SP WIDTH="10" VPOS="1134" HPOS="454"/>
							<String ID="string_373" HPOS="464" VPOS="1136" WIDTH="28" HEIGHT="16" WC="0.96" CONTENT="län,"/><SP WIDTH="10" VPOS="1136" HPOS="492"/>
							<String ID="string_374" HPOS="502" VPOS="1140" WIDTH="31" HEIGHT="9" WC="0.96" CONTENT="som"/>
						</TextLine>
						<TextLine ID="line_50" HPOS="80" VPOS="1154" WIDTH="453" HEIGHT="17">
							<String ID="string_375" HPOS="80" VPOS="1156" WIDTH="16" HEIGHT="12" WC="0.96" CONTENT="är"/><SP WIDTH="12" VPOS="1156" HPOS="96"/>
							<String ID="string_376" HPOS="108" VPOS="1154" WIDTH="39" HEIGHT="14" WC="0.96" CONTENT="delat"/><SP WIDTH="13" VPOS="1154" HPOS="147"/>
							<String ID="string_377" HPOS="160" VPOS="1154" WIDTH="5" HEIGHT="13" WC="0.96" CONTENT="i"/><SP WIDTH="13" VPOS="1154" HPOS="165"/>
							<String ID="string_378" HPOS="178" VPOS="1158" WIDTH="7" HEIGHT="10" WC="0.96" CONTENT="2"/><SP WIDTH="14" VPOS="1158" HPOS="185"/>
							<String ID="string_379" HPOS="199" VPOS="1155" WIDTH="61" HEIGHT="15" WC="0.96" CONTENT="kretsar,"/><SP WIDTH="13" VPOS="1155" HPOS="260"/>
							<String ID="string_380" HPOS="273" VPOS="1154" WIDTH="72" HEIGHT="16" WC="0.96" CONTENT="varjämte"/><SP WIDTH="12" VPOS="1154" HPOS="345"/>
							<String ID="string_381" HPOS="357" VPOS="1154" WIDTH="64" HEIGHT="17" WC="0.96" CONTENT="följande"/><SP WIDTH="12" VPOS="1154" HPOS="421"/>
							<String ID="string_382" HPOS="433" VPOS="1154" WIDTH="49" HEIGHT="13" WC="0.96" CONTENT="städer"/><SP WIDTH="12" VPOS="1154" HPOS="482"/>
							<String ID="string_383" HPOS="494" VPOS="1154" WIDTH="39" HEIGHT="13" WC="0.96" CONTENT="bilda"/>
						</TextLine>
						<TextLine ID="line_51" HPOS="80" VPOS="1172" WIDTH="454" HEIGHT="16">
							<String ID="string_384" HPOS="80" VPOS="1176" WIDTH="26" HEIGHT="10" WC="0.96" CONTENT="var"/><SP WIDTH="8" VPOS="1176" HPOS="106"/>
							<String ID="string_385" HPOS="114" VPOS="1172" WIDTH="21" HEIGHT="13" WC="0.96" CONTENT="sin"/><SP WIDTH="10" VPOS="1172" HPOS="135"/>
							<String ID="string_386" HPOS="145" VPOS="1172" WIDTH="68" HEIGHT="13" WC="0.96" CONTENT="valkrets:"/><SP WIDTH="10" VPOS="1172" HPOS="213"/>
							<String ID="string_387" HPOS="223" VPOS="1172" WIDTH="13" HEIGHT="16" WC="0.96" CONTENT="1)"/><SP WIDTH="9" VPOS="1172" HPOS="236"/>
							<String ID="string_388" HPOS="245" VPOS="1172" WIDTH="88" HEIGHT="16" WC="0.96" CONTENT="Stockholm,"/><SP WIDTH="10" VPOS="1172" HPOS="333"/>
							<String ID="string_389" HPOS="343" VPOS="1172" WIDTH="13" HEIGHT="16" WC="0.96" CONTENT="2)"/><SP WIDTH="10" VPOS="1172" HPOS="356"/>
							<String ID="string_390" HPOS="366" VPOS="1172" WIDTH="58" HEIGHT="16" WC="0.96" CONTENT="Malmö,"/><SP WIDTH="9" VPOS="1172" HPOS="424"/>
							<String ID="string_391" HPOS="433" VPOS="1172" WIDTH="101" HEIGHT="16" WC="0.96" CONTENT="Hälsingborg,"/>
						</TextLine>
						<TextLine ID="line_52" HPOS="80" VPOS="1190" WIDTH="454" HEIGHT="16">
							<String ID="string_392" HPOS="80" VPOS="1190" WIDTH="94" HEIGHT="13" WC="0.96" CONTENT="Landskrona"/><SP WIDTH="13" VPOS="1190" HPOS="174"/>
							<String ID="string_393" HPOS="187" VPOS="1190" WIDTH="27" HEIGHT="13" WC="0.96" CONTENT="och"/><SP WIDTH="12" VPOS="1190" HPOS="214"/>
							<String ID="string_394" HPOS="226" VPOS="1190" WIDTH="46" HEIGHT="16" WC="0.96" CONTENT="Lund,"/><SP WIDTH="14" VPOS="1190" HPOS="272"/>
							<String ID="string_395" HPOS="286" VPOS="1190" WIDTH="13" HEIGHT="16" WC="0.96" CONTENT="3)"/><SP WIDTH="13" VPOS="1190" HPOS="299"/>
							<String ID="string_396" HPOS="312" VPOS="1190" WIDTH="78" HEIGHT="16" WC="0.96" CONTENT="Göteborg."/><SP WIDTH="16" VPOS="1190" HPOS="390"/>
							<String ID="string_397" HPOS="406" VPOS="1190" WIDTH="29" HEIGHT="13" WC="0.96" CONTENT="Det"/><SP WIDTH="12" VPOS="1190" HPOS="435"/>
							<String ID="string_398" HPOS="447" VPOS="1190" WIDTH="41" HEIGHT="13" WC="0.93" CONTENT="antal"/><SP WIDTH="10" VPOS="1190" HPOS="488"/>
							<String ID="string_399" HPOS="498" VPOS="1190" WIDTH="36" HEIGHT="13" WC="0.92" CONTENT="riks-"/>
						</TextLine>
						<TextLine ID="line_53" HPOS="80" VPOS="1208" WIDTH="454" HEIGHT="16">
							<String ID="string_400" HPOS="80" VPOS="1208" WIDTH="74" HEIGHT="16" WC="0.91" CONTENT="dagsmän,"/><SP WIDTH="18" VPOS="1208" HPOS="154"/>
							<String ID="string_401" HPOS="172" VPOS="1208" WIDTH="41" HEIGHT="16" WC="0.96" CONTENT="varje"/><SP WIDTH="17" VPOS="1208" HPOS="213"/>
							<String ID="string_402" HPOS="230" VPOS="1208" WIDTH="64" HEIGHT="13" WC="0.96" CONTENT="valkrets"/><SP WIDTH="18" VPOS="1208" HPOS="294"/>
							<String ID="string_403" HPOS="312" VPOS="1209" WIDTH="33" HEIGHT="15" WC="0.95" CONTENT="äger"/><SP WIDTH="18" VPOS="1209" HPOS="345"/>
							<String ID="string_404" HPOS="363" VPOS="1209" WIDTH="36" HEIGHT="14" WC="0.95" CONTENT="utse,"/><SP WIDTH="18" VPOS="1209" HPOS="399"/>
							<String ID="string_405" HPOS="417" VPOS="1208" WIDTH="79" HEIGHT="13" WC="0.96" CONTENT="fastställes"/><SP WIDTH="16" VPOS="1208" HPOS="496"/>
							<String ID="string_406" HPOS="512" VPOS="1208" WIDTH="22" HEIGHT="13" WC="0.96" CONTENT="för"/>
						</TextLine>
						<TextLine ID="line_54" HPOS="80" VPOS="1225" WIDTH="454" HEIGHT="34">
							<String ID="string_407" HPOS="80" VPOS="1225" WIDTH="40" HEIGHT="34" WC="0.8" CONTENT="me"/><SP WIDTH="14" VPOS="1225" HPOS="120"/>
							<String ID="string_408" HPOS="134" VPOS="1225" WIDTH="107" HEIGHT="17" WC="0.96" CONTENT="fyraårsperiod"/><SP WIDTH="14" VPOS="1225" HPOS="241"/>
							<String ID="string_409" HPOS="255" VPOS="1229" WIDTH="19" HEIGHT="10" WC="0.96" CONTENT="av"/><SP WIDTH="15" VPOS="1229" HPOS="274"/>
							<String ID="string_410" HPOS="289" VPOS="1225" WIDTH="80" HEIGHT="17" WC="0.93" CONTENT="Konungen"/><SP WIDTH="16" VPOS="1225" HPOS="369"/>
							<String ID="string_411" HPOS="385" VPOS="1226" WIDTH="25" HEIGHT="16" WC="0.90" CONTENT="(K."/><SP WIDTH="13" VPOS="1226" HPOS="410"/>
							<String ID="string_412" HPOS="423" VPOS="1226" WIDTH="45" HEIGHT="16" WC="0.94" CONTENT="kung."/><SP WIDTH="15" VPOS="1226" HPOS="468"/>
							<String ID="string_413" HPOS="483" VPOS="1226" WIDTH="51" HEIGHT="13" WC="0.96" CONTENT="härom"/>
						</TextLine>
						<TextLine ID="line_55" HPOS="81" VPOS="1243" WIDTH="81" HEIGHT="17">
							<String ID="string_414" HPOS="81" VPOS="1243" WIDTH="24" HEIGHT="13" WC="0.47" CONTENT="2/5"/><SP WIDTH="11" VPOS="1243" HPOS="105"/>
							<String ID="string_415" HPOS="116" VPOS="1244" WIDTH="46" HEIGHT="16" WC="0.93" CONTENT="1932)."/>
						</TextLine>
					</TextBlock>
					<TextBlock ID="block_9" HPOS="80" VPOS="1261" WIDTH="456" HEIGHT="212">
						<TextLine ID="line_56" HPOS="98" VPOS="1261" WIDTH="436" HEIGHT="17">
							<String ID="string_416" HPOS="98" VPOS="1261" WIDTH="50" HEIGHT="13" WC="0.96" CONTENT="Andra"/><SP WIDTH="11" VPOS="1261" HPOS="148"/>
							<String ID="string_417" HPOS="159" VPOS="1261" WIDTH="91" HEIGHT="13" WC="0.96" CONTENT="kammarens"/><SP WIDTH="10" VPOS="1261" HPOS="250"/>
							<String ID="string_418" HPOS="260" VPOS="1261" WIDTH="79" HEIGHT="13" WC="0.96" CONTENT="ledamöter"/><SP WIDTH="10" VPOS="1261" HPOS="339"/>
							<String ID="string_419" HPOS="349" VPOS="1261" WIDTH="58" HEIGHT="17" WC="0.96" CONTENT="åtnjuta"/><SP WIDTH="10" VPOS="1261" HPOS="407"/>
							<String ID="string_420" HPOS="417" VPOS="1265" WIDTH="56" HEIGHT="9" WC="0.93" CONTENT="samma"/><SP WIDTH="9" VPOS="1265" HPOS="473"/>
							<String ID="string_421" HPOS="482" VPOS="1262" WIDTH="52" HEIGHT="12" WC="0.92" CONTENT="ersätt-"/>
						</TextLine>
						<TextLine ID="line_57" HPOS="80" VPOS="1279" WIDTH="455" HEIGHT="16">
							<String ID="string_422" HPOS="80" VPOS="1279" WIDTH="35" HEIGHT="16" WC="0.96" CONTENT="ning"/><SP WIDTH="12" VPOS="1279" HPOS="115"/>
							<String ID="string_423" HPOS="127" VPOS="1283" WIDTH="32" HEIGHT="9" WC="0.96" CONTENT="som"/><SP WIDTH="14" VPOS="1283" HPOS="159"/>
							<String ID="string_424" HPOS="173" VPOS="1279" WIDTH="51" HEIGHT="13" WC="0.96" CONTENT="Första"/><SP WIDTH="13" VPOS="1279" HPOS="224"/>
							<String ID="string_425" HPOS="237" VPOS="1279" WIDTH="95" HEIGHT="13" WC="0.90" CONTENT="kammarens."/><SP WIDTH="14" VPOS="1279" HPOS="332"/>
							<String ID="string_426" HPOS="346" VPOS="1286" WIDTH="18" HEIGHT="2" WC="0.90" CONTENT="—"/><SP WIDTH="13" VPOS="1286" HPOS="364"/>
							<String ID="string_427" HPOS="377" VPOS="1279" WIDTH="57" HEIGHT="13" WC="0.91" CONTENT="Valrätt"/><SP WIDTH="14" VPOS="1279" HPOS="434"/>
							<String ID="string_428" HPOS="448" VPOS="1279" WIDTH="87" HEIGHT="13" WC="0.95" CONTENT="tillkommer"/>
						</TextLine>
						<TextLine ID="line_58" HPOS="80" VPOS="1297" WIDTH="455" HEIGHT="16">
							<String ID="string_429" HPOS="80" VPOS="1300" WIDTH="45" HEIGHT="10" WC="0.96" CONTENT="envar"/><SP WIDTH="11" VPOS="1300" HPOS="125"/>
							<String ID="string_430" HPOS="136" VPOS="1297" WIDTH="53" HEIGHT="13" WC="0.96" CONTENT="svensk"/><SP WIDTH="8" VPOS="1297" HPOS="189"/>
							<String ID="string_431" HPOS="197" VPOS="1300" WIDTH="34" HEIGHT="10" WC="0.96" CONTENT="man"/><SP WIDTH="9" VPOS="1300" HPOS="231"/>
							<String ID="string_432" HPOS="240" VPOS="1297" WIDTH="27" HEIGHT="13" WC="0.96" CONTENT="och"/><SP WIDTH="9" VPOS="1297" HPOS="267"/>
							<String ID="string_433" HPOS="276" VPOS="1297" WIDTH="59" HEIGHT="16" WC="0.96" CONTENT="kvinna,"/><SP WIDTH="9" VPOS="1297" HPOS="335"/>
							<String ID="string_434" HPOS="344" VPOS="1300" WIDTH="31" HEIGHT="10" WC="0.96" CONTENT="som"/><SP WIDTH="8" VPOS="1300" HPOS="375"/>
							<String ID="string_435" HPOS="383" VPOS="1298" WIDTH="49" HEIGHT="12" WC="0.96" CONTENT="senast"/><SP WIDTH="8" VPOS="1298" HPOS="432"/>
							<String ID="string_436" HPOS="440" VPOS="1297" WIDTH="46" HEIGHT="13" WC="0.93" CONTENT="under"/><SP WIDTH="10" VPOS="1297" HPOS="486"/>
							<String ID="string_437" HPOS="496" VPOS="1298" WIDTH="39" HEIGHT="12" WC="0.92" CONTENT="näst-"/>
						</TextLine>
						<TextLine ID="line_59" HPOS="80" VPOS="1314" WIDTH="455" HEIGHT="17">
							<String ID="string_438" HPOS="80" VPOS="1314" WIDTH="86" HEIGHT="17" WC="0.96" CONTENT="föregående"/><SP WIDTH="12" VPOS="1314" HPOS="166"/>
							<String ID="string_439" HPOS="178" VPOS="1314" WIDTH="84" HEIGHT="14" WC="0.96" CONTENT="kalenderår"/><SP WIDTH="12" VPOS="1314" HPOS="262"/>
							<String ID="string_440" HPOS="274" VPOS="1314" WIDTH="33" HEIGHT="17" WC="0.95" CONTENT="fyllt"/><SP WIDTH="13" VPOS="1314" HPOS="307"/>
							<String ID="string_441" HPOS="320" VPOS="1318" WIDTH="17" HEIGHT="12" WC="0.96" CONTENT="23"/><SP WIDTH="13" VPOS="1318" HPOS="337"/>
							<String ID="string_442" HPOS="350" VPOS="1315" WIDTH="21" HEIGHT="16" WC="0.96" CONTENT="år,"/><SP WIDTH="12" VPOS="1315" HPOS="371"/>
							<String ID="string_443" HPOS="383" VPOS="1315" WIDTH="37" HEIGHT="13" WC="0.96" CONTENT="dock"/><SP WIDTH="12" VPOS="1315" HPOS="420"/>
							<String ID="string_444" HPOS="432" VPOS="1315" WIDTH="13" HEIGHT="16" WC="0.96" CONTENT="ej"/><SP WIDTH="13" VPOS="1315" HPOS="445"/>
							<String ID="string_445" HPOS="458" VPOS="1315" WIDTH="33" HEIGHT="15" WC="0.95" CONTENT="den,"/><SP WIDTH="13" VPOS="1315" HPOS="491"/>
							<String ID="string_446" HPOS="504" VPOS="1318" WIDTH="31" HEIGHT="10" WC="0.96" CONTENT="som"/>
						</TextLine>
						<TextLine ID="line_60" HPOS="80" VPOS="1332" WIDTH="454" HEIGHT="17">
							<String ID="string_447" HPOS="80" VPOS="1333" WIDTH="31" HEIGHT="13" WC="0.96" CONTENT="står"/><SP WIDTH="12" VPOS="1333" HPOS="111"/>
							<String ID="string_448" HPOS="123" VPOS="1332" WIDTH="46" HEIGHT="14" WC="0.93" CONTENT="under"/><SP WIDTH="12" VPOS="1332" HPOS="169"/>
							<String ID="string_449" HPOS="181" VPOS="1332" WIDTH="120" HEIGHT="17" WC="0.91" CONTENT="förmynderskap"/><SP WIDTH="12" VPOS="1332" HPOS="301"/>
							<String ID="string_450" HPOS="313" VPOS="1332" WIDTH="33" HEIGHT="14" WC="0.96" CONTENT="eller"/><SP WIDTH="12" VPOS="1332" HPOS="346"/>
							<String ID="string_451" HPOS="358" VPOS="1334" WIDTH="17" HEIGHT="11" WC="0.96" CONTENT="är"/><SP WIDTH="11" VPOS="1334" HPOS="375"/>
							<String ID="string_452" HPOS="386" VPOS="1332" WIDTH="5" HEIGHT="13" WC="0.93" CONTENT="i"/><SP WIDTH="3" VPOS="1332" HPOS="391"/>
							<String ID="string_453" HPOS="394" VPOS="1332" WIDTH="140" HEIGHT="16" WC="0.92" CONTENT="konkurstillstånd,"/>
						</TextLine>
						<TextLine ID="line_61" HPOS="80" VPOS="1350" WIDTH="455" HEIGHT="16">
							<String ID="string_454" HPOS="80" VPOS="1350" WIDTH="13" HEIGHT="16" WC="0.96" CONTENT="ej"/><SP WIDTH="13" VPOS="1350" HPOS="93"/>
							<String ID="string_455" HPOS="106" VPOS="1350" WIDTH="44" HEIGHT="13" WC="0.96" CONTENT="heller"/><SP WIDTH="11" VPOS="1350" HPOS="150"/>
							<String ID="string_456" HPOS="161" VPOS="1350" WIDTH="33" HEIGHT="16" WC="0.96" CONTENT="den,"/><SP WIDTH="10" VPOS="1350" HPOS="194"/>
							<String ID="string_457" HPOS="204" VPOS="1354" WIDTH="31" HEIGHT="9" WC="0.96" CONTENT="som"/><SP WIDTH="7" VPOS="1354" HPOS="235"/>
							<String ID="string_458" HPOS="242" VPOS="1351" WIDTH="16" HEIGHT="12" WC="0.96" CONTENT="är"/><SP WIDTH="7" VPOS="1351" HPOS="258"/>
							<String ID="string_459" HPOS="265" VPOS="1354" WIDTH="19" HEIGHT="9" WC="0.96" CONTENT="av"/><SP WIDTH="7" VPOS="1354" HPOS="284"/>
							<String ID="string_460" HPOS="291" VPOS="1350" WIDTH="73" HEIGHT="13" WC="0.96" CONTENT="allmänna"/><SP WIDTH="6" VPOS="1350" HPOS="364"/>
							<String ID="string_461" HPOS="370" VPOS="1350" WIDTH="98" HEIGHT="16" WC="0.93" CONTENT="fattigvården"/><SP WIDTH="8" VPOS="1350" HPOS="468"/>
							<String ID="string_462" HPOS="476" VPOS="1350" WIDTH="59" HEIGHT="13" WC="0.92" CONTENT="omhän-"/>
						</TextLine>
						<TextLine ID="line_62" HPOS="80" VPOS="1367" WIDTH="455" HEIGHT="17">
							<String ID="string_463" HPOS="80" VPOS="1368" WIDTH="69" HEIGHT="15" WC="0.92" CONTENT="dertagen"/><SP WIDTH="9" VPOS="1368" HPOS="149"/>
							<String ID="string_464" HPOS="158" VPOS="1368" WIDTH="21" HEIGHT="12" WC="0.96" CONTENT="för"/><SP WIDTH="9" VPOS="1368" HPOS="179"/>
							<String ID="string_465" HPOS="188" VPOS="1367" WIDTH="66" HEIGHT="17" WC="0.96" CONTENT="varaktig"/><SP WIDTH="8" VPOS="1367" HPOS="254"/>
							<String ID="string_466" HPOS="262" VPOS="1367" WIDTH="91" HEIGHT="17" WC="0.96" CONTENT="försörjning,"/><SP WIDTH="9" VPOS="1367" HPOS="353"/>
							<String ID="string_467" HPOS="362" VPOS="1367" WIDTH="33" HEIGHT="14" WC="0.96" CONTENT="eller"/><SP WIDTH="7" VPOS="1367" HPOS="395"/>
							<String ID="string_468" HPOS="402" VPOS="1368" WIDTH="33" HEIGHT="16" WC="0.96" CONTENT="den,"/><SP WIDTH="8" VPOS="1368" HPOS="435"/>
							<String ID="string_469" HPOS="443" VPOS="1371" WIDTH="32" HEIGHT="10" WC="0.96" CONTENT="som"/><SP WIDTH="7" VPOS="1371" HPOS="475"/>
							<String ID="string_470" HPOS="482" VPOS="1369" WIDTH="16" HEIGHT="12" WC="0.96" CONTENT="är"/><SP WIDTH="6" VPOS="1369" HPOS="498"/>
							<String ID="string_471" HPOS="504" VPOS="1368" WIDTH="31" HEIGHT="12" WC="0.96" CONTENT="från"/>
						</TextLine>
						<TextLine ID="line_63" HPOS="80" VPOS="1385" WIDTH="456" HEIGHT="17">
							<String ID="string_472" HPOS="80" VPOS="1385" WIDTH="73" HEIGHT="14" WC="0.92" CONTENT="valrätten"/><SP WIDTH="11" VPOS="1385" HPOS="153"/>
							<String ID="string_473" HPOS="164" VPOS="1385" WIDTH="72" HEIGHT="13" WC="0.95" CONTENT="utesluten"/><SP WIDTH="10" VPOS="1385" HPOS="236"/>
							<String ID="string_474" HPOS="246" VPOS="1385" WIDTH="19" HEIGHT="17" WC="0.96" CONTENT="på"/><SP WIDTH="10" VPOS="1385" HPOS="265"/>
							<String ID="string_475" HPOS="275" VPOS="1386" WIDTH="47" HEIGHT="15" WC="0.96" CONTENT="grund"/><SP WIDTH="10" VPOS="1386" HPOS="322"/>
							<String ID="string_476" HPOS="332" VPOS="1389" WIDTH="19" HEIGHT="9" WC="0.96" CONTENT="av"/><SP WIDTH="9" VPOS="1389" HPOS="351"/>
							<String ID="string_477" HPOS="360" VPOS="1386" WIDTH="54" HEIGHT="13" WC="0.93" CONTENT="honom"/><SP WIDTH="10" VPOS="1386" HPOS="414"/>
							<String ID="string_478" HPOS="424" VPOS="1385" WIDTH="53" HEIGHT="14" WC="0.90" CONTENT="ådömd"/><SP WIDTH="10" VPOS="1385" HPOS="477"/>
							<String ID="string_479" HPOS="487" VPOS="1386" WIDTH="49" HEIGHT="13" WC="0.91" CONTENT="straff-"/>
						</TextLine>
						<TextLine ID="line_64" HPOS="80" VPOS="1403" WIDTH="456" HEIGHT="17">
							<String ID="string_480" HPOS="80" VPOS="1403" WIDTH="61" HEIGHT="17" WC="0.96" CONTENT="påföljd,"/><SP WIDTH="10" VPOS="1403" HPOS="141"/>
							<String ID="string_481" HPOS="151" VPOS="1403" WIDTH="13" HEIGHT="16" WC="0.96" CONTENT="ej"/><SP WIDTH="8" VPOS="1403" HPOS="164"/>
							<String ID="string_482" HPOS="172" VPOS="1403" WIDTH="44" HEIGHT="13" WC="0.96" CONTENT="heller"/><SP WIDTH="10" VPOS="1403" HPOS="216"/>
							<String ID="string_483" HPOS="226" VPOS="1403" WIDTH="93" HEIGHT="16" WC="0.96" CONTENT="värnpliktig,"/><SP WIDTH="10" VPOS="1403" HPOS="319"/>
							<String ID="string_484" HPOS="329" VPOS="1407" WIDTH="32" HEIGHT="9" WC="0.96" CONTENT="som"/><SP WIDTH="9" VPOS="1407" HPOS="361"/>
							<String ID="string_485" HPOS="370" VPOS="1403" WIDTH="31" HEIGHT="13" WC="0.96" CONTENT="icke"/><SP WIDTH="9" VPOS="1403" HPOS="401"/>
							<String ID="string_486" HPOS="410" VPOS="1403" WIDTH="65" HEIGHT="16" WC="0.96" CONTENT="fullgjort"/><SP WIDTH="8" VPOS="1403" HPOS="475"/>
							<String ID="string_487" HPOS="483" VPOS="1404" WIDTH="18" HEIGHT="13" WC="0.93" CONTENT="de"/><SP WIDTH="10" VPOS="1404" HPOS="501"/>
							<String ID="string_488" HPOS="511" VPOS="1404" WIDTH="25" HEIGHT="12" WC="0.92" CONTENT="ho-"/>
						</TextLine>
						<TextLine ID="line_65" HPOS="81" VPOS="1421" WIDTH="455" HEIGHT="16">
							<String ID="string_489" HPOS="81" VPOS="1424" WIDTH="35" HEIGHT="10" WC="0.93" CONTENT="nom"/><SP WIDTH="14" VPOS="1424" HPOS="116"/>
							<String ID="string_490" HPOS="130" VPOS="1422" WIDTH="11" HEIGHT="12" WC="0.47" CONTENT="t,"/><SP WIDTH="14" VPOS="1422" HPOS="141"/>
							<String ID="string_491" HPOS="155" VPOS="1425" WIDTH="14" HEIGHT="9" WC="0.92" CONTENT="o."/><SP WIDTH="9" VPOS="1425" HPOS="169"/>
							<String ID="string_492" HPOS="178" VPOS="1425" WIDTH="20" HEIGHT="9" WC="0.91" CONTENT="m."/><SP WIDTH="15" VPOS="1425" HPOS="198"/>
							<String ID="string_493" HPOS="213" VPOS="1421" WIDTH="74" HEIGHT="16" WC="0.95" CONTENT="utgången"/><SP WIDTH="13" VPOS="1421" HPOS="287"/>
							<String ID="string_494" HPOS="300" VPOS="1425" WIDTH="19" HEIGHT="9" WC="0.91" CONTENT="av"/><SP WIDTH="9" VPOS="1425" HPOS="319"/>
							<String ID="string_495" HPOS="328" VPOS="1421" WIDTH="99" HEIGHT="13" WC="0.91" CONTENT="sistförflutna"/><SP WIDTH="9" VPOS="1421" HPOS="427"/>
							<String ID="string_496" HPOS="436" VPOS="1421" WIDTH="100" HEIGHT="13" WC="0.96" CONTENT="kalenderåret"/>
						</TextLine>
						<TextLine ID="line_66" HPOS="82" VPOS="1438" WIDTH="454" HEIGHT="17">
							<String ID="string_497" HPOS="82" VPOS="1438" WIDTH="77" HEIGHT="17" WC="0.92" CONTENT="åliggande"/><SP WIDTH="13" VPOS="1438" HPOS="159"/>
							<String ID="string_498" HPOS="172" VPOS="1439" WIDTH="160" HEIGHT="16" WC="0.91" CONTENT="värnpliktsövningar."/><SP WIDTH="24" VPOS="1439" HPOS="332"/>
							<String ID="string_499" HPOS="356" VPOS="1439" WIDTH="62" HEIGHT="13" WC="0.95" CONTENT="Valbara"/><SP WIDTH="11" VPOS="1439" HPOS="418"/>
							<String ID="string_500" HPOS="429" VPOS="1440" WIDTH="26" HEIGHT="12" WC="0.97" CONTENT="äro"/><SP WIDTH="11" VPOS="1440" HPOS="455"/>
							<String ID="string_501" HPOS="466" VPOS="1440" WIDTH="34" HEIGHT="12" WC="0.96" CONTENT="män"/><SP WIDTH="9" VPOS="1440" HPOS="500"/>
							<String ID="string_502" HPOS="509" VPOS="1439" WIDTH="27" HEIGHT="13" WC="0.97" CONTENT="och"/>
						</TextLine>
						<TextLine ID="line_67" HPOS="81" VPOS="1456" WIDTH="455" HEIGHT="17">
							<String ID="string_503" HPOS="81" VPOS="1457" WIDTH="69" HEIGHT="15" WC="0.95" CONTENT="kvinnor,"/><SP WIDTH="7" VPOS="1457" HPOS="150"/>
							<String ID="string_504" HPOS="157" VPOS="1460" WIDTH="31" HEIGHT="10" WC="0.96" CONTENT="som"/><SP WIDTH="8" VPOS="1460" HPOS="188"/>
							<String ID="string_505" HPOS="196" VPOS="1458" WIDTH="26" HEIGHT="15" WC="0.93" CONTENT="äga"/><SP WIDTH="7" VPOS="1458" HPOS="222"/>
							<String ID="string_506" HPOS="229" VPOS="1456" WIDTH="55" HEIGHT="14" WC="0.92" CONTENT="valrätt"/><SP WIDTH="5" VPOS="1456" HPOS="284"/>
							<String ID="string_507" HPOS="289" VPOS="1456" WIDTH="40" HEIGHT="14" WC="0.96" CONTENT="inom"/><SP WIDTH="5" VPOS="1456" HPOS="329"/>
							<String ID="string_508" HPOS="334" VPOS="1457" WIDTH="82" HEIGHT="13" WC="0.96" CONTENT="valkretsen"/><SP WIDTH="5" VPOS="1457" HPOS="416"/>
							<String ID="string_509" HPOS="421" VPOS="1457" WIDTH="39" HEIGHT="16" WC="0.96" CONTENT="eller,"/><SP WIDTH="4" VPOS="1457" HPOS="460"/>
							<String ID="string_510" HPOS="464" VPOS="1457" WIDTH="27" HEIGHT="13" WC="0.96" CONTENT="där"/><SP WIDTH="5" VPOS="1457" HPOS="491"/>
							<String ID="string_511" HPOS="496" VPOS="1456" WIDTH="40" HEIGHT="17" WC="0.96" CONTENT="fråga"/>
						</TextLine>
					</TextBlock>
				</ComposedBlock>
				<ComposedBlock ID="cblock_8" HPOS="538" VPOS="328" WIDTH="464" HEIGHT="106">
					<TextBlock ID="block_10" HPOS="538" VPOS="328" WIDTH="463" HEIGHT="31">
						<TextLine ID="line_68" HPOS="538" VPOS="328" WIDTH="463" HEIGHT="20">
							<String ID="string_512" HPOS="538" VPOS="328" WIDTH="1" HEIGHT="20" WC="0.91" CONTENT="|"/><SP WIDTH="9" VPOS="328" HPOS="539"/>
							<String ID="string_513" HPOS="548" VPOS="329" WIDTH="16" HEIGHT="12" WC="0.91" CONTENT="är"/><SP WIDTH="8" VPOS="329" HPOS="564"/>
							<String ID="string_514" HPOS="572" VPOS="332" WIDTH="24" HEIGHT="9" WC="0.95" CONTENT="om"/><SP WIDTH="9" VPOS="332" HPOS="596"/>
							<String ID="string_515" HPOS="605" VPOS="328" WIDTH="37" HEIGHT="16" WC="0.96" CONTENT="stad,"/><SP WIDTH="10" VPOS="328" HPOS="642"/>
							<String ID="string_516" HPOS="652" VPOS="332" WIDTH="31" HEIGHT="9" WC="0.96" CONTENT="som"/><SP WIDTH="10" VPOS="332" HPOS="683"/>
							<String ID="string_517" HPOS="693" VPOS="328" WIDTH="48" HEIGHT="13" WC="0.96" CONTENT="består"/><SP WIDTH="7" VPOS="328" HPOS="741"/>
							<String ID="string_518" HPOS="748" VPOS="332" WIDTH="19" HEIGHT="9" WC="0.96" CONTENT="av"/><SP WIDTH="7" VPOS="332" HPOS="767"/>
							<String ID="string_519" HPOS="774" VPOS="328" WIDTH="36" HEIGHT="13" WC="0.96" CONTENT="flera"/><SP WIDTH="7" VPOS="328" HPOS="810"/>
							<String ID="string_520" HPOS="817" VPOS="328" WIDTH="85" HEIGHT="16" WC="0.96" CONTENT="valkretsar,"/><SP WIDTH="7" VPOS="328" HPOS="902"/>
							<String ID="string_521" HPOS="909" VPOS="328" WIDTH="39" HEIGHT="13" WC="0.96" CONTENT="inom"/><SP WIDTH="6" VPOS="328" HPOS="948"/>
							<String ID="string_522" HPOS="954" VPOS="328" WIDTH="47" HEIGHT="16" WC="0.96" CONTENT="någon"/>
						</TextLine>
						<TextLine ID="line_69" HPOS="548" VPOS="346" WIDTH="72" HEIGHT="13">
							<String ID="string_523" HPOS="548" VPOS="350" WIDTH="19" HEIGHT="9" WC="0.96" CONTENT="av"/><SP WIDTH="7" VPOS="350" HPOS="567"/>
							<String ID="string_524" HPOS="574" VPOS="346" WIDTH="46" HEIGHT="13" WC="0.91" CONTENT="dessa."/>
						</TextLine>
					</TextBlock>
					<TextBlock ID="block_11" HPOS="548" VPOS="363" WIDTH="454" HEIGHT="32">
						<TextLine ID="line_70" HPOS="566" VPOS="363" WIDTH="436" HEIGHT="17">
							<String ID="string_525" HPOS="566" VPOS="364" WIDTH="27" HEIGHT="13" WC="0.96" CONTENT="Till"/><SP WIDTH="9" VPOS="364" HPOS="593"/>
							<String ID="string_526" HPOS="602" VPOS="364" WIDTH="37" HEIGHT="13" WC="0.96" CONTENT="båda"/><SP WIDTH="8" VPOS="364" HPOS="639"/>
							<String ID="string_527" HPOS="647" VPOS="364" WIDTH="77" HEIGHT="13" WC="0.96" CONTENT="kamrarna"/><SP WIDTH="7" VPOS="364" HPOS="724"/>
							<String ID="string_528" HPOS="731" VPOS="364" WIDTH="26" HEIGHT="13" WC="0.96" CONTENT="ske"/><SP WIDTH="8" VPOS="364" HPOS="757"/>
							<String ID="string_529" HPOS="765" VPOS="363" WIDTH="41" HEIGHT="14" WC="0.96" CONTENT="valen"/><SP WIDTH="8" VPOS="363" HPOS="806"/>
							<String ID="string_530" HPOS="814" VPOS="364" WIDTH="33" HEIGHT="13" WC="0.96" CONTENT="med"/><SP WIDTH="8" VPOS="364" HPOS="847"/>
							<String ID="string_531" HPOS="855" VPOS="364" WIDTH="110" HEIGHT="16" WC="0.92" CONTENT="proportionellt"/><SP WIDTH="6" VPOS="364" HPOS="965"/>
							<String ID="string_532" HPOS="971" VPOS="363" WIDTH="31" HEIGHT="14" WC="0.91" CONTENT="val-"/>
						</TextLine>
						<TextLine ID="line_71" HPOS="548" VPOS="383" WIDTH="35" HEIGHT="12">
							<String ID="string_533" HPOS="548" VPOS="383" WIDTH="35" HEIGHT="12" WC="0.94" CONTENT="sätt."/>
						</TextLine>
					</TextBlock>
					<TextBlock ID="block_12" HPOS="550" VPOS="399" WIDTH="451" HEIGHT="35">
						<TextLine ID="line_72" HPOS="567" VPOS="399" WIDTH="434" HEIGHT="14">
							<String ID="string_534" HPOS="567" VPOS="399" WIDTH="76" HEIGHT="14" WC="0.96" CONTENT="Allmänna"/><SP WIDTH="8" VPOS="399" HPOS="643"/>
							<String ID="string_535" HPOS="651" VPOS="399" WIDTH="25" HEIGHT="14" WC="0.96" CONTENT="val"/><SP WIDTH="9" VPOS="399" HPOS="676"/>
							<String ID="string_536" HPOS="685" VPOS="399" WIDTH="21" HEIGHT="14" WC="0.96" CONTENT="till"/><SP WIDTH="9" VPOS="399" HPOS="706"/>
							<String ID="string_537" HPOS="715" VPOS="399" WIDTH="49" HEIGHT="14" WC="0.96" CONTENT="Andra"/><SP WIDTH="9" VPOS="399" HPOS="764"/>
							<String ID="string_538" HPOS="773" VPOS="400" WIDTH="83" HEIGHT="13" WC="0.96" CONTENT="kammaren"/><SP WIDTH="9" VPOS="400" HPOS="856"/>
							<String ID="string_539" HPOS="865" VPOS="400" WIDTH="54" HEIGHT="13" WC="0.96" CONTENT="skedde"/><SP WIDTH="9" VPOS="400" HPOS="919"/>
							<String ID="string_540" HPOS="928" VPOS="401" WIDTH="48" HEIGHT="12" WC="0.95" CONTENT="senast"/><SP WIDTH="10" VPOS="401" HPOS="976"/>
							<String ID="string_541" HPOS="986" VPOS="400" WIDTH="15" HEIGHT="13" WC="0.95" CONTENT="år"/>
						</TextLine>
						<TextLine ID="line_73" HPOS="550" VPOS="417" WIDTH="377" HEIGHT="17">
							<String ID="string_542" HPOS="550" VPOS="421" WIDTH="39" HEIGHT="13" WC="0.96" CONTENT="1932,"/><SP WIDTH="9" VPOS="421" HPOS="589"/>
							<String ID="string_543" HPOS="598" VPOS="418" WIDTH="39" HEIGHT="13" WC="0.96" CONTENT="vilka"/><SP WIDTH="9" VPOS="418" HPOS="637"/>
							<String ID="string_544" HPOS="646" VPOS="417" WIDTH="24" HEIGHT="14" WC="0.96" CONTENT="val"/><SP WIDTH="8" VPOS="417" HPOS="670"/>
							<String ID="string_545" HPOS="678" VPOS="417" WIDTH="36" HEIGHT="16" WC="0.96" CONTENT="gälla"/><SP WIDTH="9" VPOS="417" HPOS="714"/>
							<String ID="string_546" HPOS="723" VPOS="418" WIDTH="22" HEIGHT="12" WC="0.96" CONTENT="för"/><SP WIDTH="9" VPOS="418" HPOS="745"/>
							<String ID="string_547" HPOS="754" VPOS="417" WIDTH="67" HEIGHT="17" WC="0.91" CONTENT="perioden"/><SP WIDTH="10" VPOS="417" HPOS="821"/>
							<String ID="string_548" HPOS="831" VPOS="418" WIDTH="96" HEIGHT="16" WC="0.89" CONTENT="1933—1936."/>
						</TextLine>
					</TextBlock>
				</ComposedBlock>
				<ComposedBlock ID="cblock_9" HPOS="630" VPOS="481" WIDTH="290" HEIGHT="95">
					<TextBlock ID="block_13" HPOS="630" VPOS="481" WIDTH="290" HEIGHT="95">
						<TextLine ID="line_74" HPOS="668" VPOS="481" WIDTH="209" HEIGHT="18">
							<String ID="string_549" HPOS="668" VPOS="481" WIDTH="74" HEIGHT="18" WC="0.95" CONTENT="Första"/><SP WIDTH="14" VPOS="481" HPOS="742"/>
							<String ID="string_550" HPOS="756" VPOS="481" WIDTH="121" HEIGHT="18" WC="0.47" CONTENT="kammaren."/>
						</TextLine>
						<TextLine ID="line_75" HPOS="688" VPOS="518" WIDTH="173" HEIGHT="18">
							<String ID="string_551" HPOS="688" VPOS="518" WIDTH="114" HEIGHT="17" WC="0.96" CONTENT="Stockholms"/><SP WIDTH="12" VPOS="518" HPOS="802"/>
							<String ID="string_552" HPOS="814" VPOS="518" WIDTH="47" HEIGHT="18" WC="0.95" CONTENT="stad."/>
						</TextLine>
						<TextLine ID="line_76" HPOS="630" VPOS="553" WIDTH="290" HEIGHT="23">
							<String ID="string_553" HPOS="630" VPOS="553" WIDTH="125" HEIGHT="21" WC="0.92" CONTENT="(Mandattiden"/><SP WIDTH="13" VPOS="553" HPOS="755"/>
							<String ID="string_554" HPOS="768" VPOS="554" WIDTH="49" HEIGHT="21" WC="0.96" CONTENT="utgår"/><SP WIDTH="12" VPOS="554" HPOS="817"/>
							<String ID="string_555" HPOS="829" VPOS="554" WIDTH="19" HEIGHT="17" WC="0.96" CONTENT="år"/><SP WIDTH="14" VPOS="554" HPOS="848"/>
							<String ID="string_556" HPOS="862" VPOS="554" WIDTH="58" HEIGHT="22" WC="0.95" CONTENT="1937.)"/>
						</TextLine>
					</TextBlock>
				</ComposedBlock>
				<ComposedBlock ID="cblock_10" HPOS="549" VPOS="588" WIDTH="457" HEIGHT="594">
					<TextBlock ID="block_14" HPOS="549" VPOS="588" WIDTH="453" HEIGHT="46">
						<TextLine ID="line_77" HPOS="549" VPOS="588" WIDTH="453" HEIGHT="24">
							<String ID="string_557" HPOS="549" VPOS="589" WIDTH="85" HEIGHT="20" WC="0.91" CONTENT="Klefbeck,"/><SP WIDTH="15" VPOS="589" HPOS="634"/>
							<String ID="string_558" HPOS="649" VPOS="590" WIDTH="52" HEIGHT="16" WC="0.96" CONTENT="Ernst"/><SP WIDTH="12" VPOS="590" HPOS="701"/>
							<String ID="string_559" HPOS="713" VPOS="590" WIDTH="65" HEIGHT="20" WC="0.92" CONTENT="Alarik,"/><SP WIDTH="14" VPOS="590" HPOS="778"/>
							<String ID="string_560" HPOS="792" VPOS="590" WIDTH="77" HEIGHT="22" WC="0.91" CONTENT="Kyrkoh."/><SP WIDTH="14" VPOS="590" HPOS="869"/>
							<String ID="string_561" HPOS="883" VPOS="588" WIDTH="52" HEIGHT="23" WC="0.92" CONTENT="[713],"/><SP WIDTH="14" VPOS="588" HPOS="935"/>
							<String ID="string_562" HPOS="949" VPOS="591" WIDTH="11" HEIGHT="15" WC="0.92" CONTENT="f."/><SP WIDTH="14" VPOS="591" HPOS="960"/>
							<String ID="string_563" HPOS="974" VPOS="591" WIDTH="28" HEIGHT="18" WC="0.97" CONTENT="66;"/>
						</TextLine>
						<TextLine ID="line_78" HPOS="574" VPOS="612" WIDTH="201" HEIGHT="22">
							<String ID="string_564" HPOS="574" VPOS="615" WIDTH="22" HEIGHT="15" WC="0.92" CONTENT="29"/><SP WIDTH="12" VPOS="615" HPOS="596"/>
							<String ID="string_565" HPOS="608" VPOS="612" WIDTH="42" HEIGHT="22" WC="0.86" CONTENT="(adr."/><SP WIDTH="14" VPOS="612" HPOS="650"/>
							<String ID="string_566" HPOS="664" VPOS="612" WIDTH="111" HEIGHT="21" WC="0.96" CONTENT="Stockholm)."/>
						</TextLine>
					</TextBlock>
					<TextBlock ID="block_15" HPOS="549" VPOS="636" WIDTH="454" HEIGHT="45">
						<TextLine ID="line_79" HPOS="549" VPOS="636" WIDTH="454" HEIGHT="23">
							<String ID="string_567" HPOS="549" VPOS="637" WIDTH="82" HEIGHT="22" WC="0.96" CONTENT="Trygger,"/><SP WIDTH="13" VPOS="637" HPOS="631"/>
							<String ID="string_568" HPOS="644" VPOS="638" WIDTH="56" HEIGHT="19" WC="0.93" CONTENT="Ernst,"/><SP WIDTH="14" VPOS="638" HPOS="700"/>
							<String ID="string_569" HPOS="714" VPOS="638" WIDTH="121" HEIGHT="16" WC="0.92" CONTENT="Univ.kansler"/><SP WIDTH="12" VPOS="638" HPOS="835"/>
							<String ID="string_570" HPOS="847" VPOS="636" WIDTH="53" HEIGHT="22" WC="0.93" CONTENT="[716],"/><SP WIDTH="13" VPOS="636" HPOS="900"/>
							<String ID="string_571" HPOS="913" VPOS="638" WIDTH="11" HEIGHT="16" WC="0.92" CONTENT="f."/><SP WIDTH="14" VPOS="638" HPOS="924"/>
							<String ID="string_572" HPOS="938" VPOS="637" WIDTH="28" HEIGHT="20" WC="0.96" CONTENT="57;"/><SP WIDTH="14" VPOS="637" HPOS="966"/>
							<String ID="string_573" HPOS="980" VPOS="638" WIDTH="23" HEIGHT="16" WC="0.96" CONTENT="29"/>
						</TextLine>
						<TextLine ID="line_80" HPOS="573" VPOS="660" WIDTH="167" HEIGHT="21">
							<String ID="string_574" HPOS="573" VPOS="660" WIDTH="42" HEIGHT="21" WC="0.92" CONTENT="(adr."/><SP WIDTH="14" VPOS="660" HPOS="615"/>
							<String ID="string_575" HPOS="629" VPOS="660" WIDTH="111" HEIGHT="21" WC="0.96" CONTENT="Stockholm)."/>
						</TextLine>
					</TextBlock>
					<TextBlock ID="block_16" HPOS="549" VPOS="683" WIDTH="454" HEIGHT="46">
						<TextLine ID="line_81" HPOS="549" VPOS="683" WIDTH="454" HEIGHT="23">
							<String ID="string_576" HPOS="549" VPOS="684" WIDTH="83" HEIGHT="20" WC="0.95" CONTENT="Stendahl,"/><SP WIDTH="19" VPOS="684" HPOS="632"/>
							<String ID="string_577" HPOS="651" VPOS="686" WIDTH="45" HEIGHT="19" WC="0.93" CONTENT="Sten,"/><SP WIDTH="20" VPOS="686" HPOS="696"/>
							<String ID="string_578" HPOS="716" VPOS="685" WIDTH="113" HEIGHT="16" WC="0.83" CONTENT="Grosshandl."/><SP WIDTH="16" VPOS="685" HPOS="829"/>
							<String ID="string_579" HPOS="845" VPOS="683" WIDTH="52" HEIGHT="23" WC="0.93" CONTENT="[968],"/><SP WIDTH="17" VPOS="683" HPOS="897"/>
							<String ID="string_580" HPOS="914" VPOS="686" WIDTH="11" HEIGHT="15" WC="0.92" CONTENT="f."/><SP WIDTH="14" VPOS="686" HPOS="925"/>
							<String ID="string_581" HPOS="939" VPOS="684" WIDTH="28" HEIGHT="20" WC="0.96" CONTENT="76;"/><SP WIDTH="14" VPOS="684" HPOS="967"/>
							<String ID="string_582" HPOS="981" VPOS="686" WIDTH="22" HEIGHT="16" WC="0.96" CONTENT="29"/>
						</TextLine>
						<TextLine ID="line_82" HPOS="573" VPOS="707" WIDTH="167" HEIGHT="22">
							<String ID="string_583" HPOS="573" VPOS="708" WIDTH="42" HEIGHT="21" WC="0.89" CONTENT="(adr."/><SP WIDTH="14" VPOS="708" HPOS="615"/>
							<String ID="string_584" HPOS="629" VPOS="707" WIDTH="111" HEIGHT="22" WC="0.96" CONTENT="Stockholm)."/>
						</TextLine>
					</TextBlock>
					<TextBlock ID="block_17" HPOS="550" VPOS="732" WIDTH="454" HEIGHT="70">
						<TextLine ID="line_83" HPOS="550" VPOS="732" WIDTH="454" HEIGHT="22">
							<String ID="string_585" HPOS="550" VPOS="732" WIDTH="73" HEIGHT="21" WC="0.92" CONTENT="Lindley,"/><SP WIDTH="17" VPOS="732" HPOS="623"/>
							<String ID="string_586" HPOS="640" VPOS="733" WIDTH="71" HEIGHT="16" WC="0.96" CONTENT="Charles"/><SP WIDTH="14" VPOS="733" HPOS="711"/>
							<String ID="string_587" HPOS="725" VPOS="733" WIDTH="65" HEIGHT="19" WC="0.96" CONTENT="Gustaf,"/><SP WIDTH="14" VPOS="733" HPOS="790"/>
							<String ID="string_588" HPOS="804" VPOS="733" WIDTH="27" HEIGHT="16" WC="0.93" CONTENT="Sv."/><SP WIDTH="14" VPOS="733" HPOS="831"/>
							<String ID="string_589" HPOS="845" VPOS="733" WIDTH="159" HEIGHT="21" WC="0.92" CONTENT="transportarbetar-"/>
						</TextLine>
						<TextLine ID="line_84" HPOS="574" VPOS="755" WIDTH="429" HEIGHT="22">
							<String ID="string_590" HPOS="574" VPOS="757" WIDTH="100" HEIGHT="16" WC="0.96" CONTENT="förbundets"/><SP WIDTH="19" VPOS="757" HPOS="674"/>
							<String ID="string_591" HPOS="693" VPOS="757" WIDTH="143" HEIGHT="19" WC="0.90" CONTENT="förtroendeman,"/><SP WIDTH="19" VPOS="757" HPOS="836"/>
							<String ID="string_592" HPOS="855" VPOS="757" WIDTH="11" HEIGHT="16" WC="0.90" CONTENT="f."/><SP WIDTH="17" VPOS="757" HPOS="866"/>
							<String ID="string_593" HPOS="883" VPOS="757" WIDTH="28" HEIGHT="19" WC="0.96" CONTENT="65;"/><SP WIDTH="15" VPOS="757" HPOS="911"/>
							<String ID="string_594" HPOS="926" VPOS="757" WIDTH="22" HEIGHT="16" WC="0.93" CONTENT="29"/><SP WIDTH="12" VPOS="757" HPOS="948"/>
							<String ID="string_595" HPOS="960" VPOS="755" WIDTH="43" HEIGHT="22" WC="0.90" CONTENT="(adr."/>
						</TextLine>
						<TextLine ID="line_85" HPOS="574" VPOS="778" WIDTH="121" HEIGHT="24">
							<String ID="string_596" HPOS="574" VPOS="778" WIDTH="121" HEIGHT="24" WC="0.96" CONTENT="Äppelviken)."/>
						</TextLine>
					</TextBlock>
					<TextBlock ID="block_18" HPOS="550" VPOS="802" WIDTH="454" HEIGHT="46">
						<TextLine ID="line_86" HPOS="550" VPOS="802" WIDTH="454" HEIGHT="23">
							<String ID="string_597" HPOS="550" VPOS="804" WIDTH="77" HEIGHT="19" WC="0.96" CONTENT="Forssell,"/><SP WIDTH="13" VPOS="804" HPOS="627"/>
							<String ID="string_598" HPOS="640" VPOS="805" WIDTH="41" HEIGHT="16" WC="0.95" CONTENT="Carl"/><SP WIDTH="12" VPOS="805" HPOS="681"/>
							<String ID="string_599" HPOS="693" VPOS="805" WIDTH="94" HEIGHT="19" WC="0.96" CONTENT="Abraham,"/><SP WIDTH="10" VPOS="805" HPOS="787"/>
							<String ID="string_600" HPOS="797" VPOS="805" WIDTH="87" HEIGHT="16" WC="0.96" CONTENT="Professor"/><SP WIDTH="8" VPOS="805" HPOS="884"/>
							<String ID="string_601" HPOS="892" VPOS="802" WIDTH="53" HEIGHT="23" WC="0.92" CONTENT="[723],"/><SP WIDTH="10" VPOS="802" HPOS="945"/>
							<String ID="string_602" HPOS="955" VPOS="805" WIDTH="11" HEIGHT="16" WC="0.92" CONTENT="f."/><SP WIDTH="10" VPOS="805" HPOS="966"/>
							<String ID="string_603" HPOS="976" VPOS="805" WIDTH="28" HEIGHT="19" WC="0.96" CONTENT="81;"/>
						</TextLine>
						<TextLine ID="line_87" HPOS="575" VPOS="826" WIDTH="202" HEIGHT="22">
							<String ID="string_604" HPOS="575" VPOS="829" WIDTH="22" HEIGHT="16" WC="0.93" CONTENT="29"/><SP WIDTH="12" VPOS="829" HPOS="597"/>
							<String ID="string_605" HPOS="609" VPOS="826" WIDTH="43" HEIGHT="22" WC="0.92" CONTENT="(adr."/><SP WIDTH="13" VPOS="826" HPOS="652"/>
							<String ID="string_606" HPOS="665" VPOS="826" WIDTH="112" HEIGHT="22" WC="0.95" CONTENT="Stockholm)."/>
						</TextLine>
					</TextBlock>
					<TextBlock ID="block_19" HPOS="550" VPOS="850" WIDTH="454" HEIGHT="45">
						<TextLine ID="line_88" HPOS="550" VPOS="850" WIDTH="454" HEIGHT="23">
							<String ID="string_607" HPOS="550" VPOS="852" WIDTH="81" HEIGHT="21" WC="0.96" CONTENT="Hagman,"/><SP WIDTH="19" VPOS="852" HPOS="631"/>
							<String ID="string_608" HPOS="650" VPOS="852" WIDTH="45" HEIGHT="16" WC="0.96" CONTENT="Emil"/><SP WIDTH="20" VPOS="852" HPOS="695"/>
							<String ID="string_609" HPOS="715" VPOS="852" WIDTH="61" HEIGHT="19" WC="0.92" CONTENT="Oskar,"/><SP WIDTH="20" VPOS="852" HPOS="776"/>
							<String ID="string_610" HPOS="796" VPOS="852" WIDTH="104" HEIGHT="16" WC="0.92" CONTENT="Kanslichef"/><SP WIDTH="16" VPOS="852" HPOS="900"/>
							<String ID="string_611" HPOS="916" VPOS="850" WIDTH="29" HEIGHT="22" WC="0.87" CONTENT="[96"/><SP WIDTH="8" VPOS="850" HPOS="945"/>
							<String ID="string_612" HPOS="953" VPOS="850" WIDTH="23" HEIGHT="23" WC="0.26" CONTENT="bl],"/><SP WIDTH="17" VPOS="850" HPOS="976"/>
							<String ID="string_613" HPOS="993" VPOS="853" WIDTH="11" HEIGHT="15" WC="0.92" CONTENT="f."/>
						</TextLine>
						<TextLine ID="line_89" HPOS="575" VPOS="874" WIDTH="231" HEIGHT="21">
							<String ID="string_614" HPOS="575" VPOS="876" WIDTH="28" HEIGHT="19" WC="0.96" CONTENT="80;"/><SP WIDTH="14" VPOS="876" HPOS="603"/>
							<String ID="string_615" HPOS="617" VPOS="876" WIDTH="22" HEIGHT="16" WC="0.93" CONTENT="29"/><SP WIDTH="12" VPOS="876" HPOS="639"/>
							<String ID="string_616" HPOS="651" VPOS="874" WIDTH="43" HEIGHT="21" WC="0.90" CONTENT="(adr."/><SP WIDTH="13" VPOS="874" HPOS="694"/>
							<String ID="string_617" HPOS="707" VPOS="874" WIDTH="99" HEIGHT="21" WC="0.96" CONTENT="Ulvsunda)."/>
						</TextLine>
					</TextBlock>
					<TextBlock ID="block_20" HPOS="551" VPOS="897" WIDTH="453" HEIGHT="47">
						<TextLine ID="line_90" HPOS="551" VPOS="897" WIDTH="453" HEIGHT="24">
							<String ID="string_618" HPOS="551" VPOS="899" WIDTH="75" HEIGHT="21" WC="0.95" CONTENT="Löfgren,"/><SP WIDTH="16" VPOS="899" HPOS="626"/>
							<String ID="string_619" HPOS="642" VPOS="900" WIDTH="52" HEIGHT="21" WC="0.96" CONTENT="Jonas"/><SP WIDTH="19" VPOS="900" HPOS="694"/>
							<String ID="string_620" HPOS="713" VPOS="900" WIDTH="50" HEIGHT="19" WC="0.96" CONTENT="Eliel,"/><SP WIDTH="20" VPOS="900" HPOS="763"/>
							<String ID="string_621" HPOS="783" VPOS="900" WIDTH="80" HEIGHT="16" WC="0.95" CONTENT="Advokat"/><SP WIDTH="19" VPOS="900" HPOS="863"/>
							<String ID="string_622" HPOS="882" VPOS="897" WIDTH="52" HEIGHT="23" WC="0.93" CONTENT="[194],"/><SP WIDTH="16" VPOS="897" HPOS="934"/>
							<String ID="string_623" HPOS="950" VPOS="900" WIDTH="12" HEIGHT="16" WC="0.92" CONTENT="f."/><SP WIDTH="14" VPOS="900" HPOS="962"/>
							<String ID="string_624" HPOS="976" VPOS="898" WIDTH="28" HEIGHT="21" WC="0.96" CONTENT="72;"/>
						</TextLine>
						<TextLine ID="line_91" HPOS="575" VPOS="922" WIDTH="202" HEIGHT="22">
							<String ID="string_625" HPOS="575" VPOS="924" WIDTH="22" HEIGHT="16" WC="0.93" CONTENT="29"/><SP WIDTH="13" VPOS="924" HPOS="597"/>
							<String ID="string_626" HPOS="610" VPOS="922" WIDTH="42" HEIGHT="22" WC="0.90" CONTENT="(adr."/><SP WIDTH="14" VPOS="922" HPOS="652"/>
							<String ID="string_627" HPOS="666" VPOS="922" WIDTH="111" HEIGHT="22" WC="0.96" CONTENT="Stockholm)."/>
						</TextLine>
					</TextBlock>
					<TextBlock ID="block_21" HPOS="550" VPOS="945" WIDTH="454" HEIGHT="47">
						<TextLine ID="line_92" HPOS="550" VPOS="945" WIDTH="454" HEIGHT="23">
							<String ID="string_628" HPOS="550" VPOS="947" WIDTH="61" HEIGHT="19" WC="0.96" CONTENT="Ström,"/><SP WIDTH="19" VPOS="947" HPOS="611"/>
							<String ID="string_629" HPOS="630" VPOS="948" WIDTH="40" HEIGHT="16" WC="0.96" CONTENT="Otto"/><SP WIDTH="19" VPOS="948" HPOS="670"/>
							<String ID="string_630" HPOS="689" VPOS="947" WIDTH="77" HEIGHT="20" WC="0.96" CONTENT="Fredrik,"/><SP WIDTH="17" VPOS="947" HPOS="766"/>
							<String ID="string_631" HPOS="783" VPOS="948" WIDTH="88" HEIGHT="15" WC="0.96" CONTENT="Redaktör"/><SP WIDTH="14" VPOS="948" HPOS="871"/>
							<String ID="string_632" HPOS="885" VPOS="945" WIDTH="53" HEIGHT="23" WC="0.91" CONTENT="[501],"/><SP WIDTH="14" VPOS="945" HPOS="938"/>
							<String ID="string_633" HPOS="952" VPOS="948" WIDTH="10" HEIGHT="16" WC="0.91" CONTENT="f."/><SP WIDTH="14" VPOS="948" HPOS="962"/>
							<String ID="string_634" HPOS="976" VPOS="948" WIDTH="28" HEIGHT="19" WC="0.96" CONTENT="80;"/>
						</TextLine>
						<TextLine ID="line_93" HPOS="576" VPOS="968" WIDTH="213" HEIGHT="24">
							<String ID="string_635" HPOS="576" VPOS="972" WIDTH="21" HEIGHT="15" WC="0.92" CONTENT="29"/><SP WIDTH="13" VPOS="972" HPOS="597"/>
							<String ID="string_636" HPOS="610" VPOS="970" WIDTH="44" HEIGHT="21" WC="0.92" CONTENT="(adr."/><SP WIDTH="13" VPOS="970" HPOS="654"/>
							<String ID="string_637" HPOS="667" VPOS="968" WIDTH="122" HEIGHT="24" WC="0.96" CONTENT="Äppelviken)."/>
						</TextLine>
					</TextBlock>
					<TextBlock ID="block_22" HPOS="551" VPOS="993" WIDTH="453" HEIGHT="46">
						<TextLine ID="line_94" HPOS="551" VPOS="993" WIDTH="453" HEIGHT="23">
							<String ID="string_638" HPOS="551" VPOS="994" WIDTH="82" HEIGHT="20" WC="0.96" CONTENT="Carlsson,"/><SP WIDTH="13" VPOS="994" HPOS="633"/>
							<String ID="string_639" HPOS="646" VPOS="995" WIDTH="45" HEIGHT="19" WC="0.96" CONTENT="Olof,"/><SP WIDTH="14" VPOS="995" HPOS="691"/>
							<String ID="string_640" HPOS="705" VPOS="996" WIDTH="42" HEIGHT="15" WC="0.95" CONTENT="Led."/><SP WIDTH="13" VPOS="996" HPOS="747"/>
							<String ID="string_641" HPOS="760" VPOS="1001" WIDTH="21" HEIGHT="10" WC="0.93" CONTENT="av"/><SP WIDTH="10" VPOS="1001" HPOS="781"/>
							<String ID="string_642" HPOS="791" VPOS="994" WIDTH="164" HEIGHT="22" WC="0.91" CONTENT="Försäkringsrådet"/><SP WIDTH="9" VPOS="994" HPOS="955"/>
							<String ID="string_643" HPOS="964" VPOS="993" WIDTH="40" HEIGHT="23" WC="0.94" CONTENT="[91],"/>
						</TextLine>
						<TextLine ID="line_95" HPOS="575" VPOS="1017" WIDTH="269" HEIGHT="22">
							<String ID="string_644" HPOS="575" VPOS="1020" WIDTH="11" HEIGHT="15" WC="0.92" CONTENT="f."/><SP WIDTH="14" VPOS="1020" HPOS="586"/>
							<String ID="string_645" HPOS="600" VPOS="1018" WIDTH="28" HEIGHT="20" WC="0.96" CONTENT="72;"/><SP WIDTH="14" VPOS="1018" HPOS="628"/>
							<String ID="string_646" HPOS="642" VPOS="1019" WIDTH="22" HEIGHT="16" WC="0.93" CONTENT="30"/><SP WIDTH="12" VPOS="1019" HPOS="664"/>
							<String ID="string_647" HPOS="676" VPOS="1017" WIDTH="42" HEIGHT="22" WC="0.90" CONTENT="(adr."/><SP WIDTH="14" VPOS="1017" HPOS="718"/>
							<String ID="string_648" HPOS="732" VPOS="1017" WIDTH="112" HEIGHT="22" WC="0.96" CONTENT="Stockholm)."/>
						</TextLine>
					</TextBlock>
					<TextBlock ID="block_23" HPOS="551" VPOS="1042" WIDTH="454" HEIGHT="44">
						<TextLine ID="line_96" HPOS="551" VPOS="1042" WIDTH="454" HEIGHT="20">
							<String ID="string_649" HPOS="551" VPOS="1042" WIDTH="75" HEIGHT="19" WC="0.96" CONTENT="Nerman,"/><SP WIDTH="19" VPOS="1042" HPOS="626"/>
							<String ID="string_650" HPOS="645" VPOS="1044" WIDTH="50" HEIGHT="18" WC="0.96" CONTENT="Ture,"/><SP WIDTH="20" VPOS="1044" HPOS="695"/>
							<String ID="string_651" HPOS="715" VPOS="1043" WIDTH="33" HEIGHT="16" WC="0.83" CONTENT="Fil."/><SP WIDTH="19" VPOS="1043" HPOS="748"/>
							<String ID="string_652" HPOS="767" VPOS="1043" WIDTH="28" HEIGHT="19" WC="0.92" CONTENT="K.,"/><SP WIDTH="15" VPOS="1043" HPOS="795"/>
							<String ID="string_653" HPOS="810" VPOS="1043" WIDTH="128" HEIGHT="19" WC="0.92" CONTENT="Skriftställare,"/><SP WIDTH="13" VPOS="1043" HPOS="938"/>
							<String ID="string_654" HPOS="951" VPOS="1043" WIDTH="11" HEIGHT="16" WC="0.90" CONTENT="f."/><SP WIDTH="15" VPOS="1043" HPOS="962"/>
							<String ID="string_655" HPOS="977" VPOS="1043" WIDTH="28" HEIGHT="19" WC="0.96" CONTENT="86;"/>
						</TextLine>
						<TextLine ID="line_97" HPOS="576" VPOS="1065" WIDTH="202" HEIGHT="21">
							<String ID="string_656" HPOS="576" VPOS="1067" WIDTH="21" HEIGHT="16" WC="0.85" CONTENT="31"/><SP WIDTH="13" VPOS="1067" HPOS="597"/>
							<String ID="string_657" HPOS="610" VPOS="1065" WIDTH="43" HEIGHT="21" WC="0.89" CONTENT="(adr."/><SP WIDTH="13" VPOS="1065" HPOS="653"/>
							<String ID="string_658" HPOS="666" VPOS="1065" WIDTH="112" HEIGHT="21" WC="0.96" CONTENT="Stockholm)."/>
						</TextLine>
					</TextBlock>
					<TextBlock ID="block_24" HPOS="551" VPOS="1089" WIDTH="453" HEIGHT="45">
						<TextLine ID="line_98" HPOS="551" VPOS="1089" WIDTH="453" HEIGHT="23">
							<String ID="string_659" HPOS="551" VPOS="1090" WIDTH="85" HEIGHT="21" WC="0.96" CONTENT="Branting,"/><SP WIDTH="19" VPOS="1090" HPOS="636"/>
							<String ID="string_660" HPOS="655" VPOS="1090" WIDTH="63" HEIGHT="21" WC="0.93" CONTENT="Georg,"/><SP WIDTH="17" VPOS="1090" HPOS="718"/>
							<String ID="string_661" HPOS="735" VPOS="1091" WIDTH="15" HEIGHT="21" WC="0.91" CONTENT="J."/><SP WIDTH="20" VPOS="1091" HPOS="750"/>
							<String ID="string_662" HPOS="770" VPOS="1091" WIDTH="28" HEIGHT="19" WC="0.91" CONTENT="K.,"/><SP WIDTH="19" VPOS="1091" HPOS="798"/>
							<String ID="string_663" HPOS="817" VPOS="1090" WIDTH="85" HEIGHT="20" WC="0.93" CONTENT="Advokat,"/><SP WIDTH="14" VPOS="1090" HPOS="902"/>
							<String ID="string_664" HPOS="916" VPOS="1091" WIDTH="11" HEIGHT="15" WC="0.93" CONTENT="f."/><SP WIDTH="14" VPOS="1091" HPOS="927"/>
							<String ID="string_665" HPOS="941" VPOS="1089" WIDTH="28" HEIGHT="20" WC="0.96" CONTENT="87;"/><SP WIDTH="14" VPOS="1089" HPOS="969"/>
							<String ID="string_666" HPOS="983" VPOS="1090" WIDTH="21" HEIGHT="17" WC="0.96" CONTENT="31"/>
						</TextLine>
						<TextLine ID="line_99" HPOS="575" VPOS="1112" WIDTH="169" HEIGHT="22">
							<String ID="string_667" HPOS="575" VPOS="1113" WIDTH="43" HEIGHT="21" WC="0.91" CONTENT="(adr."/><SP WIDTH="13" VPOS="1113" HPOS="618"/>
							<String ID="string_668" HPOS="631" VPOS="1112" WIDTH="113" HEIGHT="22" WC="0.96" CONTENT="Stockholm)."/>
						</TextLine>
					</TextBlock>
					<TextBlock ID="block_25" HPOS="552" VPOS="1136" WIDTH="454" HEIGHT="46">
						<TextLine ID="line_100" HPOS="552" VPOS="1136" WIDTH="454" HEIGHT="23">
							<String ID="string_669" HPOS="552" VPOS="1138" WIDTH="62" HEIGHT="21" WC="0.96" CONTENT="Bagge,"/><SP WIDTH="15" VPOS="1138" HPOS="614"/>
							<String ID="string_670" HPOS="629" VPOS="1139" WIDTH="53" HEIGHT="15" WC="0.96" CONTENT="Gösta"/><SP WIDTH="18" VPOS="1139" HPOS="682"/>
							<String ID="string_671" HPOS="700" VPOS="1138" WIDTH="100" HEIGHT="20" WC="0.96" CONTENT="Adolfsson,"/><SP WIDTH="19" VPOS="1138" HPOS="800"/>
							<String ID="string_672" HPOS="819" VPOS="1138" WIDTH="88" HEIGHT="16" WC="0.96" CONTENT="Professor"/><SP WIDTH="18" VPOS="1138" HPOS="907"/>
							<String ID="string_673" HPOS="925" VPOS="1136" WIDTH="53" HEIGHT="22" WC="0.92" CONTENT="[721],"/><SP WIDTH="17" VPOS="1136" HPOS="978"/>
							<String ID="string_674" HPOS="995" VPOS="1139" WIDTH="11" HEIGHT="15" WC="0.90" CONTENT="f."/>
						</TextLine>
						<TextLine ID="line_101" HPOS="576" VPOS="1160" WIDTH="244" HEIGHT="22">
							<String ID="string_675" HPOS="576" VPOS="1162" WIDTH="28" HEIGHT="19" WC="0.96" CONTENT="82;"/><SP WIDTH="14" VPOS="1162" HPOS="604"/>
							<String ID="string_676" HPOS="618" VPOS="1162" WIDTH="22" HEIGHT="16" WC="0.93" CONTENT="32"/><SP WIDTH="13" VPOS="1162" HPOS="640"/>
							<String ID="string_677" HPOS="653" VPOS="1160" WIDTH="42" HEIGHT="22" WC="0.91" CONTENT="(adr."/><SP WIDTH="13" VPOS="1160" HPOS="695"/>
							<String ID="string_678" HPOS="708" VPOS="1160" WIDTH="112" HEIGHT="22" WC="0.96" CONTENT="Stockholm)."/>
						</TextLine>
					</TextBlock>
				</ComposedBlock>
				<ComposedBlock ID="cblock_11" HPOS="553" VPOS="1230" WIDTH="402" HEIGHT="54">
					<TextBlock ID="block_26" HPOS="553" VPOS="1230" WIDTH="402" HEIGHT="54">
						<TextLine ID="line_102" HPOS="553" VPOS="1230" WIDTH="129" HEIGHT="24">
							<String ID="string_679" HPOS="553" VPOS="1230" WIDTH="129" HEIGHT="24" WC="0.88" CONTENT="[143—144]"/>
						</TextLine>
						<TextLine ID="line_103" HPOS="600" VPOS="1262" WIDTH="355" HEIGHT="22">
							<String ID="string_680" HPOS="600" VPOS="1262" WIDTH="115" HEIGHT="17" WC="0.96" CONTENT="Stockholms"/><SP WIDTH="12" VPOS="1262" HPOS="715"/>
							<String ID="string_681" HPOS="727" VPOS="1263" WIDTH="32" HEIGHT="16" WC="0.95" CONTENT="län"/><SP WIDTH="13" VPOS="1263" HPOS="759"/>
							<String ID="string_682" HPOS="772" VPOS="1262" WIDTH="32" HEIGHT="18" WC="0.96" CONTENT="och"/><SP WIDTH="16" VPOS="1262" HPOS="804"/>
							<String ID="string_683" HPOS="820" VPOS="1262" WIDTH="84" HEIGHT="22" WC="0.96" CONTENT="Uppsala"/><SP WIDTH="12" VPOS="1262" HPOS="904"/>
							<String ID="string_684" HPOS="916" VPOS="1263" WIDTH="39" HEIGHT="18" WC="0.93" CONTENT="län."/>
						</TextLine>
					</TextBlock>
				</ComposedBlock>
				<ComposedBlock ID="cblock_12" HPOS="633" VPOS="1297" WIDTH="290" HEIGHT="23">
					<TextBlock ID="block_27" HPOS="633" VPOS="1297" WIDTH="290" HEIGHT="23">
						<TextLine ID="line_104" HPOS="633" VPOS="1297" WIDTH="290" HEIGHT="23">
							<String ID="string_685" HPOS="633" VPOS="1297" WIDTH="124" HEIGHT="21" WC="0.91" CONTENT="(Mandattiden"/><SP WIDTH="13" VPOS="1297" HPOS="757"/>
							<String ID="string_686" HPOS="770" VPOS="1298" WIDTH="50" HEIGHT="22" WC="0.96" CONTENT="utgår"/><SP WIDTH="12" VPOS="1298" HPOS="820"/>
							<String ID="string_687" HPOS="832" VPOS="1298" WIDTH="19" HEIGHT="17" WC="0.96" CONTENT="år"/><SP WIDTH="14" VPOS="1298" HPOS="851"/>
							<String ID="string_688" HPOS="865" VPOS="1298" WIDTH="58" HEIGHT="22" WC="0.96" CONTENT="1938.)"/>
						</TextLine>
					</TextBlock>
				</ComposedBlock>
				<ComposedBlock ID="cblock_13" HPOS="553" VPOS="1332" WIDTH="454" HEIGHT="142">
					<TextBlock ID="block_28" HPOS="553" VPOS="1332" WIDTH="453" HEIGHT="46">
						<TextLine ID="line_105" HPOS="553" VPOS="1332" WIDTH="453" HEIGHT="24">
							<String ID="string_689" HPOS="553" VPOS="1333" WIDTH="63" HEIGHT="20" WC="0.87" CONTENT="Möller,"/><SP WIDTH="17" VPOS="1333" HPOS="616"/>
							<String ID="string_690" HPOS="633" VPOS="1334" WIDTH="45" HEIGHT="16" WC="0.96" CONTENT="Fritz"/><SP WIDTH="13" VPOS="1334" HPOS="678"/>
							<String ID="string_691" HPOS="691" VPOS="1334" WIDTH="70" HEIGHT="20" WC="0.96" CONTENT="Gustav,"/><SP WIDTH="14" VPOS="1334" HPOS="761"/>
							<String ID="string_692" HPOS="775" VPOS="1334" WIDTH="76" HEIGHT="17" WC="0.96" CONTENT="Statsråd"/><SP WIDTH="12" VPOS="1334" HPOS="851"/>
							<String ID="string_693" HPOS="863" VPOS="1332" WIDTH="40" HEIGHT="24" WC="0.93" CONTENT="[52],"/><SP WIDTH="14" VPOS="1332" HPOS="903"/>
							<String ID="string_694" HPOS="917" VPOS="1336" WIDTH="11" HEIGHT="15" WC="0.93" CONTENT="f."/><SP WIDTH="14" VPOS="1336" HPOS="928"/>
							<String ID="string_695" HPOS="942" VPOS="1335" WIDTH="28" HEIGHT="19" WC="0.96" CONTENT="84;"/><SP WIDTH="14" VPOS="1335" HPOS="970"/>
							<String ID="string_696" HPOS="984" VPOS="1336" WIDTH="22" HEIGHT="15" WC="0.96" CONTENT="30"/>
						</TextLine>
						<TextLine ID="line_106" HPOS="577" VPOS="1356" WIDTH="167" HEIGHT="22">
							<String ID="string_697" HPOS="577" VPOS="1356" WIDTH="42" HEIGHT="22" WC="0.92" CONTENT="(adr."/><SP WIDTH="14" VPOS="1356" HPOS="619"/>
							<String ID="string_698" HPOS="633" VPOS="1356" WIDTH="111" HEIGHT="21" WC="0.96" CONTENT="Stockholm)."/>
						</TextLine>
					</TextBlock>
					<TextBlock ID="block_29" HPOS="553" VPOS="1379" WIDTH="453" HEIGHT="48">
						<TextLine ID="line_107" HPOS="553" VPOS="1379" WIDTH="453" HEIGHT="24">
							<String ID="string_699" HPOS="553" VPOS="1381" WIDTH="58" HEIGHT="19" WC="0.75" CONTENT="Boreil,"/><SP WIDTH="19" VPOS="1381" HPOS="611"/>
							<String ID="string_700" HPOS="630" VPOS="1382" WIDTH="42" HEIGHT="16" WC="0.96" CONTENT="Karl"/><SP WIDTH="20" VPOS="1382" HPOS="672"/>
							<String ID="string_701" HPOS="692" VPOS="1382" WIDTH="62" HEIGHT="16" WC="0.96" CONTENT="Gustaf"/><SP WIDTH="16" VPOS="1382" HPOS="754"/>
							<String ID="string_702" HPOS="770" VPOS="1382" WIDTH="86" HEIGHT="20" WC="0.93" CONTENT="Theodor,"/><SP WIDTH="14" VPOS="1382" HPOS="856"/>
							<String ID="string_703" HPOS="870" VPOS="1382" WIDTH="70" HEIGHT="16" WC="0.92" CONTENT="Hhövd."/><SP WIDTH="13" VPOS="1382" HPOS="940"/>
							<String ID="string_704" HPOS="953" VPOS="1379" WIDTH="53" HEIGHT="24" WC="0.65" CONTENT="[216],"/>
						</TextLine>
						<TextLine ID="line_108" HPOS="578" VPOS="1404" WIDTH="332" HEIGHT="23">
							<String ID="string_705" HPOS="578" VPOS="1406" WIDTH="11" HEIGHT="15" WC="0.91" CONTENT="f."/><SP WIDTH="14" VPOS="1406" HPOS="589"/>
							<String ID="string_706" HPOS="603" VPOS="1406" WIDTH="27" HEIGHT="18" WC="0.96" CONTENT="69;"/><SP WIDTH="15" VPOS="1406" HPOS="630"/>
							<String ID="string_707" HPOS="645" VPOS="1406" WIDTH="22" HEIGHT="15" WC="0.93" CONTENT="30"/><SP WIDTH="12" VPOS="1406" HPOS="667"/>
							<String ID="string_708" HPOS="679" VPOS="1404" WIDTH="42" HEIGHT="21" WC="0.91" CONTENT="(adr."/><SP WIDTH="14" VPOS="1404" HPOS="721"/>
							<String ID="string_709" HPOS="735" VPOS="1404" WIDTH="175" HEIGHT="23" WC="0.88" CONTENT="Saltsjö-Storängen)."/>
						</TextLine>
					</TextBlock>
					<TextBlock ID="block_30" HPOS="554" VPOS="1428" WIDTH="453" HEIGHT="46">
						<TextLine ID="line_109" HPOS="554" VPOS="1428" WIDTH="453" HEIGHT="22">
							<String ID="string_710" HPOS="554" VPOS="1428" WIDTH="99" HEIGHT="19" WC="0.58" CONTENT="Wahlmark,"/><SP WIDTH="19" VPOS="1428" HPOS="653"/>
							<String ID="string_711" HPOS="672" VPOS="1429" WIDTH="39" HEIGHT="16" WC="0.96" CONTENT="Carl"/><SP WIDTH="15" VPOS="1429" HPOS="711"/>
							<String ID="string_712" HPOS="726" VPOS="1429" WIDTH="71" HEIGHT="19" WC="0.96" CONTENT="Primus,"/><SP WIDTH="14" VPOS="1429" HPOS="797"/>
							<String ID="string_713" HPOS="811" VPOS="1430" WIDTH="23" HEIGHT="15" WC="0.93" CONTENT="fd."/><SP WIDTH="14" VPOS="1430" HPOS="834"/>
							<String ID="string_714" HPOS="848" VPOS="1430" WIDTH="92" HEIGHT="20" WC="0.91" CONTENT="Typograf,"/><SP WIDTH="14" VPOS="1430" HPOS="940"/>
							<String ID="string_715" HPOS="954" VPOS="1430" WIDTH="10" HEIGHT="16" WC="0.91" CONTENT="f."/><SP WIDTH="14" VPOS="1430" HPOS="964"/>
							<String ID="string_716" HPOS="978" VPOS="1430" WIDTH="29" HEIGHT="18" WC="0.95" CONTENT="83;"/>
						</TextLine>
						<TextLine ID="line_110" HPOS="579" VPOS="1451" WIDTH="176" HEIGHT="23">
							<String ID="string_717" HPOS="579" VPOS="1452" WIDTH="22" HEIGHT="16" WC="0.93" CONTENT="30"/><SP WIDTH="12" VPOS="1452" HPOS="601"/>
							<String ID="string_718" HPOS="613" VPOS="1451" WIDTH="42" HEIGHT="21" WC="0.91" CONTENT="(adr."/><SP WIDTH="14" VPOS="1451" HPOS="655"/>
							<String ID="string_719" HPOS="669" VPOS="1451" WIDTH="86" HEIGHT="23" WC="0.94" CONTENT="Uppsala)."/>
						</TextLine>
					</TextBlock>
				</ComposedBlock>
				<ComposedBlock ID="cblock_14" HPOS="538" VPOS="350" WIDTH="9" HEIGHT="1120">
					<TextBlock ID="block_31" HPOS="538" VPOS="350" WIDTH="9" HEIGHT="1120">
						<TextLine ID="line_111" HPOS="538" VPOS="350" WIDTH="9" HEIGHT="1120">
							<String ID="string_720" HPOS="538" VPOS="350" WIDTH="9" HEIGHT="1120" WC="0.95" CONTENT=" "/>
						</TextLine>
					</TextBlock>
				</ComposedBlock>
				<ComposedBlock ID="cblock_15" HPOS="524" VPOS="1500" WIDTH="33" HEIGHT="17">
					<TextBlock ID="block_32" HPOS="524" VPOS="1500" WIDTH="33" HEIGHT="17">
						<TextLine ID="line_112" HPOS="524" VPOS="1500" WIDTH="33" HEIGHT="17">
							<String ID="string_721" HPOS="524" VPOS="1500" WIDTH="33" HEIGHT="17" WC="0.96" CONTENT="150"/>
						</TextLine>
					</TextBlock>
				</ComposedBlock>
			</PrintSpace>
		</Page>
	</Layout>
</alto>
