1066 1582
98 53 131 24 [142—143]

98 220 62 25 [142]

501 56 116 22 Riksdagen.

115 259 49 36 V.
214 258 290 48 Riksdagen,
535 259 111 37 dess
678 259 328 38 Ombudsmän

429 313 89 36 och
549 313 140 36 Verk.

249 390 144 28 Riksdagen.

114 432 67 16 Lagtima
194 432 59 16 riksdag
265 432 53 16 skall,
307 422 9 31 i
330 432 40 13 kraft
383 436 19 9 av
414 432 46 14 rikets
472 432 78 17 regerings-

95 449 42 17 form,
149 450 109 13 sammanträda
270 450 40 16 varje
322 450 16 13 år
349 450 27 13 den
390 454 17 9 10
418 450 57 17 januari
481 450 38 17 eller,
525 454 25 10 om

95 467 62 16 helgdag
164 468 18 12 då
190 468 73 15 inträffar,
270 468 46 15 dagen
323 468 68 13 därefter.

114 485 50 13 Första
175 484 87 14 kammarens
273 485 73 13 ledamöter
357 486 25 12 äro
394 488 26 12 150
431 485 27 13 och
470 485 46 16 väljas
528 485 22 13 för

95 502 33 14 åtta
138 502 20 16 år,
168 502 64 14 räknade
241 502 32 14 från
283 503 27 13 och
320 502 32 14 med
362 503 57 16 januari
428 503 60 13 månads
498 503 51 16 början

95 520 31 14 året
136 521 33 13 näst
179 521 36 13 efter
224 521 30 15 det,
264 521 45 13 under
319 520 45 14 vilket
374 521 38 13 valet
422 521 44 16 skett,
473 525 18 9 av
503 521 46 13 lands-

95 539 57 15 tingens
162 538 78 14 ledamöter
249 539 26 12 och
285 538 57 13 särskilt
352 539 60 13 utsedda
422 539 70 13 elektorer
501 539 22 13 för
532 539 17 13 de

95 557 54 15 städer,
158 560 30 9 som
198 557 13 16 ej
221 556 57 16 deltaga
288 556 4 13 i
302 556 77 16 landsting.
398 557 27 12 För
434 557 24 13 val
468 556 20 14 till
498 557 51 13 Första

95 574 83 13 kammaren
187 575 16 12 är
210 574 38 13 riket
256 574 54 13 indelat
319 574 4 13 i
333 578 16 12 19
357 574 84 13 valkretsar.
458 574 91 14 Stockbolms

94 592 33 13 stad
136 592 26 13 och
171 592 81 16 Göteborgs
260 592 32 13 stad
302 593 50 15 utgöra
361 596 26 9 var
396 592 21 13 för
425 592 22 16 sig
454 596 17 9 en
481 592 67 14 valkrets.

94 610 52 13 Annan
156 610 37 16 stad,
203 614 31 9 som
243 610 13 16 ej
266 610 64 15 deltager
338 610 5 13 i
353 610 76 16 landsting,
440 610 47 13 tillhör
493 614 55 10 samma

94 628 65 13 valkrets
170 632 31 9 som
212 628 25 13 det
249 628 143 15 landstingsområde,
404 628 32 13 vari
446 628 51 13 staden
509 628 39 13 förut

94 645 52 16 ingått.
169 645 41 13 Flera
222 645 148 17 landstingsområden
384 646 48 13 kunna
444 646 104 13 sammanföras

94 663 5 13 i
112 667 18 9 en
144 663 68 16 valkrets;
225 667 33 9 men
272 663 13 17 ej
299 663 23 13 må
336 663 138 16 landstingsområde
488 664 39 13 delas
540 664 8 13 å

94 681 46 13 skilda
153 681 84 13 valkretsar.
259 681 92 16 Indelningen
363 681 4 13 i
380 681 79 14 valkretsar
471 681 77 14 innehålles

94 699 5 13 i
110 698 70 17 vallagen.
201 699 28 13 För
240 699 40 16 varje
291 699 64 13 valkrets
366 699 45 17 väljes
422 699 36 13 efter
469 699 79 17 folkmäng-

94 717 27 13 den
135 717 37 13 inom
184 717 32 13 dess
227 717 59 13 område
298 721 17 9 en
327 717 98 16 riksdagsman
438 717 21 13 för
471 719 31 11 vart
515 717 33 13 fullt

95 734 25 16 tal,
128 735 101 13 motsvarande
238 735 28 15 '/:s5o
273 739 18 9 av
298 735 44 13 rikets
348 735 88 16 folkmängd.
447 735 101 13 Valkretsarna

93 752 55 13 indelas
155 752 4 13 i
167 752 31 13 åtta
206 756 67 13 grupper,
280 752 47 13 vilken
335 752 73 16 indelning
416 753 77 13 fastställes
506 753 4 13 i
518 753 29 13 val-

93 770 41 16 lagen.
158 770 43 16 Varje
210 770 15 13 år
234 770 45 13 under
288 770 80 17 september
377 771 52 12 månad
438 771 36 13 skall
483 771 38 13 inom
530 775 17 9 en

94 792 18 9 av
122 788 62 13 nämnda
193 792 62 12 grupper
264 788 68 13 förrättas
341 788 24 13 val
374 788 22 13 för
404 788 97 17 nästföljande
510 789 37 13 åtta-

94 806 73 16 årsperiod.
195 806 27 13 Det
237 806 40 13 antal
291 806 98 15 riksdagsmän
403 806 18 13 de
434 806 70 13 särskilda
518 806 29 13 val-

93 824 75 13 kretsarna
183 824 39 13 skola
238 826 32 11 utse
285 824 86 13 bestämmes
386 824 45 16 enligt
446 825 101 13 ovannämnda

94 845 41 10 norm
146 845 18 10 av
176 841 80 16 Konungen
267 843 32 12 vart
312 845 29 10 10:e
352 842 16 13 år
380 842 24 15 (K.
416 842 42 16 kung.
468 842 49 13 härom
526 841 21 17 '/;

95 860 46 15 1931).
164 859 69 13 Ledamot
247 863 18 9 av
279 860 50 13 Första
343 860 88 16 kammaren,
444 864 31 9 som
488 860 31 13 icke
532 861 16 12 är

94 877 49 13 bosatt
152 877 8 13 å
168 879 27 14 ort,
205 878 25 12 där
240 877 57 15 riksdag
306 877 48 16 hålles,
364 878 64 15 åtnjuter
437 882 18 8 av
464 878 83 13 statsmedel

93 895 95 13 resekostnad
200 895 21 13 till
228 895 26 13 och
262 895 31 13 från
301 895 74 16 riksdagen
383 895 46 17 jämte
435 897 22 11 ett
463 896 77 16 dagtrakta

93 915 48 11 mente
158 917 18 9 av
193 916 16 12 25
223 913 17 13 kr.
260 913 23 13 för
292 913 61 13 vardera
363 917 41 9 resan
414 915 38 11 samt
462 915 21 12 ett
493 914 54 13 arvode

92 931 47 13 under
147 931 76 16 riksdagen
234 935 18 9 av
263 935 40 11 4,000
315 931 21 13 kr.
353 931 50 13 Annan
412 931 60 13 ledamot
481 936 18 8 av
507 932 38 13 kam-

92 953 49 9 maren
157 949 65 16 åtnjuter
236 949 54 13 arvode
304 953 18 9 av
339 952 40 12 3,000
389 949 20 13 kr.
429 949 75 16 Därjämte
514 951 33 14 äger

92 967 104 14 riksdagsman,
206 970 30 9 som
247 967 44 12 under
301 967 58 15 lagtima
370 967 57 16 riksdag
438 967 35 13 efter
483 967 63 17 beviljad

92 984 63 16 ledighet
170 984 59 13 besöker
244 985 78 14 hemorten,
338 986 22 11 att
374 988 19 9 av
404 985 84 13 statsmedel
502 986 44 12 undfå

92 1002 80 16 ersättning
186 1002 22 13 för
221 1002 45 13 därav
279 1002 73 14 föranledd
363 1003 97 14 resekostnad,
474 1003 36 13 dock
525 1003 21 13 för

92 1020 41 14 högst
149 1024 7 12 5
170 1024 38 9 resor
222 1020 36 13 fram
269 1021 25 12 och
306 1020 35 13 åter.
361 1021 60 12 Valbara
432 1021 37 13 äro
459 1010 19 30 i
481 1021 64 13 kommu-

91 1041 52 10 nernas
157 1038 73 13 allmänna
244 1038 120 16 angelägenheter
378 1039 121 16 röstberättigade
512 1040 33 12 män

92 1056 26 13 och
130 1056 65 15 kvinnor,
206 1060 30 9 som
246 1056 64 16 uppnått
323 1060 13 11 35
348 1056 22 13 års
380 1056 44 13 ålder.

111 1074 48 13 Andra
168 1074 87 12 kammarens
263 1074 72 13 ledamöter
343 1075 25 12 äro
378 1078 29 12 230,
417 1074 42 13 valda
468 1074 22 13 för
498 1078 16 9 en
525 1074 20 13 tid

92 1095 19 9 av
120 1091 31 16 fyra
161 1091 15 13 år.
190 1091 63 13 räknade
262 1091 31 13 från
303 1092 25 12 och
338 1092 32 12 med
381 1092 55 15 januari
445 1092 60 13 månads
514 1092 31 13 bör-

92 1109 24 16 jan
127 1109 29 13 året
168 1110 32 12 näst
211 1109 36 13 efter
257 1109 29 15 det,
298 1110 44 12 under
354 1110 42 12 vilket
409 1110 37 13 valet
458 1110 43 13 skett.
518 1110 27 13 För

91 1127 41 13 dessa
139 1127 23 13 val
169 1128 15 12 är
191 1127 35 13 riket
234 1127 53 13 indelat
294 1127 4 13 i
306 1127 16 13 28
329 1127 84 14 valkretsar,
420 1132 30 8 som
457 1128 38 16 välja
502 1128 42 13 minst

92 1148 8 13 3
105 1145 99 15 riksdagsmän
211 1149 30 9 var.
257 1145 42 16 Varje
305 1145 63 13 valkrets
373 1145 36 13 skall
415 1145 41 13 alltså
463 1146 17 12 ha
486 1149 16 9 en
510 1146 33 13 folk-

91 1163 58 15 mängd,
160 1166 30 9 som
201 1163 4 12 i
216 1163 37 15 regel
264 1164 41 14 utgör
315 1162 30 16 3/23
355 1167 18 9 av
384 1163 43 13 rikets
439 1164 101 13 invånarantal.

91 1180 51 13 Rikets
158 1180 72 15 indelning
246 1180 4 13 i
266 1181 80 13 valkretsar
361 1181 78 13 innehålles
455 1181 3 13 i
475 1181 69 16 vallagen,

91 1198 43 16 Varje
145 1198 22 13 län
178 1200 42 14 utgör
230 1202 16 9 en
258 1198 67 16 valkrets,
336 1201 40 11 utom
389 1197 76 18 Älvsborgs
476 1199 26 15 län,
514 1203 30 9 som

90 1217 16 12 är
119 1216 38 13 delat
171 1216 4 13 i
190 1220 6 9 2
210 1216 61 14 kretsar,
285 1217 71 15 varjämte
369 1217 63 16 följande
445 1217 47 13 städer
506 1217 37 13 bilda

90 1237 26 10 var
125 1234 21 13 sin
156 1234 68 13 valkrets:
235 1234 12 14 1)
257 1234 87 16 Stockholm,
355 1235 12 15 2)
378 1234 56 15 Malmö,
445 1235 99 16 Hälsingborg,

91 1252 94 13 Landskrona
197 1252 27 13 och
237 1252 45 14 Lund,
297 1253 13 15 3)
323 1252 77 16 Göteborg.
417 1253 27 12 Det
458 1253 39 12 antal
509 1253 34 13 riks-

90 1269 74 16 dagsmän,
183 1270 40 16 varje
241 1270 64 13 valkrets
322 1271 33 14 äger
373 1273 36 11 utse,
428 1270 77 13 fastställes
522 1271 22 13 för

89 1287 41 16 varje
145 1287 106 17 fyraårsperiod
265 1291 18 10 av
300 1288 79 16 Konungen
395 1288 25 17 (K.
434 1288 44 16 kung.
493 1289 50 13 härom

90 1304 24 17 2/5
125 1305 46 16 1932).

108 1323 48 13 Andra
168 1323 90 13 kammarens
268 1323 80 13 ledamöter
358 1323 57 17 åtnjuta
426 1328 55 9 samma
491 1325 52 12 ersätt-

89 1340 34 16 ning
136 1345 30 9 som
182 1341 49 13 Första
246 1341 94 13 kammarens.
355 1348 17 3 —
386 1341 56 14 Valrätt
457 1342 86 13 tillkommer

89 1362 44 9 envar
145 1359 51 12 svensk
206 1362 33 9 man
248 1359 27 13 och
286 1359 57 15 kvinna,
353 1363 30 9 som
392 1361 48 11 senast
450 1360 43 12 under
505 1361 37 12 näst-

89 1376 85 15 föregående
187 1376 83 13 kalenderår
284 1376 30 13 fyllt
330 1380 15 12 23
359 1377 20 15 år,
391 1377 36 13 dock
441 1377 13 14 ej
467 1378 31 14 den,
512 1382 30 9 som

88 1394 31 13 står
132 1394 44 13 under
190 1394 119 17 förmynderskap
321 1394 33 13 eller
367 1396 15 12 är
395 1395 3 13 i
409 1395 133 14 konkurstillstånd,

88 1412 13 16 ej
114 1412 42 12 heller
168 1412 33 15 den,
212 1416 30 9 som
250 1413 16 12 är
273 1416 18 9 av
299 1412 71 13 allmänna
379 1413 96 15 fattigvården
483 1414 59 12 omhän-

87 1429 69 16 dertagen
166 1429 20 13 för
195 1430 67 15 varaktig
270 1430 90 16 försörjning,
369 1430 32 13 eller
410 1431 32 15 den,
451 1435 30 9 som
490 1432 15 12 är
511 1432 31 12 från

88 1447 73 13 valrätten
171 1447 72 13 utesluten
255 1448 17 16 på
282 1448 46 16 grund
339 1452 19 9 av
368 1449 52 12 honom
432 1448 51 14 ådömd
494 1449 48 13 straff-

87 1465 62 17 påföljd.
172 1465 63 14 Valbara
246 1467 26 12 äro
282 1467 35 12 män
326 1466 27 13 och
363 1466 67 16 kvinnor,
440 1470 31 9 som
478 1468 27 15 äga
512 1467 30 13 val-

568 392 30 12 rätt
608 391 39 13 inom
662 391 81 13 valkretsen
753 391 39 16 eller,
801 392 27 13 där
836 392 41 16 fråga
887 393 16 12 är
911 396 24 9 om
944 392 37 16 stad,
991 396 32 10 som

569 409 47 13 består
626 413 18 9 av
654 409 35 13 flera
700 409 84 16 valkretsar,
794 409 39 13 inom
843 410 47 15 någon
900 414 19 9 av
926 410 46 13 dessa.

586 427 27 13 Till
622 427 37 13 båda
667 427 77 13 kamrarna
752 428 25 12 ske
785 428 42 13 valen
834 428 34 13 med
876 428 110 16 proportionellt
991 428 32 14 val-

568 446 35 12 sätt.

586 462 77 13 Allmänna
671 462 25 13 val
705 463 22 12 till
735 463 49 13 Andra
794 463 83 13 kammaren
886 463 54 14 skedde
948 465 49 12 senast
1006 464 16 13 år

569 483 40 13 1932,
618 480 39 13 vilka
665 480 25 13 val
698 480 37 16 gälla
743 480 23 13 för
773 480 69 16 perioden
851 482 96 15 1933—1936.

687 526 75 19 Första
775 527 122 19 kammaren.

706 563 115 18 Stockholms
833 564 47 17 stad.

557 593 1 14 I
648 592 126 22 (Mandattiden
787 594 48 22 utgår
847 594 19 17 år
881 594 57 22 1937.)

557 627 1 8 |
567 627 84 21 Klefbeck,
667 630 52 16 Ernst
731 630 65 20 Alarik,
810 631 78 20 Kyrkoh.
901 629 52 23 [713],
966 632 12 15 f:
992 632 28 18 66;

591 654 22 15 29
626 652 42 21 (adr.
682 652 111 21 Stockholm).

566 676 82 21 Trygger,
662 678 56 18 Ernst,
731 678 121 16 Univ.kansler
865 676 52 23 [716],
930 679 12 16 f.
956 678 28 20 57;
998 680 22 15 29

590 699 42 21 (adr.
646 700 111 21 Stockholm).

557 721 1 4 |
566 723 82 20 Stendahl,
657 725 46 18 Sten,
713 726 159 21 Bankofullmäktig
881 724 52 23 [195],
943 727 11 15 f.
962 725 28 21 76;
998 727 22 16 29

590 747 41 21 (adr.
645 747 111 21 Stockholm).

566 771 73 21 Lindley,
657 773 71 16 Charles
741 773 65 18 Gustaf,
820 773 28 16 Sv.
861 774 160 21 transportarbetar-

590 797 100 15 förbundets
709 797 143 19 förtroendeman,
871 798 11 15 f.
900 798 28 19 65;
942 798 22 16 29
977 796 43 22 (adr.

591 817 120 23 Äppelviken).

566 843 76 19 Forssell,
656 844 40 16 Carl
709 845 93 19 Abraham,
812 845 88 16 Professor
908 843 53 23 [723],
970 846 11 15 f.
991 846 22 16 81.

590 868 22 15 29
625 866 42 20 (adr.
681 866 112 21 Stockholm).

566 890 80 22 Hagman,
659 892 44 15 Emil
718 892 61 19 Oskar,
793 893 17 15 tf.
824 891 87 22 Byråchef
917 891 40 22 [88],
970 894 11 15 f.
991 893 28 20 80;

590 916 22 15 29
624 915 42 19 (adr.
681 914 99 20 Ulvsunda).

565 938 75 22 Löfgren,
656 940 53 20 Jonas
728 940 50 18 Eliel,
798 941 80 15 Advokat
896 938 53 23 [194],
965 942 12 15 f.
991 940 28 20 72;

590 964 21 15 29
624 962 42 20 (adr.
680 962 111 21 Stockholm).

564 986 60 19 Ström,
643 987 40 16 Otto
704 988 76 19 Fredrik,
798 988 87 16 Redaktör
900 986 52 23 [501],
966 989 10 15 f.
990 989 28 19 80;

589 1011 22 16 29
624 1010 42 20 (adr.
680 1008 121 24 Äppelviken).

564 1033 81 20 Carlsson,
659 1035 45 19 Olof,
719 1036 41 15 Led.
774 1042 20 9 av
804 1035 164 22 Försäkringsrådet
977 1034 41 23 [91],

588 1059 11 15 f.
613 1058 27 19 72;
655 1059 22 16 30
689 1058 42 20 (adr.
745 1058 112 20 Stockholm).

564 1081 74 20 Nerman,
657 1084 51 18 Ture,
729 1083 31 16 Fil.
781 1084 27 19 K.,
824 1084 127 20 Skriftställare,
964 1085 11 15 f.
990 1084 28 20 86;

589 1106 19 16 31
623 1105 42 21 (adr.
679 1105 111 21 Stockholm).

563 1129 85 22 Branting,
667 1131 63 20 Georg,
748 1131 14 21 J.
783 1132 27 18 K.,
830 1131 85 20 Advokat,
928 1132 11 15 f.
953 1131 28 20 87;
995 1132 21 16 31

587 1152 42 21 (adr.
643 1153 107 20 Stockholm)

563 1177 62 21 Bagge,
640 1178 53 16 Gösta
712 1179 99 17 Adolfsson,
831 1179 87 16 Professor
936 1177 53 23 [721],
1005 1180 12 16 f.

587 1202 28 18 82;
629 1202 22 15 32
664 1200 42 21 (adr.
720 1201 111 21 Stockholm).

1016 858 4 7 ;

564 1252 129 24 [143—144]

609 1284 115 17 Stockholms
736 1285 33 17 län
781 1285 32 17 och
829 1285 84 22 Uppsala
926 1286 38 18 län.

641 1313 125 21 (Mandattiden
780 1315 49 22 utgår
841 1315 19 17 år
875 1315 57 22 1938.)

561 1344 63 18 Möller,
642 1345 44 15 Fritz
700 1345 69 19 Gustav,
783 1345 76 17 Statsråd
872 1344 40 23 [52],
925 1347 12 15 f.
951 1347 28 19 84;
993 1347 22 16 30

585 1367 42 19 (adr.
641 1367 111 20 Stockholm).

561 1391 57 19 Borell,
638 1393 41 15 Karl
700 1393 62 16 Gustaf
778 1393 86 19 Theodor,
878 1394 70 16 Hhövd.
961 1392 53 23 [216],

585 1416 11 15 f.
610 1416 27 17 69;
652 1416 22 16 30
686 1415 42 19 (adr.
742 1415 112 22 Stockholm).

561 1438 98 20 Wahlmark,
679 1440 38 16 Carl
734 1441 70 19 Primus,
818 1441 23 16 fd.
855 1442 92 20 Typograf,
961 1442 11 16 f.
986 1442 28 18 83;

585 1463 22 16 30
620 1462 42 21 (adr.
676 1462 86 23 Uppsala).

530 1510 33 16 152
