1250 1884
577 72 117 24 Riksdagen

66 265 11 29 I
166 264 179 38 Riksdagen

64 345 11 23 1
147 353 26 15 100
182 353 16 15 12
206 353 98 15 Stockholm.
312 353 31 15 Tel.
351 353 57 15 08-786
414 353 20 15 40
441 353 24 15 00.

65 384 150 19 Regeringsformen
234 384 30 15 den
283 385 18 14 28
320 384 38 15 febr.
379 385 38 14 1974
434 385 26 18 (nr
480 384 34 17 152;
532 384 79 19 omtryckt

66 407 44 15 1982:
117 407 37 17 940;
163 406 62 15 ändrad
234 409 52 12 senast
298 407 43 14 1982:
348 407 41 18 940).
400 406 170 19 Riksdagsordningen
580 406 31 15 den

64 429 18 15 28
98 429 38 15 febr.
153 429 38 15 1974
204 430 26 17 (nr
246 429 34 16 153;
294 429 78 19 omtryckt
390 429 77 17 1983:86;
482 428 62 15 ändrad
559 431 52 12 senast

66 447 44 27 1984:
120 451 49 18 1031).
186 451 55 19 Vallag
257 451 31 15 den
305 451 8 15 8
330 451 33 15 dec.
383 451 37 15 1972
437 451 26 18 (nr
479 451 36 17 620;
532 451 79 18 omtryckt

66 474 44 14 1982:
120 474 34 16 146;
162 473 62 15 ändrad
231 476 52 12 senast
293 473 43 15 1982:
343 473 41 18 411).

65 518 91 19 Riksdagen
163 519 16 13 är
185 518 25 15 det
216 517 65 16 främsta
287 517 124 19 representativa
416 520 105 16 statsorganet
528 517 25 15 för
558 522 53 10 svens-

64 540 20 15 ka
90 540 54 15 folket.
152 540 90 19 Riksdagen
249 539 51 16 stiftar
305 540 30 19 lag,
341 540 70 14 beslutar
416 544 27 10 om
449 539 41 16 skatt
496 539 22 15 till
524 542 51 12 staten
581 540 30 14 och

64 562 96 15 bestämmer
168 562 29 15 hur
203 565 59 12 statens
270 562 50 15 medel
329 562 39 15 skall
376 562 88 15 användas.

86 584 91 19 Riksdagen
185 584 52 15 består
244 589 19 10 av
271 585 29 14 349
308 584 93 17 ledamöter,
409 584 48 15 valda
464 584 51 15 direkt
523 588 19 10 av
550 584 50 15 folket
607 584 4 14 i

64 607 82 15 allmänna
153 607 30 14 val.
190 606 85 15 Ordinarie
282 606 97 20 riksdagsval
387 607 37 18 äger
430 611 34 10 rum
472 609 33 12 vart
512 606 49 19 tredje
568 606 17 15 år
592 607 19 18 på

64 629 49 19 tredje
121 629 83 19 söndagen
213 629 3 14 i
224 629 89 19 september
321 629 64 14 månad.
393 629 87 14 Allmänna
488 629 24 14 val
521 628 22 15 till
552 628 60 15 riksda-

63 656 30 14 gen
103 651 41 19 ägde
153 654 52 12 senast
215 656 33 10 rum
258 651 31 15 den
301 651 16 15 19
326 651 90 19 september
427 651 38 15 1982
474 651 30 15 och
514 655 45 11 avser
568 651 43 15 tiden

64 674 40 15 intill
114 674 36 14 dess
159 678 19 10 en
188 674 58 18 nyvald
256 673 64 19 riksdag
328 673 59 15 samlas
396 673 39 15 efter
444 673 98 19 riksdagsval
552 673 31 15 den
595 674 16 14 15

64 696 90 19 september
164 696 41 15 1985.

86 718 91 19 Riksdagen
186 718 127 15 sammanträder
321 718 22 15 till
353 718 64 19 lagtima
426 718 82 17 riksmöte,
516 717 40 15 efter
564 718 47 18 nyval

64 741 20 18 på
93 740 83 15 femtonde
184 741 51 18 dagen
243 740 39 15 efter
290 740 46 17 valet,
344 740 30 15 och
382 740 55 19 övriga
445 740 17 15 år
470 740 49 15 första
527 740 72 19 tisdagen
608 740 3 14 i

64 763 68 15 oktober
139 763 64 14 månad.
211 763 71 18 Lagtima
290 762 74 15 riksmöte
371 762 40 15 skall
418 762 70 15 avslutas
495 765 53 12 senast
555 762 30 15 den
593 763 17 14 31

64 785 32 19 maj
102 785 73 19 följande
181 785 16 15 år
203 789 36 11 men
246 785 30 15 kan
283 789 26 11 om
315 784 91 20 synnerliga
412 785 26 14 skäl
460 784 76 20 föreligger
542 784 70 20 förläng-

64 812 17 10 as
86 807 22 15 till
115 807 31 15 den
145 803 26 28 15
175 807 39 19 juni.
222 803 52 28 Under
281 807 22 15 tid
309 807 21 15 då
336 807 64 19 lagtima
406 807 76 15 riksmöte
488 807 32 15 inte
526 807 49 19 pågår
580 807 31 14 kan

64 830 85 18 riksdagen
157 830 58 14 samlas
222 829 22 15 till
253 829 56 15 urtima
317 829 80 15 riksmöte.

85 852 24 14 Av
119 852 19 14 de
147 852 30 15 349
186 852 160 19 riksdagsmandaten
355 852 17 14 är
381 852 30 14 310
420 851 41 15 fasta
470 851 141 18 valkretsmandat,

64 874 43 15 vilka
118 874 70 15 fördelas
200 874 57 15 mellan
270 874 57 19 partier
339 874 19 19 på
369 874 78 19 grundval
459 878 19 10 av
490 874 107 14 valresultatet
608 874 4 14 i

64 896 43 19 varje
118 896 73 15 valkrets.
202 897 64 14 Antalet
277 896 40 15 fasta
328 896 136 15 valkretsmandat
476 896 3 15 i
490 896 43 19 varje
544 896 68 15 valkrets

64 919 76 15 fastställs
147 923 19 10 av
174 919 137 14 riksskatteverket
318 918 25 15 för
350 921 22 12 tre
379 919 17 14 år
403 918 3 15 i
414 918 59 15 sänder
480 918 20 19 på
507 918 78 19 grundval
593 923 19 10 av

64 946 19 10 en
92 941 89 19 beräkning
189 945 19 10 av
217 941 107 15 förhållandet
333 941 58 14 mellan
400 941 59 14 antalet
468 940 132 19 röstberättigade
608 940 4 15 i

64 964 89 14 valkretsen
164 963 29 15 och
203 963 59 15 antalet
272 963 131 19 röstberättigade
412 963 4 14 i
426 963 36 14 hela
472 963 38 15 riket
519 962 49 20 enligt
578 963 34 14 när-

65 990 43 10 mare
114 985 98 15 föreskrifter
217 985 4 15 i
227 985 77 19 vallagen.
310 982 59 22 Övriga
375 985 66 15 mandat
446 986 17 14 är
468 985 144 19 utjämningsman-

64 1008 33 18 dat,
103 1008 42 14 vilka
152 1008 39 15 först
197 1007 70 16 fördelas
273 1008 58 15 mellan
338 1007 58 19 partier
402 1008 20 18 på
428 1007 77 19 grundval
512 1012 19 10 av
537 1007 75 15 valresul-

64 1033 38 12 tatet
113 1030 4 15 i
129 1030 35 15 hela
176 1030 39 15 riket
226 1030 30 15 och
267 1030 69 15 därefter
347 1029 67 16 tillföres
425 1030 91 15 valkretsar.
529 1030 30 14 För
570 1029 42 19 varje

65 1052 66 15 mandat
138 1057 34 10 som
180 1052 39 19 parti
227 1052 29 15 fått
263 1055 41 12 utses
311 1057 19 10 en
338 1052 149 19 riksdagsledamot.
496 1052 39 15 Parti
543 1056 34 11 som
585 1052 28 15 har

65 1075 28 15 fått
102 1075 63 15 mindre
173 1076 20 13 än
202 1075 33 18 fyra
244 1077 66 16 procent
319 1079 18 10 av
346 1075 26 14 det
380 1075 50 14 totala
439 1075 59 14 antalet
507 1075 49 14 röster
564 1074 3 15 i
577 1075 35 14 hela

65 1097 39 15 riket
112 1097 24 15 får
145 1097 31 15 inte
184 1097 42 15 delta
235 1097 3 14 i
248 1097 184 18 mandatfördelningen.
442 1097 56 14 Partiet
507 1096 31 15 kan
546 1096 42 15 dock
597 1096 15 15 få

65 1119 66 15 mandat
138 1119 4 15 i
149 1119 68 15 valkrets
224 1119 29 15 där
259 1119 26 15 det
292 1119 28 15 har
327 1119 28 15 fått
362 1119 48 15 minst
416 1119 33 15 tolv
457 1122 66 16 procent
530 1123 19 10 av
557 1120 55 14 röster-

65 1146 24 10 na.

86 1164 78 19 Uppdrag
171 1168 34 11 som
213 1164 143 19 riksdagsledamot
364 1163 31 15 kan
402 1164 57 14 utövas
466 1163 56 15 endast
529 1168 19 10 av
555 1163 57 15 svensk

65 1186 106 19 medborgare
179 1191 34 10 som
222 1187 17 14 är
247 1186 65 19 myndig
321 1186 29 15 och
360 1186 28 14 har
396 1186 81 18 upptagits
486 1186 3 14 i
499 1185 81 19 röstlängd
589 1186 23 14 så-

65 1213 34 11 som
105 1208 127 19 röstberättigad.
239 1208 46 15 Under
290 1208 30 15 tid
326 1208 20 15 då
352 1208 71 15 ledamot
429 1209 17 14 är
451 1208 59 15 talman
517 1208 37 15 eller
559 1208 54 15 tillhör

65 1231 92 19 regeringen
170 1231 55 15 utövas
237 1231 39 14 hans
288 1230 73 19 uppdrag
373 1235 34 10 som
420 1230 71 15 ledamot
502 1235 19 10 av
533 1231 79 14 ersättare.

66 1254 78 14 Ersättare
151 1253 66 15 inkallas
223 1253 49 15 också
278 1257 26 11 om
310 1257 19 11 en
336 1253 70 15 ledamot
412 1253 17 14 är
435 1252 42 19 ledig
483 1252 51 15 under
540 1252 47 15 minst
593 1257 19 10 en

65 1275 64 15 månad.

86 1297 104 15 Beträffande
199 1297 151 18 riksdagsledamots
359 1297 88 18 ersättning
456 1297 28 14 har
493 1297 120 14 bestämmelser

64 1321 53 13 senast
128 1319 46 19 givits
185 1319 3 14 i
199 1318 151 20 ersättningsstadga
361 1318 31 15 den
406 1319 17 14 17
434 1318 34 15 dec.
482 1318 34 15 1971
529 1319 26 17 (nr
568 1318 44 17 1197;

64 1341 79 19 omtryckt
156 1341 43 15 1980:
207 1341 34 18 870,
251 1341 62 15 ändrad
323 1344 52 12 senast
387 1341 44 15 1984:
438 1341 37 18 975)
485 1340 25 15 för
519 1340 93 20 riksdagens

65 1364 92 15 ledamöter.
166 1364 64 14 Arvode
238 1364 44 18 utgår
290 1364 35 14 med
333 1364 60 18 belopp
401 1363 25 15 för
434 1363 59 15 månad
501 1368 34 10 som
544 1366 68 12 motsva-

65 1391 24 10 rar
96 1386 48 15 lönen
151 1386 22 14 till
181 1386 134 18 statstjänsteman
322 1386 3 14 i
333 1385 77 19 lönegrad
418 1386 11 14 F
436 1386 23 14 27.
467 1386 40 14 Från
514 1385 30 15 den
555 1386 3 14 I
567 1385 46 15 okto-

64 1408 28 15 ber
100 1408 37 15 1985
143 1408 45 19 utgår
194 1408 59 15 arvode
259 1412 34 11 som
300 1411 88 12 motsvarar
394 1408 48 14 lönen
448 1407 22 15 till
477 1407 135 19 statstjänsteman

65 1431 3 14 i
78 1431 76 19 lönegrad
165 1431 10 14 F
182 1431 40 14 27:4.
232 1430 56 15 Därtill
297 1430 98 15 tillkommer
403 1430 167 19 kostnadsersättning
578 1434 34 11 som

64 1453 45 19 utgår
118 1453 36 15 med
163 1453 60 18 belopp
231 1452 113 16 motsvarande
352 1452 26 15 för
386 1453 17 14 år
411 1452 56 15 räknat
476 1452 19 15 70
501 1452 15 14 20
524 1457 19 10 av
551 1452 26 15 det
586 1452 26 15 vid

64 1476 41 14 årets
112 1475 59 19 ingång
178 1475 74 19 gällande
259 1475 105 19 basbeloppet
371 1474 49 19 enligt
427 1475 46 18 lagen
480 1479 27 10 om
514 1474 59 15 allmän
582 1474 31 15 för-

64 1497 69 19 säkring.
139 1497 29 15 Till
175 1497 70 15 ledamot
251 1502 34 10 som
292 1497 13 19 ej
311 1498 17 14 är
334 1497 88 19 berättigad
428 1496 22 15 till
456 1496 106 15 traktamente
568 1497 45 18 utgår

65 1519 165 19 kostnadsersättning
236 1520 36 14 med
279 1519 60 19 belopp
344 1524 34 10 som
386 1522 89 12 motsvarar
480 1519 32 15 helt
517 1519 95 18 basbelopp.

64 1542 47 15 Såväl
122 1542 67 14 arvodet
199 1546 35 10 som
245 1541 186 19 kostnadsersättningen
443 1542 17 14 är
471 1541 108 19 skattepliktig
590 1541 22 14 in-

64 1564 57 15 komst.
130 1564 94 15 Ledamöter
230 1568 34 11 som
272 1564 17 15 är
295 1564 61 15 bosatta
364 1563 65 15 utanför
436 1563 177 15 Stockholmsområdet

64 1586 25 15 får
94 1586 105 15 traktamente
205 1586 39 15 efter
249 1586 62 19 statliga
317 1590 68 11 normer.
392 1585 152 20 Riksdagsledamot
550 1586 37 18 äger
593 1586 19 18 på

64 1609 26 15 det
98 1609 90 14 allmännas
195 1608 90 15 bekostnad
293 1608 71 19 företaga
372 1613 47 10 resor.

86 1631 93 15 Utskottens
188 1631 99 15 ordförande
295 1631 30 15 och
334 1630 34 15 vice
376 1630 100 15 ordförande
485 1630 87 18 redovisas,
581 1630 32 15 för-

64 1656 45 13 utom
118 1653 3 15 i
131 1653 121 15 nedanstående
260 1653 101 19 förteckning
369 1653 39 14 över
416 1653 94 18 riksdagens
519 1652 93 18 ledamöter,

64 1677 40 14 även
114 1676 51 15 under
173 1675 35 15 avd.
217 1680 18 10 nr
243 1676 15 15 8.
267 1675 129 15 Statskalendern
406 1675 82 15 redovisar
497 1674 116 20 riksdagsleda-

65 1699 72 14 möterna
146 1698 3 15 i
158 1698 31 15 den
197 1698 119 19 ordningsföljd
325 1697 3 15 i
337 1697 53 15 vilken
399 1697 20 15 de
427 1698 16 14 är
451 1700 83 16 upptagna
542 1697 3 15 i
554 1697 31 15 den
594 1702 19 10 av

65 1720 84 19 riksdagen
157 1720 96 19 upprättade
260 1720 127 18 förteckningen.
394 1716 87 18 Årssiffror
488 1719 43 15 inom
539 1722 74 16 parentes

64 1742 87 16 betecknar
161 1742 67 19 tidigare
239 1742 111 19 ledamotskap
361 1746 19 11 av
391 1742 85 19 riksdagen
487 1742 35 18 (FK
536 1748 13 5 =
564 1741 49 15 första

65 1765 99 17 kammaren,
172 1765 30 14 AK
213 1772 12 4 =
236 1765 50 14 andra
294 1764 98 18 kammaren,
401 1764 13 15 R
425 1771 12 5 =
448 1764 97 19 riksdagen).

625 1839 22 16 49

739 348 156 21 Partiställningen
904 348 4 17 i
917 348 94 21 riksdagen

1010 390 48 14 Antal
1066 389 88 15 ledamöter

947 407 51 29 Män
1048 411 74 15 Kvinnor
1135 411 53 15 Totalt

659 434 173 15 Socialdemokratiska
839 434 78 19 riksdags-

678 461 73 14 gruppen
960 456 26 15 113
1057 456 18 15 53
1138 456 27 14 166

659 478 85 15 Moderata
751 478 134 19 samlingspartiet
968 478 18 15 65
1057 478 16 14 21
1146 478 19 14 86

646 495 129 30 Centerpartiet
968 500 18 15 37
1060 500 16 15 19
1146 500 19 15 56

650 518 106 29 Folkpartiet
971 523 16 14 17
1067 523 10 14 4
1146 522 16 15 21

659 545 124 19 Vänsterpartiet
791 545 137 15 kommunisterna
971 545 16 15 16
1067 545 10 14 4
1146 545 19 14 20

659 589 88 18 Riksdagen
755 589 46 14 totalt
958 588 30 15 248
1048 588 27 15 101
1135 588 30 15 349

739 640 111 16 Procentuell
862 640 100 21 fördelning
974 645 20 11 av
1006 640 89 21 kvinnliga
1108 640 98 16 ledamöter

739 673 46 16 inom
794 673 88 21 partierna

1040 711 55 28 Antal
1137 715 66 14 Procent

660 737 173 15 Socialdemokratiska
840 737 78 19 riksdags-

679 755 73 27 gruppen
1058 759 18 15 53
1136 759 35 18 31,9

660 782 85 15 Moderata
752 781 134 19 samlingspartiet
1058 782 17 14 21
1136 782 36 17 24,4

649 800 127 27 Centerpartiet
1060 804 17 14 19
1137 804 34 17 33,9

650 822 107 27 Folkpartiet
1068 826 10 14 4
1139 826 33 17 19,0

660 848 124 19 Vänsterpartiet
792 848 136 15 kommunisterna
1068 848 9 14 4
1137 848 35 17 20,0

660 892 88 18 Riksdagen
755 892 47 14 totalt
1049 891 27 15 101
1136 891 36 18 28,9

659 938 27 23 Ja
707 934 20 38 —
741 940 129 27 Riksdagen

738 989 66 15 Talman

660 1012 85 18 Bengtsson
753 1012 37 14 Sten
799 1011 46 15 Bertil
853 1012 88 18 Ingemund,
952 1011 21 18 19,
981 1011 19 15 79
1008 1016 6 10 s

740 1055 53 15 Förste
799 1055 31 15 vice
837 1055 58 14 talman

659 1078 87 14 Troedsson
754 1078 78 18 Ingegerd,
840 1077 24 18 29,
872 1077 19 15 79
899 1082 14 10 m

740 1121 51 14 Andre
798 1121 30 14 vice
835 1121 59 14 talman

661 1143 79 18 Dahlgren
749 1143 27 14 Per
783 1143 59 14 Anders
850 1142 52 18 Bertil,
910 1143 24 17 25,
942 1143 18 14 82
968 1147 8 10 c

739 1186 55 18 Tredje
801 1186 31 14 vice
838 1186 59 14 talman

660 1208 74 15 Eriksson
742 1208 37 15 Karl
787 1208 42 17 Erik,
837 1208 24 17 25,
869 1208 18 15 76
895 1207 17 20 fp

660 1255 28 23 7b

661 1305 53 15 Palme
722 1305 41 15 Sven
772 1305 41 15 Olof
820 1305 72 14 Joachim
902 1304 118 18 Statsminister,
1030 1305 24 17 27,
1063 1305 35 18 (FK
1107 1305 60 14 58—68
1176 1305 30 14 AK

680 1327 68 18 69—70)
755 1327 16 15 71
781 1327 107 18 (Stockholm)
897 1326 82 16 Partiordf.
987 1331 7 10 s

660 1350 70 14 Bohman
739 1350 22 14 Bo
770 1349 49 15 Gösta
827 1350 24 14 JK
860 1349 17 15 fd
886 1349 75 17 Statsråd,
973 1349 21 18 11,
1002 1349 38 18 (AK
1049 1349 60 15 58—69
1119 1349 25 15 FK
1154 1349 26 18 70)
1188 1349 16 15 71

680 1372 108 18 (Stockholm)
796 1376 14 10 m

661 1394 78 15 Lindkvist
746 1394 54 14 Oskar
807 1393 68 15 William
883 1393 80 19 Org.chef,
970 1394 24 17 21,
1001 1394 38 18 (AK
1046 1394 61 14 61—64
1114 1394 67 17 66—70)
1188 1394 16 14 71

680 1416 108 18 (Stockholm)
797 1416 53 15 BoU:s
858 1416 33 15 vice
899 1415 40 16 ordf.
947 1420 7 11 s

660 1439 106 14 Hermansson
774 1438 106 15 Carl-Henrik
888 1438 28 15 PM
925 1438 16 15 fd
949 1438 81 17 Chefred.,
1039 1438 22 17 17,
1069 1438 37 18 (AK
1113 1438 68 18 63—70)
1188 1438 16 14 71

680 1460 109 19 (Stockholm)
796 1460 31 19 vpk

660 1483 109 14 Wennerholm
777 1483 47 18 Hugo
831 1483 38 14 Axel
876 1482 81 15 Christian
963 1483 24 14 JK
996 1482 38 18 Dir.,
1042 1483 24 17 29,
1073 1483 18 14 85
1099 1482 108 19 (Stockholm)

681 1510 14 9 m

660 1528 98 18 Westerberg
769 1527 49 19 Bengt
828 1526 106 16 Carl-Gustaf
944 1527 26 14 FK
982 1527 40 17 MK,
1033 1527 25 17 43,
1069 1527 19 14 84
1099 1527 108 18 (Stockholm)

682 1549 83 15 Partiordf.
773 1549 17 19 fp

660 1572 88 15 Andersson
754 1572 37 14 Sten
797 1572 45 14 Sture
848 1571 75 18 Statsråd,
930 1572 24 17 23,
960 1571 34 19 (FK
1001 1571 67 19 66—70)
1074 1572 17 14 71
1099 1571 108 18 (Stockholm)

680 1599 7 10 s

661 1616 95 15 Fridolfsson
764 1616 39 19 Filip
810 1616 68 15 William
887 1616 81 17 Fabrikör,
975 1616 25 17 23,
1007 1616 38 18 (AK
1052 1616 61 15 65—70
1120 1616 13 14 R
1140 1616 67 18 72—79)

681 1639 18 14 82
707 1638 108 19 (Stockholm)
822 1643 15 10 m

660 1661 84 19 Sigurdsen
757 1661 67 15 Gertrud
837 1660 80 15 Christina
931 1660 76 18 Statsråd,
1020 1660 24 18 23,
1058 1660 37 19 (AK
1108 1660 68 19 69—70)
1188 1660 17 15 71

680 1683 109 19 (Stockholm)
796 1688 6 10 s

660 1706 88 15 Andersson
755 1705 44 16 Gerd
808 1706 32 14 Eva
847 1706 64 14 Monica
919 1705 94 18 Socionom,
1020 1705 25 18 48,
1053 1705 19 15 82
1079 1705 109 18 (Stockholm)
1195 1710 6 10 s

660 1728 60 15 Gradin
730 1728 46 15 Anita
787 1728 75 19 Ingegerd
872 1728 76 17 Statsråd,
958 1728 24 17 33,
992 1728 38 18 (AK
1039 1728 68 18 69—70)
1117 1728 16 14 71
1145 1727 62 19 (Stock-

681 1750 51 18 holm)
739 1755 6 10 s

740 1261 116 17 Stockholms
864 1261 98 17 kommuns
971 1261 78 16 valkrets
