<?xml version="1.0" encoding="UTF-8"?>
<alto xmlns="http://www.loc.gov/standards/alto/ns-v3#" xmlns:xlink="http://www.w3.org/1999/xlink" xmlns:xsi="http://www.w3.org/2001/XMLSchema-instance" xsi:schemaLocation="http://www.loc.gov/standards/alto/ns-v3# http://www.loc.gov/alto/v3/alto-3-0.xsd">
	<Description>
		<MeasurementUnit>pixel</MeasurementUnit>
		<sourceImageInformation>
			<fileName></fileName>
		</sourceImageInformation>
		<OCRProcessing ID="OCR_0">
			<ocrProcessingStep>
				<processingSoftware>
					<softwareName>tesseract 4.1.1</softwareName>
				</processingSoftware>
			</ocrProcessingStep>
		</OCRProcessing>
	</Description>
	<Layout>
		<Page WIDTH="1062" HEIGHT="1574" PHYSICAL_IMG_NR="0" ID="page_0">
			<PrintSpace HPOS="0" VPOS="0" WIDTH="1062" HEIGHT="1574">
				<ComposedBlock ID="cblock_0" HPOS="442" VPOS="68" WIDTH="55" HEIGHT="18">
					<TextBlock ID="block_0" HPOS="442" VPOS="68" WIDTH="55" HEIGHT="18">
						<TextLine ID="line_0" HPOS="442" VPOS="68" WIDTH="55" HEIGHT="18">
							<String ID="string_0" HPOS="442" VPOS="68" WIDTH="55" HEIGHT="18" WC="0.19" CONTENT="Riksd:"/>
						</TextLine>
					</TextBlock>
				</ComposedBlock>
				<ComposedBlock ID="cblock_1" HPOS="487" VPOS="63" WIDTH="467" HEIGHT="34">
					<TextBlock ID="block_1" HPOS="487" VPOS="63" WIDTH="467" HEIGHT="34">
						<TextLine ID="line_1" HPOS="487" VPOS="63" WIDTH="467" HEIGHT="34">
							<String ID="string_1" HPOS="487" VPOS="63" WIDTH="60" HEIGHT="34" WC="0.21" CONTENT="lagen,"/><SP WIDTH="287" VPOS="63" HPOS="547"/>
							<String ID="string_2" HPOS="834" VPOS="68" WIDTH="120" HEIGHT="26" WC="0.69" CONTENT="[I90—192]"/>
						</TextLine>
					</TextBlock>
				</ComposedBlock>
				<ComposedBlock ID="cblock_2" HPOS="42" VPOS="96" WIDTH="913" HEIGHT="8">
					<TextBlock ID="block_2" HPOS="42" VPOS="96" WIDTH="913" HEIGHT="8">
						<TextLine ID="line_2" HPOS="42" VPOS="96" WIDTH="913" HEIGHT="8">
							<String ID="string_3" HPOS="42" VPOS="96" WIDTH="913" HEIGHT="8" WC="0.95" CONTENT=" "/>
						</TextLine>
					</TextBlock>
				</ComposedBlock>
				<ComposedBlock ID="cblock_3" HPOS="38" VPOS="106" WIDTH="458" HEIGHT="42">
					<TextBlock ID="block_3" HPOS="38" VPOS="106" WIDTH="458" HEIGHT="42">
						<TextLine ID="line_3" HPOS="38" VPOS="106" WIDTH="458" HEIGHT="42">
							<String ID="string_4" HPOS="38" VPOS="108" WIDTH="56" HEIGHT="40" WC="0.96" CONTENT="[190]"/><SP WIDTH="75" VPOS="108" HPOS="94"/>
							<String ID="string_5" HPOS="169" VPOS="117" WIDTH="136" HEIGHT="19" WC="0.94" CONTENT="Västerbottens"/><SP WIDTH="15" VPOS="117" HPOS="305"/>
							<String ID="string_6" HPOS="320" VPOS="117" WIDTH="38" HEIGHT="19" WC="0.96" CONTENT="län."/><SP WIDTH="136" VPOS="117" HPOS="358"/>
							<String ID="string_7" HPOS="494" VPOS="106" WIDTH="2" HEIGHT="12" WC="0.81" CONTENT="|"/>
						</TextLine>
					</TextBlock>
				</ComposedBlock>
				<ComposedBlock ID="cblock_4" HPOS="36" VPOS="153" WIDTH="453" HEIGHT="320">
					<TextBlock ID="block_4" HPOS="37" VPOS="153" WIDTH="449" HEIGHT="44">
						<TextLine ID="line_4" HPOS="37" VPOS="153" WIDTH="449" HEIGHT="22">
							<String ID="string_8" HPOS="37" VPOS="155" WIDTH="98" HEIGHT="19" WC="0.96" CONTENT="Bäckström,"/><SP WIDTH="12" VPOS="155" HPOS="135"/>
							<String ID="string_9" HPOS="147" VPOS="154" WIDTH="77" HEIGHT="18" WC="0.93" CONTENT="Werner,"/><SP WIDTH="11" VPOS="154" HPOS="224"/>
							<String ID="string_10" HPOS="235" VPOS="154" WIDTH="137" HEIGHT="17" WC="0.91" CONTENT="Folkskollärare"/><SP WIDTH="9" VPOS="154" HPOS="372"/>
							<String ID="string_11" HPOS="381" VPOS="156" WIDTH="50" HEIGHT="19" WC="0.93" CONTENT="[976],"/><SP WIDTH="8" VPOS="156" HPOS="431"/>
							<String ID="string_12" HPOS="439" VPOS="155" WIDTH="11" HEIGHT="16" WC="0.89" CONTENT="f."/><SP WIDTH="9" VPOS="155" HPOS="450"/>
							<String ID="string_13" HPOS="459" VPOS="153" WIDTH="27" HEIGHT="20" WC="0.96" CONTENT="66;"/>
						</TextLine>
						<TextLine ID="line_5" HPOS="59" VPOS="177" WIDTH="192" HEIGHT="20">
							<String ID="string_14" HPOS="59" VPOS="177" WIDTH="23" HEIGHT="16" WC="0.93" CONTENT="24"/><SP WIDTH="12" VPOS="177" HPOS="82"/>
							<String ID="string_15" HPOS="94" VPOS="178" WIDTH="42" HEIGHT="19" WC="0.92" CONTENT="(adr."/><SP WIDTH="13" VPOS="178" HPOS="136"/>
							<String ID="string_16" HPOS="149" VPOS="178" WIDTH="102" HEIGHT="19" WC="0.96" CONTENT="Bjurholm)."/>
						</TextLine>
					</TextBlock>
					<TextBlock ID="block_5" HPOS="37" VPOS="200" WIDTH="449" HEIGHT="43">
						<TextLine ID="line_6" HPOS="37" VPOS="200" WIDTH="449" HEIGHT="20">
							<String ID="string_17" HPOS="37" VPOS="201" WIDTH="110" HEIGHT="18" WC="0.95" CONTENT="Brännström,"/><SP WIDTH="12" VPOS="201" HPOS="147"/>
							<String ID="string_18" HPOS="159" VPOS="201" WIDTH="53" HEIGHT="19" WC="0.96" CONTENT="Jonas"/><SP WIDTH="8" VPOS="201" HPOS="212"/>
							<String ID="string_19" HPOS="220" VPOS="201" WIDTH="74" HEIGHT="19" WC="0.95" CONTENT="Ludvig,"/><SP WIDTH="9" VPOS="201" HPOS="294"/>
							<String ID="string_20" HPOS="303" VPOS="201" WIDTH="127" HEIGHT="17" WC="0.93" CONTENT="Lantbrukare,"/><SP WIDTH="9" VPOS="201" HPOS="430"/>
							<String ID="string_21" HPOS="439" VPOS="202" WIDTH="11" HEIGHT="16" WC="0.92" CONTENT="f."/><SP WIDTH="9" VPOS="202" HPOS="450"/>
							<String ID="string_22" HPOS="459" VPOS="200" WIDTH="27" HEIGHT="19" WC="0.96" CONTENT="76;"/>
						</TextLine>
						<TextLine ID="line_7" HPOS="60" VPOS="222" WIDTH="198" HEIGHT="21">
							<String ID="string_23" HPOS="60" VPOS="222" WIDTH="23" HEIGHT="17" WC="0.93" CONTENT="24"/><SP WIDTH="13" VPOS="222" HPOS="83"/>
							<String ID="string_24" HPOS="96" VPOS="224" WIDTH="41" HEIGHT="18" WC="0.88" CONTENT="(adr."/><SP WIDTH="14" VPOS="224" HPOS="137"/>
							<String ID="string_25" HPOS="151" VPOS="224" WIDTH="107" HEIGHT="19" WC="0.92" CONTENT="Skelletteå)."/>
						</TextLine>
					</TextBlock>
					<TextBlock ID="block_6" HPOS="37" VPOS="245" WIDTH="450" HEIGHT="44">
						<TextLine ID="line_8" HPOS="37" VPOS="245" WIDTH="450" HEIGHT="21">
							<String ID="string_26" HPOS="37" VPOS="248" WIDTH="92" HEIGHT="17" WC="0.96" CONTENT="Wikström,"/><SP WIDTH="18" VPOS="248" HPOS="129"/>
							<String ID="string_27" HPOS="147" VPOS="248" WIDTH="64" HEIGHT="17" WC="0.96" CONTENT="Anton,"/><SP WIDTH="18" VPOS="248" HPOS="211"/>
							<String ID="string_28" HPOS="229" VPOS="247" WIDTH="95" HEIGHT="18" WC="0.93" CONTENT="Redaktör,"/><SP WIDTH="17" VPOS="247" HPOS="324"/>
							<String ID="string_29" HPOS="341" VPOS="247" WIDTH="11" HEIGHT="15" WC="0.91" CONTENT="f."/><SP WIDTH="15" VPOS="247" HPOS="352"/>
							<String ID="string_30" HPOS="367" VPOS="245" WIDTH="28" HEIGHT="20" WC="0.96" CONTENT="76;"/><SP WIDTH="12" VPOS="245" HPOS="395"/>
							<String ID="string_31" HPOS="407" VPOS="245" WIDTH="23" HEIGHT="16" WC="0.93" CONTENT="24"/><SP WIDTH="14" VPOS="245" HPOS="430"/>
							<String ID="string_32" HPOS="444" VPOS="247" WIDTH="43" HEIGHT="19" WC="0.91" CONTENT="(adr."/>
						</TextLine>
						<TextLine ID="line_9" HPOS="58" VPOS="270" WIDTH="108" HEIGHT="19">
							<String ID="string_33" HPOS="58" VPOS="270" WIDTH="108" HEIGHT="19" WC="0.96" CONTENT="Skellefteå)."/>
						</TextLine>
					</TextBlock>
					<TextBlock ID="block_7" HPOS="38" VPOS="291" WIDTH="450" HEIGHT="44">
						<TextLine ID="line_10" HPOS="38" VPOS="291" WIDTH="450" HEIGHT="21">
							<String ID="string_34" HPOS="38" VPOS="293" WIDTH="81" HEIGHT="19" WC="0.96" CONTENT="Lindberg,"/><SP WIDTH="19" VPOS="293" HPOS="119"/>
							<String ID="string_35" HPOS="138" VPOS="293" WIDTH="40" HEIGHT="15" WC="0.96" CONTENT="Elof"/><SP WIDTH="18" VPOS="293" HPOS="178"/>
							<String ID="string_36" HPOS="196" VPOS="293" WIDTH="85" HEIGHT="18" WC="0.96" CONTENT="Herman,"/><SP WIDTH="12" VPOS="293" HPOS="281"/>
							<String ID="string_37" HPOS="293" VPOS="293" WIDTH="96" HEIGHT="17" WC="0.93" CONTENT="Redaktör,"/><SP WIDTH="13" VPOS="293" HPOS="389"/>
							<String ID="string_38" HPOS="402" VPOS="293" WIDTH="12" HEIGHT="15" WC="0.91" CONTENT="f."/><SP WIDTH="12" VPOS="293" HPOS="414"/>
							<String ID="string_39" HPOS="426" VPOS="291" WIDTH="28" HEIGHT="20" WC="0.96" CONTENT="91;"/><SP WIDTH="12" VPOS="291" HPOS="454"/>
							<String ID="string_40" HPOS="466" VPOS="291" WIDTH="22" HEIGHT="17" WC="0.96" CONTENT="24"/>
						</TextLine>
						<TextLine ID="line_11" HPOS="61" VPOS="316" WIDTH="125" HEIGHT="19">
							<String ID="string_41" HPOS="61" VPOS="316" WIDTH="44" HEIGHT="19" WC="0.92" CONTENT="(adr."/><SP WIDTH="13" VPOS="316" HPOS="105"/>
							<String ID="string_42" HPOS="118" VPOS="316" WIDTH="68" HEIGHT="19" WC="0.96" CONTENT="Umeå)."/>
						</TextLine>
					</TextBlock>
					<TextBlock ID="block_8" HPOS="37" VPOS="337" WIDTH="451" HEIGHT="44">
						<TextLine ID="line_12" HPOS="37" VPOS="337" WIDTH="451" HEIGHT="21">
							<String ID="string_43" HPOS="37" VPOS="339" WIDTH="80" HEIGHT="18" WC="0.96" CONTENT="Wiklund,"/><SP WIDTH="15" VPOS="339" HPOS="117"/>
							<String ID="string_44" HPOS="132" VPOS="339" WIDTH="57" HEIGHT="18" WC="0.96" CONTENT="Adolf,"/><SP WIDTH="15" VPOS="339" HPOS="189"/>
							<String ID="string_45" HPOS="204" VPOS="338" WIDTH="121" HEIGHT="16" WC="0.96" CONTENT="Lantbrukare"/><SP WIDTH="14" VPOS="338" HPOS="325"/>
							<String ID="string_46" HPOS="339" VPOS="339" WIDTH="52" HEIGHT="19" WC="0.93" CONTENT="[976],"/><SP WIDTH="12" VPOS="339" HPOS="391"/>
							<String ID="string_47" HPOS="403" VPOS="339" WIDTH="11" HEIGHT="15" WC="0.84" CONTENT="f."/><SP WIDTH="13" VPOS="339" HPOS="414"/>
							<String ID="string_48" HPOS="427" VPOS="337" WIDTH="27" HEIGHT="20" WC="0.96" CONTENT="59;"/><SP WIDTH="12" VPOS="337" HPOS="454"/>
							<String ID="string_49" HPOS="466" VPOS="337" WIDTH="22" HEIGHT="16" WC="0.96" CONTENT="24"/>
						</TextLine>
						<TextLine ID="line_13" HPOS="59" VPOS="359" WIDTH="235" HEIGHT="22">
							<String ID="string_50" HPOS="59" VPOS="362" WIDTH="43" HEIGHT="19" WC="0.92" CONTENT="(adr."/><SP WIDTH="13" VPOS="362" HPOS="102"/>
							<String ID="string_51" HPOS="115" VPOS="362" WIDTH="91" HEIGHT="17" WC="0.93" CONTENT="Brattfors,"/><SP WIDTH="12" VPOS="362" HPOS="206"/>
							<String ID="string_52" HPOS="218" VPOS="359" WIDTH="76" HEIGHT="21" WC="0.92" CONTENT="Öreälv)."/>
						</TextLine>
					</TextBlock>
					<TextBlock ID="block_9" HPOS="37" VPOS="382" WIDTH="452" HEIGHT="45">
						<TextLine ID="line_14" HPOS="37" VPOS="382" WIDTH="452" HEIGHT="22">
							<String ID="string_53" HPOS="37" VPOS="385" WIDTH="85" HEIGHT="19" WC="0.95" CONTENT="Sandberg,"/><SP WIDTH="13" VPOS="385" HPOS="122"/>
							<String ID="string_54" HPOS="135" VPOS="385" WIDTH="41" HEIGHT="15" WC="0.96" CONTENT="Olof"/><SP WIDTH="12" VPOS="385" HPOS="176"/>
							<String ID="string_55" HPOS="188" VPOS="385" WIDTH="60" HEIGHT="17" WC="0.94" CONTENT="Evert,"/><SP WIDTH="16" VPOS="385" HPOS="248"/>
							<String ID="string_56" HPOS="264" VPOS="385" WIDTH="126" HEIGHT="16" WC="0.93" CONTENT="Lantbrukare,"/><SP WIDTH="13" VPOS="385" HPOS="390"/>
							<String ID="string_57" HPOS="403" VPOS="384" WIDTH="11" HEIGHT="15" WC="0.90" CONTENT="f."/><SP WIDTH="12" VPOS="384" HPOS="414"/>
							<String ID="string_58" HPOS="426" VPOS="382" WIDTH="28" HEIGHT="20" WC="0.96" CONTENT="86;"/><SP WIDTH="12" VPOS="382" HPOS="454"/>
							<String ID="string_59" HPOS="466" VPOS="382" WIDTH="23" HEIGHT="17" WC="0.96" CONTENT="24"/>
						</TextLine>
						<TextLine ID="line_15" HPOS="60" VPOS="408" WIDTH="187" HEIGHT="19">
							<String ID="string_60" HPOS="60" VPOS="408" WIDTH="42" HEIGHT="19" WC="0.91" CONTENT="(adr."/><SP WIDTH="16" VPOS="408" HPOS="102"/>
							<String ID="string_61" HPOS="118" VPOS="408" WIDTH="48" HEIGHT="17" WC="0.96" CONTENT="Böle,"/><SP WIDTH="13" VPOS="408" HPOS="166"/>
							<String ID="string_62" HPOS="179" VPOS="408" WIDTH="68" HEIGHT="18" WC="0.95" CONTENT="Umeå)."/>
						</TextLine>
					</TextBlock>
					<TextBlock ID="block_10" HPOS="36" VPOS="430" WIDTH="452" HEIGHT="43">
						<TextLine ID="line_16" HPOS="36" VPOS="430" WIDTH="452" HEIGHT="19">
							<String ID="string_63" HPOS="36" VPOS="430" WIDTH="92" HEIGHT="19" WC="0.96" CONTENT="Lindmark,"/><SP WIDTH="18" VPOS="430" HPOS="128"/>
							<String ID="string_64" HPOS="146" VPOS="431" WIDTH="61" HEIGHT="15" WC="0.96" CONTENT="Ewald"/><SP WIDTH="18" VPOS="431" HPOS="207"/>
							<String ID="string_65" HPOS="225" VPOS="431" WIDTH="68" HEIGHT="18" WC="0.92" CONTENT="Eugen,"/><SP WIDTH="15" VPOS="431" HPOS="293"/>
							<String ID="string_66" HPOS="308" VPOS="430" WIDTH="156" HEIGHT="19" WC="0.92" CONTENT="Hemmansägare,"/><SP WIDTH="12" VPOS="430" HPOS="464"/>
							<String ID="string_67" HPOS="476" VPOS="430" WIDTH="12" HEIGHT="18" WC="0.57" CONTENT="f."/>
						</TextLine>
						<TextLine ID="line_17" HPOS="59" VPOS="452" WIDTH="429" HEIGHT="21">
							<String ID="string_68" HPOS="59" VPOS="452" WIDTH="30" HEIGHT="19" WC="0.96" CONTENT="85;"/><SP WIDTH="11" VPOS="452" HPOS="89"/>
							<String ID="string_69" HPOS="100" VPOS="452" WIDTH="23" HEIGHT="16" WC="0.93" CONTENT="24"/><SP WIDTH="12" VPOS="452" HPOS="123"/>
							<String ID="string_70" HPOS="135" VPOS="454" WIDTH="43" HEIGHT="19" WC="0.92" CONTENT="(adr."/><SP WIDTH="12" VPOS="454" HPOS="178"/>
							<String ID="string_71" HPOS="190" VPOS="453" WIDTH="125" HEIGHT="19" WC="0.91" CONTENT="Drängsmark,"/><SP WIDTH="10" VPOS="453" HPOS="315"/>
							<String ID="string_72" HPOS="325" VPOS="453" WIDTH="163" HEIGHT="19" WC="0.91" CONTENT="Drängsmarksby),"/>
						</TextLine>
					</TextBlock>
				</ComposedBlock>
				<ComposedBlock ID="cblock_5" HPOS="36" VPOS="495" WIDTH="317" HEIGHT="27">
					<TextBlock ID="block_11" HPOS="36" VPOS="495" WIDTH="317" HEIGHT="27">
						<TextLine ID="line_18" HPOS="36" VPOS="495" WIDTH="317" HEIGHT="27">
							<String ID="string_73" HPOS="36" VPOS="496" WIDTH="57" HEIGHT="26" WC="0.84" CONTENT="[191]"/><SP WIDTH="81" VPOS="496" HPOS="93"/>
							<String ID="string_74" HPOS="174" VPOS="495" WIDTH="127" HEIGHT="19" WC="0.54" CONTENT="Norrbottens"/><SP WIDTH="14" VPOS="495" HPOS="301"/>
							<String ID="string_75" HPOS="315" VPOS="495" WIDTH="38" HEIGHT="19" WC="0.94" CONTENT="län."/>
						</TextLine>
					</TextBlock>
				</ComposedBlock>
				<ComposedBlock ID="cblock_6" HPOS="35" VPOS="533" WIDTH="462" HEIGHT="317">
					<TextBlock ID="block_12" HPOS="38" VPOS="533" WIDTH="450" HEIGHT="42">
						<TextLine ID="line_19" HPOS="38" VPOS="533" WIDTH="450" HEIGHT="20">
							<String ID="string_76" HPOS="38" VPOS="534" WIDTH="50" HEIGHT="18" WC="0.96" CONTENT="Hage,"/><SP WIDTH="12" VPOS="534" HPOS="88"/>
							<String ID="string_77" HPOS="100" VPOS="534" WIDTH="53" HEIGHT="15" WC="0.96" CONTENT="Ernst"/><SP WIDTH="12" VPOS="534" HPOS="153"/>
							<String ID="string_78" HPOS="165" VPOS="533" WIDTH="73" HEIGHT="19" WC="0.95" CONTENT="August,"/><SP WIDTH="12" VPOS="533" HPOS="238"/>
							<String ID="string_79" HPOS="250" VPOS="533" WIDTH="60" HEIGHT="16" WC="0.96" CONTENT="Förste"/><SP WIDTH="13" VPOS="533" HPOS="310"/>
							<String ID="string_80" HPOS="323" VPOS="533" WIDTH="100" HEIGHT="15" WC="0.96" CONTENT="bokhållare"/><SP WIDTH="13" VPOS="533" HPOS="423"/>
							<String ID="string_81" HPOS="436" VPOS="534" WIDTH="52" HEIGHT="19" WC="0.3" CONTENT="[605]"/>
						</TextLine>
						<TextLine ID="line_20" HPOS="61" VPOS="554" WIDTH="219" HEIGHT="21">
							<String ID="string_82" HPOS="61" VPOS="557" WIDTH="11" HEIGHT="14" WC="0.91" CONTENT="f."/><SP WIDTH="12" VPOS="557" HPOS="72"/>
							<String ID="string_83" HPOS="84" VPOS="554" WIDTH="28" HEIGHT="20" WC="0.96" CONTENT="76;"/><SP WIDTH="11" VPOS="554" HPOS="112"/>
							<String ID="string_84" HPOS="123" VPOS="554" WIDTH="23" HEIGHT="17" WC="0.93" CONTENT="24"/><SP WIDTH="13" VPOS="554" HPOS="146"/>
							<String ID="string_85" HPOS="159" VPOS="556" WIDTH="42" HEIGHT="19" WC="0.90" CONTENT="(adr."/><SP WIDTH="13" VPOS="556" HPOS="201"/>
							<String ID="string_86" HPOS="214" VPOS="556" WIDTH="66" HEIGHT="19" WC="0.95" CONTENT="Luleå)."/>
						</TextLine>
					</TextBlock>
					<TextBlock ID="block_13" HPOS="38" VPOS="579" WIDTH="449" HEIGHT="42">
						<TextLine ID="line_21" HPOS="38" VPOS="579" WIDTH="449" HEIGHT="19">
							<String ID="string_87" HPOS="38" VPOS="579" WIDTH="68" HEIGHT="18" WC="0.94" CONTENT="Nilsson,"/><SP WIDTH="18" VPOS="579" HPOS="106"/>
							<String ID="string_88" HPOS="124" VPOS="579" WIDTH="38" HEIGHT="15" WC="0.96" CONTENT="Nils"/><SP WIDTH="18" VPOS="579" HPOS="162"/>
							<String ID="string_89" HPOS="180" VPOS="579" WIDTH="48" HEIGHT="17" WC="0.93" CONTENT="Erik,"/><SP WIDTH="18" VPOS="579" HPOS="228"/>
							<String ID="string_90" HPOS="246" VPOS="579" WIDTH="149" HEIGHT="19" WC="0.92" CONTENT="Hemmansägare"/><SP WIDTH="17" VPOS="579" HPOS="395"/>
							<String ID="string_91" HPOS="412" VPOS="580" WIDTH="51" HEIGHT="18" WC="0.93" CONTENT="[976],"/><SP WIDTH="13" VPOS="580" HPOS="463"/>
							<String ID="string_92" HPOS="476" VPOS="580" WIDTH="11" HEIGHT="15" WC="0.92" CONTENT="f."/>
						</TextLine>
						<TextLine ID="line_22" HPOS="58" VPOS="600" WIDTH="213" HEIGHT="21">
							<String ID="string_93" HPOS="58" VPOS="601" WIDTH="28" HEIGHT="18" WC="0.96" CONTENT="66;"/><SP WIDTH="12" VPOS="601" HPOS="86"/>
							<String ID="string_94" HPOS="98" VPOS="600" WIDTH="23" HEIGHT="17" WC="0.93" CONTENT="24"/><SP WIDTH="12" VPOS="600" HPOS="121"/>
							<String ID="string_95" HPOS="133" VPOS="602" WIDTH="43" HEIGHT="19" WC="0.88" CONTENT="(adr."/><SP WIDTH="13" VPOS="602" HPOS="176"/>
							<String ID="string_96" HPOS="189" VPOS="602" WIDTH="82" HEIGHT="19" WC="0.96" CONTENT="Antnäs)."/>
						</TextLine>
					</TextBlock>
					<TextBlock ID="block_14" HPOS="35" VPOS="623" WIDTH="453" HEIGHT="44">
						<TextLine ID="line_23" HPOS="35" VPOS="623" WIDTH="453" HEIGHT="21">
							<String ID="string_97" HPOS="35" VPOS="625" WIDTH="68" HEIGHT="19" WC="0.95" CONTENT="Dahlén,"/><SP WIDTH="12" VPOS="625" HPOS="103"/>
							<String ID="string_98" HPOS="115" VPOS="625" WIDTH="55" HEIGHT="19" WC="0.96" CONTENT="Jonas"/><SP WIDTH="13" VPOS="625" HPOS="170"/>
							<String ID="string_99" HPOS="183" VPOS="625" WIDTH="67" HEIGHT="17" WC="0.93" CONTENT="Petter,"/><SP WIDTH="14" VPOS="625" HPOS="250"/>
							<String ID="string_100" HPOS="264" VPOS="624" WIDTH="135" HEIGHT="18" WC="0.92" CONTENT="Gruvarbetare,"/><SP WIDTH="9" VPOS="624" HPOS="399"/>
							<String ID="string_101" HPOS="408" VPOS="625" WIDTH="12" HEIGHT="16" WC="0.82" CONTENT="f."/><SP WIDTH="8" VPOS="625" HPOS="420"/>
							<String ID="string_102" HPOS="428" VPOS="623" WIDTH="29" HEIGHT="19" WC="0.95" CONTENT="81;"/><SP WIDTH="8" VPOS="623" HPOS="457"/>
							<String ID="string_103" HPOS="465" VPOS="623" WIDTH="23" HEIGHT="17" WC="0.95" CONTENT="24"/>
						</TextLine>
						<TextLine ID="line_24" HPOS="59" VPOS="648" WIDTH="137" HEIGHT="19">
							<String ID="string_104" HPOS="59" VPOS="648" WIDTH="43" HEIGHT="19" WC="0.92" CONTENT="(adr."/><SP WIDTH="14" VPOS="648" HPOS="102"/>
							<String ID="string_105" HPOS="116" VPOS="648" WIDTH="80" HEIGHT="19" WC="0.94" CONTENT="Kiruna)."/>
						</TextLine>
					</TextBlock>
					<TextBlock ID="block_15" HPOS="37" VPOS="668" WIDTH="450" HEIGHT="45">
						<TextLine ID="line_25" HPOS="37" VPOS="668" WIDTH="450" HEIGHT="22">
							<String ID="string_106" HPOS="37" VPOS="671" WIDTH="98" HEIGHT="19" WC="0.92" CONTENT="Grapenson,"/><SP WIDTH="12" VPOS="671" HPOS="135"/>
							<String ID="string_107" HPOS="147" VPOS="671" WIDTH="53" HEIGHT="15" WC="0.96" CONTENT="Peter"/><SP WIDTH="12" VPOS="671" HPOS="200"/>
							<String ID="string_108" HPOS="212" VPOS="671" WIDTH="58" HEIGHT="19" WC="0.93" CONTENT="Jöran,"/><SP WIDTH="10" VPOS="671" HPOS="270"/>
							<String ID="string_109" HPOS="280" VPOS="671" WIDTH="89" HEIGHT="15" WC="0.92" CONTENT="Kommin."/><SP WIDTH="9" VPOS="671" HPOS="369"/>
							<String ID="string_110" HPOS="378" VPOS="671" WIDTH="52" HEIGHT="19" WC="0.89" CONTENT="[709],"/><SP WIDTH="10" VPOS="671" HPOS="430"/>
							<String ID="string_111" HPOS="440" VPOS="671" WIDTH="11" HEIGHT="15" WC="0.75" CONTENT="f."/><SP WIDTH="9" VPOS="671" HPOS="451"/>
							<String ID="string_112" HPOS="460" VPOS="668" WIDTH="27" HEIGHT="21" WC="0.96" CONTENT="78;"/>
						</TextLine>
						<TextLine ID="line_26" HPOS="59" VPOS="692" WIDTH="192" HEIGHT="21">
							<String ID="string_113" HPOS="59" VPOS="692" WIDTH="23" HEIGHT="16" WC="0.93" CONTENT="24"/><SP WIDTH="12" VPOS="692" HPOS="82"/>
							<String ID="string_114" HPOS="94" VPOS="694" WIDTH="43" HEIGHT="19" WC="0.91" CONTENT="(adr."/><SP WIDTH="13" VPOS="694" HPOS="137"/>
							<String ID="string_115" HPOS="150" VPOS="694" WIDTH="101" HEIGHT="19" WC="0.94" CONTENT="Gällivare)."/>
						</TextLine>
					</TextBlock>
					<TextBlock ID="block_16" HPOS="36" VPOS="715" WIDTH="451" HEIGHT="44">
						<TextLine ID="line_27" HPOS="36" VPOS="715" WIDTH="451" HEIGHT="21">
							<String ID="string_116" HPOS="36" VPOS="717" WIDTH="77" HEIGHT="19" WC="0.96" CONTENT="Lövgren,"/><SP WIDTH="12" VPOS="717" HPOS="113"/>
							<String ID="string_117" HPOS="125" VPOS="717" WIDTH="54" HEIGHT="15" WC="0.96" CONTENT="Oscar"/><SP WIDTH="12" VPOS="717" HPOS="179"/>
							<String ID="string_118" HPOS="191" VPOS="717" WIDTH="88" HEIGHT="17" WC="0.96" CONTENT="Wilhelm,"/><SP WIDTH="15" VPOS="717" HPOS="279"/>
							<String ID="string_119" HPOS="294" VPOS="716" WIDTH="91" HEIGHT="18" WC="0.93" CONTENT="Arbetare,"/><SP WIDTH="16" VPOS="716" HPOS="385"/>
							<String ID="string_120" HPOS="401" VPOS="717" WIDTH="12" HEIGHT="15" WC="0.92" CONTENT="f."/><SP WIDTH="13" VPOS="717" HPOS="413"/>
							<String ID="string_121" HPOS="426" VPOS="715" WIDTH="28" HEIGHT="19" WC="0.96" CONTENT="88;"/><SP WIDTH="11" VPOS="715" HPOS="454"/>
							<String ID="string_122" HPOS="465" VPOS="715" WIDTH="22" HEIGHT="16" WC="0.96" CONTENT="24"/>
						</TextLine>
						<TextLine ID="line_28" HPOS="58" VPOS="740" WIDTH="140" HEIGHT="19">
							<String ID="string_123" HPOS="58" VPOS="740" WIDTH="43" HEIGHT="19" WC="0.89" CONTENT="(adr."/><SP WIDTH="14" VPOS="740" HPOS="101"/>
							<String ID="string_124" HPOS="115" VPOS="740" WIDTH="83" HEIGHT="19" WC="0.96" CONTENT="Nyborg)."/>
						</TextLine>
					</TextBlock>
					<TextBlock ID="block_17" HPOS="37" VPOS="762" WIDTH="460" HEIGHT="43">
						<TextLine ID="line_29" HPOS="37" VPOS="762" WIDTH="460" HEIGHT="20">
							<String ID="string_125" HPOS="37" VPOS="763" WIDTH="91" HEIGHT="18" WC="0.77" CONTENT="Hedström,"/><SP WIDTH="11" VPOS="763" HPOS="128"/>
							<String ID="string_126" HPOS="139" VPOS="763" WIDTH="68" HEIGHT="19" WC="0.96" CONTENT="August"/><SP WIDTH="12" VPOS="763" HPOS="207"/>
							<String ID="string_127" HPOS="219" VPOS="762" WIDTH="78" HEIGHT="18" WC="0.96" CONTENT="Helmer,"/><SP WIDTH="9" VPOS="762" HPOS="297"/>
							<String ID="string_128" HPOS="306" VPOS="762" WIDTH="121" HEIGHT="16" WC="0.95" CONTENT="Lantbrukare"/><SP WIDTH="8" VPOS="762" HPOS="427"/>
							<String ID="string_129" HPOS="435" VPOS="763" WIDTH="52" HEIGHT="19" WC="0.95" CONTENT="[976],"/><SP WIDTH="9" VPOS="763" HPOS="487"/>
							<String ID="string_130" HPOS="496" VPOS="763" WIDTH="1" HEIGHT="3" WC="0.91" CONTENT="|"/>
						</TextLine>
						<TextLine ID="line_30" HPOS="59" VPOS="784" WIDTH="438" HEIGHT="21">
							<String ID="string_131" HPOS="59" VPOS="786" WIDTH="11" HEIGHT="15" WC="0.90" CONTENT="f."/><SP WIDTH="13" VPOS="786" HPOS="70"/>
							<String ID="string_132" HPOS="83" VPOS="784" WIDTH="28" HEIGHT="19" WC="0.96" CONTENT="73;"/><SP WIDTH="12" VPOS="784" HPOS="111"/>
							<String ID="string_133" HPOS="123" VPOS="784" WIDTH="23" HEIGHT="17" WC="0.93" CONTENT="24"/><SP WIDTH="12" VPOS="784" HPOS="146"/>
							<String ID="string_134" HPOS="158" VPOS="786" WIDTH="43" HEIGHT="18" WC="0.91" CONTENT="(adr."/><SP WIDTH="13" VPOS="786" HPOS="201"/>
							<String ID="string_135" HPOS="214" VPOS="785" WIDTH="94" HEIGHT="19" WC="0.96" CONTENT="Gäddvik)."/><SP WIDTH="188" VPOS="785" HPOS="308"/>
							<String ID="string_136" HPOS="496" VPOS="797" WIDTH="1" HEIGHT="8" WC="0.60" CONTENT="I"/>
						</TextLine>
					</TextBlock>
					<TextBlock ID="block_18" HPOS="36" VPOS="806" WIDTH="461" HEIGHT="44">
						<TextLine ID="line_31" HPOS="36" VPOS="806" WIDTH="461" HEIGHT="21">
							<String ID="string_137" HPOS="36" VPOS="808" WIDTH="106" HEIGHT="19" WC="0.95" CONTENT="Samuelsson,"/><SP WIDTH="15" VPOS="808" HPOS="142"/>
							<String ID="string_138" HPOS="157" VPOS="809" WIDTH="57" HEIGHT="18" WC="0.96" CONTENT="Bengt"/><SP WIDTH="14" VPOS="809" HPOS="214"/>
							<String ID="string_139" HPOS="228" VPOS="808" WIDTH="67" HEIGHT="15" WC="0.96" CONTENT="Robert"/><SP WIDTH="13" VPOS="808" HPOS="295"/>
							<String ID="string_140" HPOS="308" VPOS="807" WIDTH="87" HEIGHT="19" WC="0.93" CONTENT="Wilhelm,"/><SP WIDTH="9" VPOS="807" HPOS="395"/>
							<String ID="string_141" HPOS="404" VPOS="806" WIDTH="93" HEIGHT="17" WC="0.91" CONTENT="Lokomo-"/><SP WIDTH="-8" VPOS="806" HPOS="497"/>
							<String ID="string_142" HPOS="489" VPOS="802" WIDTH="12" HEIGHT="30" WC="0.69" CONTENT="|"/>
						</TextLine>
						<TextLine ID="line_32" HPOS="61" VPOS="829" WIDTH="323" HEIGHT="21">
							<String ID="string_143" HPOS="61" VPOS="832" WIDTH="89" HEIGHT="16" WC="0.92" CONTENT="tivförare,"/><SP WIDTH="13" VPOS="832" HPOS="150"/>
							<String ID="string_144" HPOS="163" VPOS="832" WIDTH="12" HEIGHT="15" WC="0.90" CONTENT="f."/><SP WIDTH="12" VPOS="832" HPOS="175"/>
							<String ID="string_145" HPOS="187" VPOS="830" WIDTH="27" HEIGHT="19" WC="0.96" CONTENT="86;"/><SP WIDTH="12" VPOS="830" HPOS="214"/>
							<String ID="string_146" HPOS="226" VPOS="829" WIDTH="23" HEIGHT="17" WC="0.93" CONTENT="24"/><SP WIDTH="12" VPOS="829" HPOS="249"/>
							<String ID="string_147" HPOS="261" VPOS="831" WIDTH="43" HEIGHT="19" WC="0.91" CONTENT="(adr."/><SP WIDTH="13" VPOS="831" HPOS="304"/>
							<String ID="string_148" HPOS="317" VPOS="831" WIDTH="67" HEIGHT="19" WC="0.96" CONTENT="Luleå)."/>
						</TextLine>
					</TextBlock>
				</ComposedBlock>
				<ComposedBlock ID="cblock_7" HPOS="39" VPOS="864" WIDTH="459" HEIGHT="108">
					<TextBlock ID="block_19" HPOS="39" VPOS="864" WIDTH="459" HEIGHT="108">
						<TextLine ID="line_33" HPOS="39" VPOS="864" WIDTH="459" HEIGHT="47">
							<String ID="string_149" HPOS="39" VPOS="879" WIDTH="57" HEIGHT="26" WC="0.54" CONTENT="[192]"/><SP WIDTH="42" VPOS="879" HPOS="96"/>
							<String ID="string_150" HPOS="138" VPOS="875" WIDTH="134" HEIGHT="29" WC="0.43" CONTENT=" Avlönings-"/><SP WIDTH="16" VPOS="875" HPOS="272"/>
							<String ID="string_151" HPOS="288" VPOS="875" WIDTH="40" HEIGHT="22" WC="0.96" CONTENT="och"/><SP WIDTH="17" VPOS="875" HPOS="328"/>
							<String ID="string_152" HPOS="345" VPOS="864" WIDTH="140" HEIGHT="47" WC="0.91" CONTENT="pensionsbe-"/><SP WIDTH="11" VPOS="864" HPOS="485"/>
							<String ID="string_153" HPOS="496" VPOS="868" WIDTH="2" HEIGHT="39" WC="0.95" CONTENT="|"/>
						</TextLine>
						<TextLine ID="line_34" HPOS="40" VPOS="908" WIDTH="458" HEIGHT="35">
							<String ID="string_154" HPOS="40" VPOS="910" WIDTH="145" HEIGHT="22" WC="0.93" CONTENT="stämmelser"/><SP WIDTH="23" VPOS="910" HPOS="185"/>
							<String ID="string_155" HPOS="208" VPOS="910" WIDTH="36" HEIGHT="22" WC="0.93" CONTENT="för"/><SP WIDTH="21" VPOS="910" HPOS="244"/>
							<String ID="string_156" HPOS="265" VPOS="908" WIDTH="233" HEIGHT="35" WC="0.58" CONTENT="befattningshavare"/><SP WIDTH="-16" VPOS="908" HPOS="498"/>
							<String ID="string_157" HPOS="482" VPOS="904" WIDTH="11" HEIGHT="43" WC="0.58" CONTENT="|"/>
						</TextLine>
						<TextLine ID="line_35" HPOS="129" VPOS="944" WIDTH="268" HEIGHT="28">
							<String ID="string_158" HPOS="129" VPOS="944" WIDTH="38" HEIGHT="23" WC="0.96" CONTENT="vid"/><SP WIDTH="16" VPOS="944" HPOS="167"/>
							<String ID="string_159" HPOS="183" VPOS="944" WIDTH="139" HEIGHT="28" WC="0.96" CONTENT="Riksdagens"/><SP WIDTH="14" VPOS="944" HPOS="322"/>
							<String ID="string_160" HPOS="336" VPOS="944" WIDTH="61" HEIGHT="22" WC="0.95" CONTENT="verk."/>
						</TextLine>
					</TextBlock>
				</ComposedBlock>
				<ComposedBlock ID="cblock_8" HPOS="37" VPOS="982" WIDTH="454" HEIGHT="224">
					<TextBlock ID="block_20" HPOS="37" VPOS="982" WIDTH="451" HEIGHT="34">
						<TextLine ID="line_36" HPOS="55" VPOS="982" WIDTH="433" HEIGHT="17">
							<String ID="string_161" HPOS="55" VPOS="983" WIDTH="167" HEIGHT="16" WC="0.91" CONTENT="Avlöningsreglemente"/><SP WIDTH="9" VPOS="983" HPOS="222"/>
							<String ID="string_162" HPOS="231" VPOS="983" WIDTH="16" HEIGHT="13" WC="0.97" CONTENT="är"/><SP WIDTH="8" VPOS="983" HPOS="247"/>
							<String ID="string_163" HPOS="255" VPOS="986" WIDTH="19" HEIGHT="9" WC="0.96" CONTENT="av"/><SP WIDTH="8" VPOS="986" HPOS="274"/>
							<String ID="string_164" HPOS="282" VPOS="982" WIDTH="76" HEIGHT="16" WC="0.96" CONTENT="riksdagen"/><SP WIDTH="8" VPOS="982" HPOS="358"/>
							<String ID="string_165" HPOS="366" VPOS="983" WIDTH="60" HEIGHT="15" WC="0.96" CONTENT="antaget"/><SP WIDTH="8" VPOS="983" HPOS="426"/>
							<String ID="string_166" HPOS="434" VPOS="982" WIDTH="28" HEIGHT="13" WC="0.96" CONTENT="den"/><SP WIDTH="10" VPOS="982" HPOS="462"/>
							<String ID="string_167" HPOS="472" VPOS="982" WIDTH="16" HEIGHT="13" WC="0.96" CONTENT="18"/>
						</TextLine>
						<TextLine ID="line_37" HPOS="37" VPOS="1000" WIDTH="319" HEIGHT="16">
							<String ID="string_168" HPOS="37" VPOS="1000" WIDTH="32" HEIGHT="16" WC="0.96" CONTENT="juni"/><SP WIDTH="8" VPOS="1000" HPOS="69"/>
							<String ID="string_169" HPOS="77" VPOS="1004" WIDTH="33" HEIGHT="12" WC="0.91" CONTENT="1921"/><SP WIDTH="9" VPOS="1004" HPOS="110"/>
							<String ID="string_170" HPOS="119" VPOS="1000" WIDTH="95" HEIGHT="16" WC="0.96" CONTENT="(Riksdagens"/><SP WIDTH="6" VPOS="1000" HPOS="214"/>
							<String ID="string_171" HPOS="220" VPOS="1000" WIDTH="68" HEIGHT="13" WC="0.96" CONTENT="skrivelse"/><SP WIDTH="6" VPOS="1000" HPOS="288"/>
							<String ID="string_172" HPOS="294" VPOS="1003" WIDTH="17" HEIGHT="10" WC="0.96" CONTENT="nr"/><SP WIDTH="7" VPOS="1003" HPOS="311"/>
							<String ID="string_173" HPOS="318" VPOS="1000" WIDTH="38" HEIGHT="16" WC="0.96" CONTENT="384)."/>
						</TextLine>
					</TextBlock>
					<TextBlock ID="block_21" HPOS="37" VPOS="1017" WIDTH="452" HEIGHT="102">
						<TextLine ID="line_38" HPOS="56" VPOS="1017" WIDTH="432" HEIGHT="16">
							<String ID="string_174" HPOS="56" VPOS="1017" WIDTH="44" HEIGHT="13" WC="0.93" CONTENT="Detta"/><SP WIDTH="10" VPOS="1017" HPOS="100"/>
							<String ID="string_175" HPOS="110" VPOS="1017" WIDTH="167" HEIGHT="16" WC="0.92" CONTENT="avlöningsreglemente,"/><SP WIDTH="8" VPOS="1017" HPOS="277"/>
							<String ID="string_176" HPOS="285" VPOS="1021" WIDTH="32" HEIGHT="9" WC="0.96" CONTENT="som"/><SP WIDTH="8" VPOS="1021" HPOS="317"/>
							<String ID="string_177" HPOS="325" VPOS="1017" WIDTH="5" HEIGHT="13" WC="0.96" CONTENT="i"/><SP WIDTH="8" VPOS="1017" HPOS="330"/>
							<String ID="string_178" HPOS="338" VPOS="1018" WIDTH="37" HEIGHT="12" WC="0.96" CONTENT="stort"/><SP WIDTH="9" VPOS="1018" HPOS="375"/>
							<String ID="string_179" HPOS="384" VPOS="1017" WIDTH="29" HEIGHT="13" WC="0.93" CONTENT="sett"/><SP WIDTH="9" VPOS="1017" HPOS="413"/>
							<String ID="string_180" HPOS="422" VPOS="1017" WIDTH="66" HEIGHT="13" WC="0.93" CONTENT="överens-"/>
						</TextLine>
						<TextLine ID="line_39" HPOS="38" VPOS="1034" WIDTH="451" HEIGHT="17">
							<String ID="string_181" HPOS="38" VPOS="1035" WIDTH="68" HEIGHT="13" WC="0.96" CONTENT="stämmer"/><SP WIDTH="6" VPOS="1035" HPOS="106"/>
							<String ID="string_182" HPOS="112" VPOS="1034" WIDTH="32" HEIGHT="14" WC="0.93" CONTENT="med"/><SP WIDTH="6" VPOS="1034" HPOS="144"/>
							<String ID="string_183" HPOS="150" VPOS="1035" WIDTH="169" HEIGHT="16" WC="0.92" CONTENT="avlöningsreglementet"/><SP WIDTH="6" VPOS="1035" HPOS="319"/>
							<String ID="string_184" HPOS="325" VPOS="1034" WIDTH="22" HEIGHT="14" WC="0.92" CONTENT="för"/><SP WIDTH="5" VPOS="1034" HPOS="347"/>
							<String ID="string_185" HPOS="352" VPOS="1034" WIDTH="137" HEIGHT="16" WC="0.90" CONTENT="statsdepartement"/>
						</TextLine>
						<TextLine ID="line_40" HPOS="37" VPOS="1052" WIDTH="452" HEIGHT="16">
							<String ID="string_186" HPOS="37" VPOS="1056" WIDTH="20" HEIGHT="9" WC="0.71" CONTENT="m,"/><SP WIDTH="5" VPOS="1056" HPOS="57"/>
							<String ID="string_187" HPOS="62" VPOS="1052" WIDTH="16" HEIGHT="13" WC="0.86" CONTENT="fl."/><SP WIDTH="6" VPOS="1052" HPOS="78"/>
							<String ID="string_188" HPOS="84" VPOS="1052" WIDTH="40" HEIGHT="16" WC="0.96" CONTENT="verk,"/><SP WIDTH="5" VPOS="1052" HPOS="124"/>
							<String ID="string_189" HPOS="129" VPOS="1052" WIDTH="85" HEIGHT="13" WC="0.96" CONTENT="tillhörande"/><SP WIDTH="5" VPOS="1052" HPOS="214"/>
							<String ID="string_190" HPOS="219" VPOS="1052" WIDTH="28" HEIGHT="13" WC="0.96" CONTENT="den"/><SP WIDTH="5" VPOS="1052" HPOS="247"/>
							<String ID="string_191" HPOS="252" VPOS="1052" WIDTH="42" HEIGHT="13" WC="0.93" CONTENT="civila"/><SP WIDTH="5" VPOS="1052" HPOS="294"/>
							<String ID="string_192" HPOS="299" VPOS="1052" WIDTH="149" HEIGHT="16" WC="0.91" CONTENT="statsförvaltningen,"/><SP WIDTH="5" VPOS="1052" HPOS="448"/>
							<String ID="string_193" HPOS="453" VPOS="1052" WIDTH="36" HEIGHT="13" WC="0.96" CONTENT="skall"/>
						</TextLine>
						<TextLine ID="line_41" HPOS="38" VPOS="1069" WIDTH="451" HEIGHT="16">
							<String ID="string_194" HPOS="38" VPOS="1070" WIDTH="26" HEIGHT="15" WC="0.96" CONTENT="äga"/><SP WIDTH="8" VPOS="1070" HPOS="64"/>
							<String ID="string_195" HPOS="72" VPOS="1069" WIDTH="92" HEIGHT="16" WC="0.93" CONTENT="tillämpning"/><SP WIDTH="7" VPOS="1069" HPOS="164"/>
							<String ID="string_196" HPOS="171" VPOS="1069" WIDTH="8" HEIGHT="13" WC="0.87" CONTENT="å"/><SP WIDTH="9" VPOS="1069" HPOS="179"/>
							<String ID="string_197" HPOS="188" VPOS="1069" WIDTH="87" HEIGHT="16" WC="0.96" CONTENT="tjänstemän"/><SP WIDTH="8" VPOS="1069" HPOS="275"/>
							<String ID="string_198" HPOS="283" VPOS="1069" WIDTH="25" HEIGHT="13" WC="0.96" CONTENT="vid"/><SP WIDTH="7" VPOS="1069" HPOS="308"/>
							<String ID="string_199" HPOS="315" VPOS="1069" WIDTH="92" HEIGHT="15" WC="0.93" CONTENT="riksbanken,"/><SP WIDTH="6" VPOS="1069" HPOS="407"/>
							<String ID="string_200" HPOS="413" VPOS="1069" WIDTH="76" HEIGHT="16" WC="0.92" CONTENT="riksgälds-"/>
						</TextLine>
						<TextLine ID="line_42" HPOS="38" VPOS="1086" WIDTH="451" HEIGHT="16">
							<String ID="string_201" HPOS="38" VPOS="1086" WIDTH="73" HEIGHT="16" WC="0.96" CONTENT="kontoret,"/><SP WIDTH="6" VPOS="1086" HPOS="111"/>
							<String ID="string_202" HPOS="117" VPOS="1086" WIDTH="83" HEIGHT="16" WC="0.96" CONTENT="riksdagens"/><SP WIDTH="7" VPOS="1086" HPOS="200"/>
							<String ID="string_203" HPOS="207" VPOS="1086" WIDTH="32" HEIGHT="16" WC="0.93" CONTENT="hus,"/><SP WIDTH="6" VPOS="1086" HPOS="239"/>
							<String ID="string_204" HPOS="245" VPOS="1086" WIDTH="150" HEIGHT="16" WC="0.91" CONTENT="riksdagsbiblioteket"/><SP WIDTH="7" VPOS="1086" HPOS="395"/>
							<String ID="string_205" HPOS="402" VPOS="1087" WIDTH="38" HEIGHT="12" WC="0.93" CONTENT="samt"/><SP WIDTH="6" VPOS="1087" HPOS="440"/>
							<String ID="string_206" HPOS="446" VPOS="1086" WIDTH="43" HEIGHT="16" WC="0.93" CONTENT="justi-"/>
						</TextLine>
						<TextLine ID="line_43" HPOS="37" VPOS="1103" WIDTH="346" HEIGHT="16">
							<String ID="string_207" HPOS="37" VPOS="1104" WIDTH="26" HEIGHT="13" WC="0.92" CONTENT="tie-"/><SP WIDTH="8" VPOS="1104" HPOS="63"/>
							<String ID="string_208" HPOS="71" VPOS="1103" WIDTH="27" HEIGHT="13" WC="0.93" CONTENT="och"/><SP WIDTH="8" VPOS="1103" HPOS="98"/>
							<String ID="string_209" HPOS="106" VPOS="1103" WIDTH="277" HEIGHT="16" WC="0.91" CONTENT="militieombudsmansexpeditionerna."/>
						</TextLine>
					</TextBlock>
					<TextBlock ID="block_22" HPOS="37" VPOS="1120" WIDTH="452" HEIGHT="34">
						<TextLine ID="line_44" HPOS="56" VPOS="1120" WIDTH="433" HEIGHT="17">
							<String ID="string_210" HPOS="56" VPOS="1120" WIDTH="75" HEIGHT="14" WC="0.96" CONTENT="Ordinarie"/><SP WIDTH="13" VPOS="1120" HPOS="131"/>
							<String ID="string_211" HPOS="144" VPOS="1121" WIDTH="88" HEIGHT="16" WC="0.95" CONTENT="tjänstemän"/><SP WIDTH="14" VPOS="1121" HPOS="232"/>
							<String ID="string_212" HPOS="246" VPOS="1121" WIDTH="69" HEIGHT="13" WC="0.74" CONTENT="tillsättas"/><SP WIDTH="12" VPOS="1121" HPOS="315"/>
							<String ID="string_213" HPOS="327" VPOS="1120" WIDTH="31" HEIGHT="14" WC="0.96" CONTENT="dels"/><SP WIDTH="12" VPOS="1120" HPOS="358"/>
							<String ID="string_214" HPOS="370" VPOS="1124" WIDTH="52" HEIGHT="13" WC="0.92" CONTENT="genom"/><SP WIDTH="14" VPOS="1124" HPOS="422"/>
							<String ID="string_215" HPOS="436" VPOS="1120" WIDTH="53" HEIGHT="14" WC="0.82" CONTENT="förord-"/>
						</TextLine>
						<TextLine ID="line_45" HPOS="37" VPOS="1138" WIDTH="398" HEIGHT="16">
							<String ID="string_216" HPOS="37" VPOS="1138" WIDTH="53" HEIGHT="16" WC="0.96" CONTENT="nande,"/><SP WIDTH="9" VPOS="1138" HPOS="90"/>
							<String ID="string_217" HPOS="99" VPOS="1138" WIDTH="30" HEIGHT="13" WC="0.96" CONTENT="dels"/><SP WIDTH="9" VPOS="1138" HPOS="129"/>
							<String ID="string_218" HPOS="138" VPOS="1142" WIDTH="52" HEIGHT="12" WC="0.96" CONTENT="genom"/><SP WIDTH="10" VPOS="1142" HPOS="190"/>
							<String ID="string_219" HPOS="200" VPOS="1138" WIDTH="67" HEIGHT="13" WC="0.96" CONTENT="fullmakt"/><SP WIDTH="9" VPOS="1138" HPOS="267"/>
							<String ID="string_220" HPOS="276" VPOS="1138" WIDTH="35" HEIGHT="13" WC="0.93" CONTENT="eller"/><SP WIDTH="10" VPOS="1138" HPOS="311"/>
							<String ID="string_221" HPOS="321" VPOS="1138" WIDTH="114" HEIGHT="13" WC="0.88" CONTENT="konstitutorial."/>
						</TextLine>
					</TextBlock>
					<TextBlock ID="block_23" HPOS="37" VPOS="1155" WIDTH="454" HEIGHT="51">
						<TextLine ID="line_46" HPOS="56" VPOS="1155" WIDTH="435" HEIGHT="16">
							<String ID="string_222" HPOS="56" VPOS="1155" WIDTH="28" HEIGHT="13" WC="0.96" CONTENT="För"/><SP WIDTH="8" VPOS="1155" HPOS="84"/>
							<String ID="string_223" HPOS="92" VPOS="1155" WIDTH="64" HEIGHT="16" WC="0.96" CONTENT="följande"/><SP WIDTH="7" VPOS="1155" HPOS="156"/>
							<String ID="string_224" HPOS="163" VPOS="1155" WIDTH="104" HEIGHT="16" WC="0.96" CONTENT="befattningar,"/><SP WIDTH="7" VPOS="1155" HPOS="267"/>
							<String ID="string_225" HPOS="274" VPOS="1155" WIDTH="47" HEIGHT="13" WC="0.96" CONTENT="vilkas"/><SP WIDTH="7" VPOS="1155" HPOS="321"/>
							<String ID="string_226" HPOS="328" VPOS="1155" WIDTH="87" HEIGHT="13" WC="0.96" CONTENT="innehavare"/><SP WIDTH="8" VPOS="1155" HPOS="415"/>
							<String ID="string_227" HPOS="423" VPOS="1155" WIDTH="68" HEIGHT="13" WC="0.95" CONTENT="tillsättas"/>
						</TextLine>
						<TextLine ID="line_47" HPOS="37" VPOS="1172" WIDTH="454" HEIGHT="17">
							<String ID="string_228" HPOS="37" VPOS="1176" WIDTH="52" HEIGHT="13" WC="0.96" CONTENT="genom"/><SP WIDTH="5" VPOS="1176" HPOS="89"/>
							<String ID="string_229" HPOS="94" VPOS="1172" WIDTH="96" HEIGHT="14" WC="0.96" CONTENT="förordnande"/><SP WIDTH="4" VPOS="1172" HPOS="190"/>
							<String ID="string_230" HPOS="194" VPOS="1173" WIDTH="18" HEIGHT="16" WC="0.97" CONTENT="på"/><SP WIDTH="5" VPOS="1173" HPOS="212"/>
							<String ID="string_231" HPOS="217" VPOS="1173" WIDTH="29" HEIGHT="12" WC="0.95" CONTENT="viss"/><SP WIDTH="5" VPOS="1173" HPOS="246"/>
							<String ID="string_232" HPOS="251" VPOS="1172" WIDTH="27" HEIGHT="16" WC="0.95" CONTENT="tid,"/><SP WIDTH="4" VPOS="1172" HPOS="278"/>
							<String ID="string_233" HPOS="282" VPOS="1172" WIDTH="42" HEIGHT="17" WC="0.96" CONTENT="utgår"/><SP WIDTH="4" VPOS="1172" HPOS="324"/>
							<String ID="string_234" HPOS="328" VPOS="1172" WIDTH="53" HEIGHT="16" WC="0.95" CONTENT="arvode,"/><SP WIDTH="5" VPOS="1172" HPOS="381"/>
							<String ID="string_235" HPOS="386" VPOS="1172" WIDTH="22" HEIGHT="13" WC="0.95" CONTENT="för"/><SP WIDTH="5" VPOS="1172" HPOS="408"/>
							<String ID="string_236" HPOS="413" VPOS="1173" WIDTH="16" HEIGHT="12" WC="0.96" CONTENT="år"/><SP WIDTH="3" VPOS="1173" HPOS="429"/>
							<String ID="string_237" HPOS="432" VPOS="1172" WIDTH="59" HEIGHT="16" WC="0.96" CONTENT="räknat,"/>
						</TextLine>
						<TextLine ID="line_48" HPOS="38" VPOS="1189" WIDTH="220" HEIGHT="17">
							<String ID="string_238" HPOS="38" VPOS="1190" WIDTH="33" HEIGHT="13" WC="0.93" CONTENT="med"/><SP WIDTH="7" VPOS="1190" HPOS="71"/>
							<String ID="string_239" HPOS="78" VPOS="1189" WIDTH="112" HEIGHT="14" WC="0.91" CONTENT="nedannämnda"/><SP WIDTH="7" VPOS="1189" HPOS="190"/>
							<String ID="string_240" HPOS="197" VPOS="1190" WIDTH="61" HEIGHT="16" WC="0.96" CONTENT="belopp:"/>
						</TextLine>
					</TextBlock>
				</ComposedBlock>
				<ComposedBlock ID="cblock_9" HPOS="37" VPOS="1205" WIDTH="463" HEIGHT="29">
					<TextBlock ID="block_24" HPOS="37" VPOS="1205" WIDTH="463" HEIGHT="29">
						<TextLine ID="line_49" HPOS="499" VPOS="1205" WIDTH="1" HEIGHT="13">
							<String ID="string_241" HPOS="499" VPOS="1205" WIDTH="1" HEIGHT="13" WC="0.79" CONTENT="I"/>
						</TextLine>
						<TextLine ID="line_50" HPOS="37" VPOS="1217" WIDTH="342" HEIGHT="17">
							<String ID="string_242" HPOS="37" VPOS="1217" WIDTH="106" HEIGHT="14" WC="0.95" CONTENT="verkställande"/><SP WIDTH="17" VPOS="1217" HPOS="143"/>
							<String ID="string_243" HPOS="160" VPOS="1217" WIDTH="123" HEIGHT="17" WC="0.95" CONTENT="styrelseledamot"/><SP WIDTH="20" VPOS="1217" HPOS="283"/>
							<String ID="string_244" HPOS="303" VPOS="1217" WIDTH="26" HEIGHT="14" WC="0.86" CONTENT="vid"/><SP WIDTH="15" VPOS="1217" HPOS="329"/>
							<String ID="string_245" HPOS="344" VPOS="1218" WIDTH="35" HEIGHT="13" WC="0.86" CONTENT="riks-"/>
						</TextLine>
					</TextBlock>
				</ComposedBlock>
				<ComposedBlock ID="cblock_10" HPOS="54" VPOS="1235" WIDTH="325" HEIGHT="17">
					<TextBlock ID="block_25" HPOS="54" VPOS="1235" WIDTH="325" HEIGHT="17">
						<TextLine ID="line_51" HPOS="54" VPOS="1235" WIDTH="325" HEIGHT="17">
							<String ID="string_246" HPOS="54" VPOS="1235" WIDTH="65" HEIGHT="13" WC="0.96" CONTENT="bankens"/><SP WIDTH="19" VPOS="1235" HPOS="119"/>
							<String ID="string_247" HPOS="138" VPOS="1235" WIDTH="136" HEIGHT="17" WC="0.92" CONTENT="avdelningskontor"/><SP WIDTH="12" VPOS="1235" HPOS="274"/>
							<String ID="string_248" HPOS="286" VPOS="1235" WIDTH="5" HEIGHT="13" WC="0.96" CONTENT="i"/><SP WIDTH="15" VPOS="1235" HPOS="291"/>
							<String ID="string_249" HPOS="306" VPOS="1235" WIDTH="73" HEIGHT="16" WC="0.96" CONTENT="Göteborg"/>
						</TextLine>
					</TextBlock>
				</ComposedBlock>
				<ComposedBlock ID="cblock_11" HPOS="38" VPOS="1252" WIDTH="452" HEIGHT="51">
					<TextBlock ID="block_26" HPOS="38" VPOS="1252" WIDTH="452" HEIGHT="51">
						<TextLine ID="line_52" HPOS="54" VPOS="1252" WIDTH="436" HEIGHT="17">
							<String ID="string_250" HPOS="54" VPOS="1253" WIDTH="35" HEIGHT="13" WC="0.96" CONTENT="eller"/><SP WIDTH="12" VPOS="1253" HPOS="89"/>
							<String ID="string_251" HPOS="101" VPOS="1252" WIDTH="53" HEIGHT="13" WC="0.92" CONTENT="Malmö"/><SP WIDTH="20" VPOS="1252" HPOS="154"/>
							<String ID="string_252" HPOS="174" VPOS="1262" WIDTH="202" HEIGHT="4" WC="0.0" CONTENT="........soccs"/><SP WIDTH="34" VPOS="1262" HPOS="376"/>
							<String ID="string_253" HPOS="410" VPOS="1256" WIDTH="49" HEIGHT="13" WC="0.91" CONTENT="15,000"/><SP WIDTH="10" VPOS="1256" HPOS="459"/>
							<String ID="string_254" HPOS="469" VPOS="1252" WIDTH="21" HEIGHT="14" WC="0.96" CONTENT="kr."/>
						</TextLine>
						<TextLine ID="line_53" HPOS="38" VPOS="1269" WIDTH="342" HEIGHT="17">
							<String ID="string_255" HPOS="38" VPOS="1270" WIDTH="107" HEIGHT="13" WC="0.96" CONTENT="verkställande"/><SP WIDTH="12" VPOS="1270" HPOS="145"/>
							<String ID="string_256" HPOS="157" VPOS="1269" WIDTH="125" HEIGHT="17" WC="0.96" CONTENT="styrelseledamot"/><SP WIDTH="14" VPOS="1269" HPOS="282"/>
							<String ID="string_257" HPOS="296" VPOS="1270" WIDTH="26" HEIGHT="13" WC="0.96" CONTENT="vid"/><SP WIDTH="13" VPOS="1270" HPOS="322"/>
							<String ID="string_258" HPOS="335" VPOS="1271" WIDTH="45" HEIGHT="12" WC="0.96" CONTENT="annat"/>
						</TextLine>
						<TextLine ID="line_54" HPOS="53" VPOS="1287" WIDTH="425" HEIGHT="16">
							<String ID="string_259" HPOS="53" VPOS="1287" WIDTH="95" HEIGHT="14" WC="0.95" CONTENT="riksbankens"/><SP WIDTH="14" VPOS="1287" HPOS="148"/>
							<String ID="string_260" HPOS="162" VPOS="1287" WIDTH="137" HEIGHT="16" WC="0.93" CONTENT="avdelningskontor"/><SP WIDTH="22" VPOS="1287" HPOS="299"/>
							<String ID="string_261" HPOS="321" VPOS="1296" WIDTH="4" HEIGHT="4" WC="0.24" CONTENT="=."/><SP WIDTH="15" VPOS="1296" HPOS="325"/>
							<String ID="string_262" HPOS="340" VPOS="1297" WIDTH="3" HEIGHT="3" WC="0.81" CONTENT="."/><SP WIDTH="14" VPOS="1297" HPOS="343"/>
							<String ID="string_263" HPOS="357" VPOS="1297" WIDTH="4" HEIGHT="3" WC="0.53" CONTENT="."/><SP WIDTH="14" VPOS="1297" HPOS="361"/>
							<String ID="string_264" HPOS="375" VPOS="1297" WIDTH="4" HEIGHT="3" WC="0.63" CONTENT="."/><SP WIDTH="29" VPOS="1297" HPOS="379"/>
							<String ID="string_265" HPOS="408" VPOS="1291" WIDTH="49" HEIGHT="12" WC="0.9" CONTENT="—12,000"/><SP WIDTH="15" VPOS="1291" HPOS="457"/>
							<String ID="string_266" HPOS="472" VPOS="1291" WIDTH="6" HEIGHT="8" WC="0.81" CONTENT="&gt;"/>
						</TextLine>
					</TextBlock>
				</ComposedBlock>
				<ComposedBlock ID="cblock_12" HPOS="37" VPOS="1315" WIDTH="456" HEIGHT="173">
					<TextBlock ID="block_27" HPOS="37" VPOS="1315" WIDTH="456" HEIGHT="69">
						<TextLine ID="line_55" HPOS="55" VPOS="1315" WIDTH="438" HEIGHT="17">
							<String ID="string_267" HPOS="55" VPOS="1315" WIDTH="28" HEIGHT="13" WC="0.93" CONTENT="För"/><SP WIDTH="10" VPOS="1315" HPOS="83"/>
							<String ID="string_268" HPOS="93" VPOS="1315" WIDTH="192" HEIGHT="17" WC="0.80" CONTENT="byråchefsbefattningarna"/><SP WIDTH="9" VPOS="1315" HPOS="285"/>
							<String ID="string_269" HPOS="294" VPOS="1315" WIDTH="25" HEIGHT="13" WC="0.92" CONTENT="vid"/><SP WIDTH="9" VPOS="1315" HPOS="319"/>
							<String ID="string_270" HPOS="328" VPOS="1315" WIDTH="61" HEIGHT="17" WC="0.91" CONTENT="justitie-"/><SP WIDTH="10" VPOS="1315" HPOS="389"/>
							<String ID="string_271" HPOS="399" VPOS="1315" WIDTH="27" HEIGHT="13" WC="0.93" CONTENT="och"/><SP WIDTH="10" VPOS="1315" HPOS="426"/>
							<String ID="string_272" HPOS="436" VPOS="1315" WIDTH="57" HEIGHT="13" WC="0.91" CONTENT="militie-"/>
						</TextLine>
						<TextLine ID="line_56" HPOS="37" VPOS="1333" WIDTH="408" HEIGHT="16">
							<String ID="string_273" HPOS="37" VPOS="1333" WIDTH="225" HEIGHT="16" WC="0.91" CONTENT="ombudsmansexpeditionerna,"/><SP WIDTH="8" VPOS="1333" HPOS="262"/>
							<String ID="string_274" HPOS="270" VPOS="1333" WIDTH="47" HEIGHT="13" WC="0.96" CONTENT="vilkas"/><SP WIDTH="7" VPOS="1333" HPOS="317"/>
							<String ID="string_275" HPOS="324" VPOS="1333" WIDTH="88" HEIGHT="13" WC="0.96" CONTENT="innehavare"/><SP WIDTH="12" VPOS="1333" HPOS="412"/>
							<String ID="string_276" HPOS="424" VPOS="1333" WIDTH="21" HEIGHT="13" WC="0.95" CONTENT="till"/>
						</TextLine>
						<TextLine ID="line_57" HPOS="37" VPOS="1349" WIDTH="454" HEIGHT="17">
							<String ID="string_277" HPOS="37" VPOS="1354" WIDTH="52" HEIGHT="12" WC="0.96" CONTENT="genom"/><SP WIDTH="10" VPOS="1354" HPOS="89"/>
							<String ID="string_278" HPOS="99" VPOS="1349" WIDTH="96" HEIGHT="14" WC="0.96" CONTENT="förordnande"/><SP WIDTH="7" VPOS="1349" HPOS="195"/>
							<String ID="string_279" HPOS="202" VPOS="1350" WIDTH="30" HEIGHT="13" WC="0.96" CONTENT="tills"/><SP WIDTH="6" VPOS="1350" HPOS="232"/>
							<String ID="string_280" HPOS="238" VPOS="1350" WIDTH="55" HEIGHT="16" WC="0.95" CONTENT="vidare,"/><SP WIDTH="7" VPOS="1350" HPOS="293"/>
							<String ID="string_281" HPOS="300" VPOS="1350" WIDTH="41" HEIGHT="16" WC="0.95" CONTENT="utgår"/><SP WIDTH="9" VPOS="1350" HPOS="341"/>
							<String ID="string_282" HPOS="350" VPOS="1350" WIDTH="52" HEIGHT="16" WC="0.95" CONTENT="arvode,"/><SP WIDTH="7" VPOS="1350" HPOS="402"/>
							<String ID="string_283" HPOS="409" VPOS="1350" WIDTH="22" HEIGHT="13" WC="0.96" CONTENT="för"/><SP WIDTH="7" VPOS="1350" HPOS="431"/>
							<String ID="string_284" HPOS="438" VPOS="1350" WIDTH="15" HEIGHT="13" WC="0.93" CONTENT="år"/><SP WIDTH="7" VPOS="1350" HPOS="453"/>
							<String ID="string_285" HPOS="460" VPOS="1350" WIDTH="31" HEIGHT="13" WC="0.91" CONTENT="räk-"/>
						</TextLine>
						<TextLine ID="line_58" HPOS="37" VPOS="1367" WIDTH="454" HEIGHT="17">
							<String ID="string_286" HPOS="37" VPOS="1369" WIDTH="31" HEIGHT="14" WC="0.96" CONTENT="nat,"/><SP WIDTH="13" VPOS="1369" HPOS="68"/>
							<String ID="string_287" HPOS="81" VPOS="1367" WIDTH="33" HEIGHT="13" WC="0.96" CONTENT="med"/><SP WIDTH="11" VPOS="1367" HPOS="114"/>
							<String ID="string_288" HPOS="125" VPOS="1368" WIDTH="37" HEIGHT="16" WC="0.93" CONTENT="lägst"/><SP WIDTH="10" VPOS="1368" HPOS="162"/>
							<String ID="string_289" HPOS="172" VPOS="1371" WIDTH="47" HEIGHT="12" WC="0.91" CONTENT="10,500"/><SP WIDTH="9" VPOS="1371" HPOS="219"/>
							<String ID="string_290" HPOS="228" VPOS="1367" WIDTH="52" HEIGHT="13" WC="0.96" CONTENT="kronor"/><SP WIDTH="8" VPOS="1367" HPOS="280"/>
							<String ID="string_291" HPOS="288" VPOS="1367" WIDTH="27" HEIGHT="13" WC="0.95" CONTENT="och"/><SP WIDTH="9" VPOS="1367" HPOS="315"/>
							<String ID="string_292" HPOS="324" VPOS="1368" WIDTH="42" HEIGHT="16" WC="0.93" CONTENT="högst"/><SP WIDTH="10" VPOS="1368" HPOS="366"/>
							<String ID="string_293" HPOS="376" VPOS="1371" WIDTH="48" HEIGHT="13" WC="0.91" CONTENT="11,940"/><SP WIDTH="9" VPOS="1371" HPOS="424"/>
							<String ID="string_294" HPOS="433" VPOS="1367" WIDTH="58" HEIGHT="14" WC="0.96" CONTENT="kronor."/>
						</TextLine>
					</TextBlock>
					<TextBlock ID="block_28" HPOS="37" VPOS="1385" WIDTH="455" HEIGHT="50">
						<TextLine ID="line_59" HPOS="55" VPOS="1385" WIDTH="437" HEIGHT="16">
							<String ID="string_295" HPOS="55" VPOS="1385" WIDTH="99" HEIGHT="16" WC="0.92" CONTENT="Tjänstemän,"/><SP WIDTH="9" VPOS="1385" HPOS="154"/>
							<String ID="string_296" HPOS="163" VPOS="1388" WIDTH="31" HEIGHT="10" WC="0.96" CONTENT="som"/><SP WIDTH="9" VPOS="1388" HPOS="194"/>
							<String ID="string_297" HPOS="203" VPOS="1385" WIDTH="67" HEIGHT="13" WC="0.96" CONTENT="tillsättas"/><SP WIDTH="9" VPOS="1385" HPOS="270"/>
							<String ID="string_298" HPOS="279" VPOS="1388" WIDTH="51" HEIGHT="13" WC="0.96" CONTENT="genom"/><SP WIDTH="10" VPOS="1388" HPOS="330"/>
							<String ID="string_299" HPOS="340" VPOS="1385" WIDTH="66" HEIGHT="13" WC="0.96" CONTENT="fullmakt"/><SP WIDTH="9" VPOS="1385" HPOS="406"/>
							<String ID="string_300" HPOS="415" VPOS="1385" WIDTH="33" HEIGHT="12" WC="0.92" CONTENT="eller"/><SP WIDTH="9" VPOS="1385" HPOS="448"/>
							<String ID="string_301" HPOS="457" VPOS="1385" WIDTH="35" HEIGHT="12" WC="0.91" CONTENT="kon-"/>
						</TextLine>
						<TextLine ID="line_60" HPOS="37" VPOS="1401" WIDTH="454" HEIGHT="17">
							<String ID="string_302" HPOS="37" VPOS="1402" WIDTH="85" HEIGHT="16" WC="0.55" CONTENT="stitutorial,"/><SP WIDTH="8" VPOS="1402" HPOS="122"/>
							<String ID="string_303" HPOS="130" VPOS="1402" WIDTH="26" HEIGHT="13" WC="0.96" CONTENT="äro"/><SP WIDTH="8" VPOS="1402" HPOS="156"/>
							<String ID="string_304" HPOS="164" VPOS="1401" WIDTH="73" HEIGHT="14" WC="0.96" CONTENT="fördelade"/><SP WIDTH="9" VPOS="1401" HPOS="237"/>
							<String ID="string_305" HPOS="246" VPOS="1402" WIDTH="18" HEIGHT="16" WC="0.96" CONTENT="på"/><SP WIDTH="9" VPOS="1402" HPOS="264"/>
							<String ID="string_306" HPOS="273" VPOS="1402" WIDTH="25" HEIGHT="13" WC="0.96" CONTENT="två"/><SP WIDTH="8" VPOS="1402" HPOS="298"/>
							<String ID="string_307" HPOS="306" VPOS="1402" WIDTH="99" HEIGHT="16" WC="0.96" CONTENT="avdelningar,"/><SP WIDTH="8" VPOS="1402" HPOS="405"/>
							<String ID="string_308" HPOS="413" VPOS="1402" WIDTH="78" HEIGHT="16" WC="0.96" CONTENT="nämligen:"/>
						</TextLine>
						<TextLine ID="line_61" HPOS="38" VPOS="1419" WIDTH="454" HEIGHT="16">
							<String ID="string_309" HPOS="38" VPOS="1420" WIDTH="17" HEIGHT="12" WC="0.87" CONTENT="A."/><SP WIDTH="11" VPOS="1420" HPOS="55"/>
							<String ID="string_310" HPOS="66" VPOS="1419" WIDTH="62" HEIGHT="16" WC="0.96" CONTENT="Manliga"/><SP WIDTH="13" VPOS="1419" HPOS="128"/>
							<String ID="string_311" HPOS="141" VPOS="1419" WIDTH="87" HEIGHT="16" WC="0.96" CONTENT="tjänstemän"/><SP WIDTH="12" VPOS="1419" HPOS="228"/>
							<String ID="string_312" HPOS="240" VPOS="1419" WIDTH="27" HEIGHT="13" WC="0.93" CONTENT="och"/><SP WIDTH="12" VPOS="1419" HPOS="267"/>
							<String ID="string_313" HPOS="279" VPOS="1419" WIDTH="17" HEIGHT="13" WC="0.92" CONTENT="B."/><SP WIDTH="11" VPOS="1419" HPOS="296"/>
							<String ID="string_314" HPOS="307" VPOS="1419" WIDTH="79" HEIGHT="16" WC="0.96" CONTENT="Kvinnliga"/><SP WIDTH="12" VPOS="1419" HPOS="386"/>
							<String ID="string_315" HPOS="398" VPOS="1419" WIDTH="94" HEIGHT="16" WC="0.96" CONTENT="tjänstemän."/>
						</TextLine>
					</TextBlock>
					<TextBlock ID="block_29" HPOS="38" VPOS="1436" WIDTH="454" HEIGHT="52">
						<TextLine ID="line_62" HPOS="57" VPOS="1436" WIDTH="434" HEIGHT="17">
							<String ID="string_316" HPOS="57" VPOS="1436" WIDTH="45" HEIGHT="14" WC="0.96" CONTENT="Dessa"/><SP WIDTH="7" VPOS="1436" HPOS="102"/>
							<String ID="string_317" HPOS="109" VPOS="1436" WIDTH="95" HEIGHT="17" WC="0.96" CONTENT="avdelningar"/><SP WIDTH="7" VPOS="1436" HPOS="204"/>
							<String ID="string_318" HPOS="211" VPOS="1437" WIDTH="25" HEIGHT="13" WC="0.96" CONTENT="äro"/><SP WIDTH="7" VPOS="1437" HPOS="236"/>
							<String ID="string_319" HPOS="243" VPOS="1437" WIDTH="4" HEIGHT="13" WC="0.96" CONTENT="i"/><SP WIDTH="8" VPOS="1437" HPOS="247"/>
							<String ID="string_320" HPOS="255" VPOS="1436" WIDTH="22" HEIGHT="13" WC="0.96" CONTENT="sin"/><SP WIDTH="7" VPOS="1436" HPOS="277"/>
							<String ID="string_321" HPOS="284" VPOS="1436" WIDTH="63" HEIGHT="17" WC="0.96" CONTENT="ordning"/><SP WIDTH="7" VPOS="1436" HPOS="347"/>
							<String ID="string_322" HPOS="354" VPOS="1436" WIDTH="80" HEIGHT="17" WC="0.96" CONTENT="uppdelade"/><SP WIDTH="7" VPOS="1436" HPOS="434"/>
							<String ID="string_323" HPOS="441" VPOS="1437" WIDTH="4" HEIGHT="12" WC="0.93" CONTENT="i"/><SP WIDTH="8" VPOS="1437" HPOS="445"/>
							<String ID="string_324" HPOS="453" VPOS="1436" WIDTH="38" HEIGHT="13" WC="0.93" CONTENT="löne-"/>
						</TextLine>
						<TextLine ID="line_63" HPOS="38" VPOS="1453" WIDTH="454" HEIGHT="17">
							<String ID="string_325" HPOS="38" VPOS="1453" WIDTH="56" HEIGHT="17" WC="0.93" CONTENT="grader:"/><SP WIDTH="10" VPOS="1453" HPOS="94"/>
							<String ID="string_326" HPOS="104" VPOS="1454" WIDTH="56" HEIGHT="13" WC="0.90" CONTENT="Avd.A."/><SP WIDTH="10" VPOS="1454" HPOS="160"/>
							<String ID="string_327" HPOS="170" VPOS="1454" WIDTH="5" HEIGHT="13" WC="0.96" CONTENT="i"/><SP WIDTH="9" VPOS="1454" HPOS="175"/>
							<String ID="string_328" HPOS="184" VPOS="1458" WIDTH="17" HEIGHT="9" WC="0.96" CONTENT="20"/><SP WIDTH="6" VPOS="1458" HPOS="201"/>
							<String ID="string_329" HPOS="207" VPOS="1454" WIDTH="26" HEIGHT="13" WC="0.96" CONTENT="och"/><SP WIDTH="7" VPOS="1454" HPOS="233"/>
							<String ID="string_330" HPOS="240" VPOS="1453" WIDTH="37" HEIGHT="14" WC="0.93" CONTENT="Avd."/><SP WIDTH="11" VPOS="1453" HPOS="277"/>
							<String ID="string_331" HPOS="288" VPOS="1454" WIDTH="16" HEIGHT="13" WC="0.92" CONTENT="B."/><SP WIDTH="10" VPOS="1454" HPOS="304"/>
							<String ID="string_332" HPOS="314" VPOS="1454" WIDTH="5" HEIGHT="13" WC="0.97" CONTENT="i"/><SP WIDTH="10" VPOS="1454" HPOS="319"/>
							<String ID="string_333" HPOS="329" VPOS="1454" WIDTH="12" HEIGHT="13" WC="0.92" CONTENT="8."/><SP WIDTH="19" VPOS="1454" HPOS="341"/>
							<String ID="string_334" HPOS="360" VPOS="1454" WIDTH="7" HEIGHT="13" WC="0.93" CONTENT="I"/><SP WIDTH="9" VPOS="1454" HPOS="367"/>
							<String ID="string_335" HPOS="376" VPOS="1453" WIDTH="116" HEIGHT="14" WC="0.92" CONTENT="statskalendern"/>
						</TextLine>
						<TextLine ID="line_64" HPOS="38" VPOS="1471" WIDTH="454" HEIGHT="17">
							<String ID="string_336" HPOS="38" VPOS="1472" WIDTH="25" HEIGHT="12" WC="0.92" CONTENT="äro"/><SP WIDTH="7" VPOS="1472" HPOS="63"/>
							<String ID="string_337" HPOS="70" VPOS="1472" WIDTH="74" HEIGHT="15" WC="0.96" CONTENT="upptagna"/><SP WIDTH="7" VPOS="1472" HPOS="144"/>
							<String ID="string_338" HPOS="151" VPOS="1471" WIDTH="118" HEIGHT="17" WC="0.96" CONTENT="tjänstemännen"/><SP WIDTH="8" VPOS="1471" HPOS="269"/>
							<String ID="string_339" HPOS="277" VPOS="1471" WIDTH="32" HEIGHT="13" WC="0.97" CONTENT="från"/><SP WIDTH="6" VPOS="1471" HPOS="309"/>
							<String ID="string_340" HPOS="315" VPOS="1471" WIDTH="27" HEIGHT="14" WC="0.97" CONTENT="och"/><SP WIDTH="7" VPOS="1471" HPOS="342"/>
							<String ID="string_341" HPOS="349" VPOS="1471" WIDTH="33" HEIGHT="13" WC="0.93" CONTENT="med"/><SP WIDTH="6" VPOS="1471" HPOS="382"/>
							<String ID="string_342" HPOS="388" VPOS="1471" WIDTH="33" HEIGHT="17" WC="0.28" CONTENT="9:de"/><SP WIDTH="6" VPOS="1471" HPOS="421"/>
							<String ID="string_343" HPOS="427" VPOS="1472" WIDTH="65" HEIGHT="15" WC="0.47" CONTENT="lönegra-"/>
						</TextLine>
					</TextBlock>
				</ComposedBlock>
				<ComposedBlock ID="cblock_13" HPOS="446" VPOS="1334" WIDTH="46" HEIGHT="11">
					<TextBlock ID="block_30" HPOS="446" VPOS="1334" WIDTH="46" HEIGHT="11">
						<TextLine ID="line_65" HPOS="446" VPOS="1334" WIDTH="46" HEIGHT="11">
							<String ID="string_344" HPOS="446" VPOS="1334" WIDTH="46" HEIGHT="11" WC="0.95" CONTENT=" "/>
						</TextLine>
					</TextBlock>
				</ComposedBlock>
				<ComposedBlock ID="cblock_14" HPOS="503" VPOS="114" WIDTH="454" HEIGHT="628">
					<TextBlock ID="block_31" HPOS="521" VPOS="114" WIDTH="335" HEIGHT="18">
						<TextLine ID="line_66" HPOS="521" VPOS="114" WIDTH="335" HEIGHT="18">
							<String ID="string_345" HPOS="521" VPOS="114" WIDTH="28" HEIGHT="14" WC="0.96" CONTENT="Till"/><SP WIDTH="10" VPOS="114" HPOS="549"/>
							<String ID="string_346" HPOS="559" VPOS="114" WIDTH="18" HEIGHT="14" WC="0.96" CONTENT="de"/><SP WIDTH="10" VPOS="114" HPOS="577"/>
							<String ID="string_347" HPOS="587" VPOS="114" WIDTH="70" HEIGHT="14" WC="0.93" CONTENT="särskilda"/><SP WIDTH="10" VPOS="114" HPOS="657"/>
							<String ID="string_348" HPOS="667" VPOS="115" WIDTH="103" HEIGHT="17" WC="0.91" CONTENT="lönegraderna"/><SP WIDTH="11" VPOS="115" HPOS="770"/>
							<String ID="string_349" HPOS="781" VPOS="115" WIDTH="75" HEIGHT="14" WC="0.96" CONTENT="hänföras:"/>
						</TextLine>
					</TextBlock>
					<TextBlock ID="block_32" HPOS="503" VPOS="132" WIDTH="453" HEIGHT="276">
						<TextLine ID="line_67" HPOS="522" VPOS="132" WIDTH="434" HEIGHT="17">
							<String ID="string_350" HPOS="522" VPOS="132" WIDTH="27" HEIGHT="13" WC="0.96" CONTENT="Vid"/><SP WIDTH="13" VPOS="132" HPOS="549"/>
							<String ID="string_351" HPOS="562" VPOS="132" WIDTH="87" HEIGHT="13" WC="0.92" CONTENT="riksbanken:"/><SP WIDTH="13" VPOS="132" HPOS="649"/>
							<String ID="string_352" HPOS="662" VPOS="132" WIDTH="33" HEIGHT="16" WC="0.80" CONTENT="g:de"/><SP WIDTH="12" VPOS="132" HPOS="695"/>
							<String ID="string_353" HPOS="707" VPOS="133" WIDTH="92" HEIGHT="16" WC="0.91" CONTENT="lönegraden:"/><SP WIDTH="9" VPOS="133" HPOS="799"/>
							<String ID="string_354" HPOS="808" VPOS="133" WIDTH="38" HEIGHT="13" WC="0.91" CONTENT="vissa"/><SP WIDTH="8" VPOS="133" HPOS="846"/>
							<String ID="string_355" HPOS="854" VPOS="133" WIDTH="102" HEIGHT="14" WC="0.91" CONTENT="kammarskri-"/>
						</TextLine>
						<TextLine ID="line_68" HPOS="503" VPOS="149" WIDTH="453" HEIGHT="16">
							<String ID="string_356" HPOS="503" VPOS="153" WIDTH="39" HEIGHT="12" WC="0.92" CONTENT="vare;"/><SP WIDTH="18" VPOS="153" HPOS="542"/>
							<String ID="string_357" HPOS="560" VPOS="149" WIDTH="46" HEIGHT="14" WC="0.42" CONTENT="1o:de:"/><SP WIDTH="16" VPOS="149" HPOS="606"/>
							<String ID="string_358" HPOS="622" VPOS="150" WIDTH="61" HEIGHT="13" WC="0.96" CONTENT="kanslist"/><SP WIDTH="12" VPOS="150" HPOS="683"/>
							<String ID="string_359" HPOS="695" VPOS="150" WIDTH="27" HEIGHT="13" WC="0.96" CONTENT="och"/><SP WIDTH="14" VPOS="150" HPOS="722"/>
							<String ID="string_360" HPOS="736" VPOS="151" WIDTH="38" HEIGHT="12" WC="0.93" CONTENT="vissa"/><SP WIDTH="15" VPOS="151" HPOS="774"/>
							<String ID="string_361" HPOS="789" VPOS="150" WIDTH="129" HEIGHT="15" WC="0.92" CONTENT="kammarskrivare"/><SP WIDTH="13" VPOS="150" HPOS="918"/>
							<String ID="string_362" HPOS="931" VPOS="150" WIDTH="25" HEIGHT="15" WC="0.96" CONTENT="vid"/>
						</TextLine>
						<TextLine ID="line_69" HPOS="504" VPOS="167" WIDTH="451" HEIGHT="17">
							<String ID="string_363" HPOS="504" VPOS="167" WIDTH="117" HEIGHT="13" WC="0.96" CONTENT="huvudkontoret"/><SP WIDTH="12" VPOS="167" HPOS="621"/>
							<String ID="string_364" HPOS="633" VPOS="169" WIDTH="38" HEIGHT="11" WC="0.93" CONTENT="samt"/><SP WIDTH="7" VPOS="169" HPOS="671"/>
							<String ID="string_365" HPOS="678" VPOS="168" WIDTH="5" HEIGHT="12" WC="0.95" CONTENT="i"/><SP WIDTH="8" VPOS="168" HPOS="683"/>
							<String ID="string_366" HPOS="691" VPOS="167" WIDTH="72" HEIGHT="17" WC="0.96" CONTENT="Göteborg"/><SP WIDTH="11" VPOS="167" HPOS="763"/>
							<String ID="string_367" HPOS="774" VPOS="168" WIDTH="26" HEIGHT="13" WC="0.96" CONTENT="och"/><SP WIDTH="13" VPOS="168" HPOS="800"/>
							<String ID="string_368" HPOS="813" VPOS="168" WIDTH="57" HEIGHT="16" WC="0.93" CONTENT="Malmö;"/><SP WIDTH="13" VPOS="168" HPOS="870"/>
							<String ID="string_369" HPOS="883" VPOS="171" WIDTH="43" HEIGHT="11" WC="0.72" CONTENT="11:te:"/><SP WIDTH="8" VPOS="171" HPOS="926"/>
							<String ID="string_370" HPOS="934" VPOS="173" WIDTH="21" HEIGHT="9" WC="0.90" CONTENT="re-"/>
						</TextLine>
						<TextLine ID="line_70" HPOS="504" VPOS="184" WIDTH="451" HEIGHT="19">
							<String ID="string_371" HPOS="504" VPOS="185" WIDTH="84" HEIGHT="16" WC="0.92" CONTENT="gistratorer"/><SP WIDTH="12" VPOS="185" HPOS="588"/>
							<String ID="string_372" HPOS="600" VPOS="184" WIDTH="25" HEIGHT="13" WC="0.93" CONTENT="vid"/><SP WIDTH="9" VPOS="184" HPOS="625"/>
							<String ID="string_373" HPOS="634" VPOS="185" WIDTH="155" HEIGHT="16" WC="0.92" CONTENT="avdelningskontoren"/><SP WIDTH="9" VPOS="185" HPOS="789"/>
							<String ID="string_374" HPOS="798" VPOS="187" WIDTH="41" HEIGHT="12" WC="0.96" CONTENT="utom"/><SP WIDTH="8" VPOS="187" HPOS="839"/>
							<String ID="string_375" HPOS="847" VPOS="186" WIDTH="73" HEIGHT="17" WC="0.96" CONTENT="Göteborg"/><SP WIDTH="8" VPOS="186" HPOS="920"/>
							<String ID="string_376" HPOS="928" VPOS="186" WIDTH="27" HEIGHT="14" WC="0.96" CONTENT="och"/>
						</TextLine>
						<TextLine ID="line_71" HPOS="505" VPOS="202" WIDTH="449" HEIGHT="18">
							<String ID="string_377" HPOS="505" VPOS="202" WIDTH="57" HEIGHT="16" WC="0.88" CONTENT="Malmö;"/><SP WIDTH="14" VPOS="202" HPOS="562"/>
							<String ID="string_378" HPOS="576" VPOS="203" WIDTH="43" HEIGHT="12" WC="0.80" CONTENT="12:te:"/><SP WIDTH="14" VPOS="203" HPOS="619"/>
							<String ID="string_379" HPOS="633" VPOS="202" WIDTH="65" HEIGHT="13" WC="0.92" CONTENT="kassörer"/><SP WIDTH="10" VPOS="202" HPOS="698"/>
							<String ID="string_380" HPOS="708" VPOS="202" WIDTH="25" HEIGHT="13" WC="0.96" CONTENT="vid"/><SP WIDTH="10" VPOS="202" HPOS="733"/>
							<String ID="string_381" HPOS="743" VPOS="206" WIDTH="55" HEIGHT="10" WC="0.96" CONTENT="samma"/><SP WIDTH="13" VPOS="206" HPOS="798"/>
							<String ID="string_382" HPOS="811" VPOS="203" WIDTH="143" HEIGHT="17" WC="0.95" CONTENT="avdelningskontor;"/>
						</TextLine>
						<TextLine ID="line_72" HPOS="506" VPOS="219" WIDTH="449" HEIGHT="18">
							<String ID="string_383" HPOS="506" VPOS="219" WIDTH="46" HEIGHT="17" WC="0.89" CONTENT="14:de:"/><SP WIDTH="7" VPOS="219" HPOS="552"/>
							<String ID="string_384" HPOS="559" VPOS="219" WIDTH="71" HEIGHT="16" WC="0.96" CONTENT="aktuarie,"/><SP WIDTH="8" VPOS="219" HPOS="630"/>
							<String ID="string_385" HPOS="638" VPOS="220" WIDTH="94" HEIGHT="15" WC="0.96" CONTENT="kontrollant,"/><SP WIDTH="14" VPOS="220" HPOS="732"/>
							<String ID="string_386" HPOS="746" VPOS="220" WIDTH="77" HEIGHT="17" WC="0.96" CONTENT="arkivarie,"/><SP WIDTH="13" VPOS="220" HPOS="823"/>
							<String ID="string_387" HPOS="836" VPOS="221" WIDTH="89" HEIGHT="16" WC="0.93" CONTENT="registrator,"/><SP WIDTH="9" VPOS="221" HPOS="925"/>
							<String ID="string_388" HPOS="934" VPOS="225" WIDTH="21" HEIGHT="9" WC="0.93" CONTENT="re-"/>
						</TextLine>
						<TextLine ID="line_73" HPOS="505" VPOS="237" WIDTH="450" HEIGHT="18">
							<String ID="string_389" HPOS="505" VPOS="240" WIDTH="44" HEIGHT="13" WC="0.96" CONTENT="visor,"/><SP WIDTH="8" VPOS="240" HPOS="549"/>
							<String ID="string_390" HPOS="557" VPOS="237" WIDTH="54" HEIGHT="15" WC="0.96" CONTENT="kassör,"/><SP WIDTH="9" VPOS="237" HPOS="611"/>
							<String ID="string_391" HPOS="620" VPOS="237" WIDTH="97" HEIGHT="13" WC="0.96" CONTENT="föreståndare"/><SP WIDTH="8" VPOS="237" HPOS="717"/>
							<String ID="string_392" HPOS="725" VPOS="237" WIDTH="21" HEIGHT="13" WC="0.93" CONTENT="för"/><SP WIDTH="7" VPOS="237" HPOS="746"/>
							<String ID="string_393" HPOS="753" VPOS="237" WIDTH="112" HEIGHT="17" WC="0.92" CONTENT="sedelräknings-"/><SP WIDTH="7" VPOS="237" HPOS="865"/>
							<String ID="string_394" HPOS="872" VPOS="239" WIDTH="27" HEIGHT="12" WC="0.93" CONTENT="och"/><SP WIDTH="7" VPOS="239" HPOS="899"/>
							<String ID="string_395" HPOS="906" VPOS="240" WIDTH="49" HEIGHT="15" WC="0.92" CONTENT="mynt-"/>
						</TextLine>
						<TextLine ID="line_74" HPOS="504" VPOS="254" WIDTH="452" HEIGHT="17">
							<String ID="string_396" HPOS="504" VPOS="254" WIDTH="187" HEIGHT="16" WC="0.91" CONTENT="räkningsavdelningarna,"/><SP WIDTH="12" VPOS="254" HPOS="691"/>
							<String ID="string_397" HPOS="703" VPOS="254" WIDTH="114" HEIGHT="17" WC="0.96" CONTENT="korrespondent"/><SP WIDTH="9" VPOS="254" HPOS="817"/>
							<String ID="string_398" HPOS="826" VPOS="257" WIDTH="37" HEIGHT="11" WC="0.96" CONTENT="samt"/><SP WIDTH="9" VPOS="257" HPOS="863"/>
							<String ID="string_399" HPOS="872" VPOS="255" WIDTH="84" HEIGHT="14" WC="0.90" CONTENT="bokhållare"/>
						</TextLine>
						<TextLine ID="line_75" HPOS="505" VPOS="271" WIDTH="451" HEIGHT="19">
							<String ID="string_400" HPOS="505" VPOS="271" WIDTH="25" HEIGHT="14" WC="0.96" CONTENT="vid"/><SP WIDTH="9" VPOS="271" HPOS="530"/>
							<String ID="string_401" HPOS="539" VPOS="272" WIDTH="117" HEIGHT="13" WC="0.96" CONTENT="huvudkontoret"/><SP WIDTH="9" VPOS="272" HPOS="656"/>
							<String ID="string_402" HPOS="665" VPOS="272" WIDTH="68" HEIGHT="13" WC="0.96" CONTENT="ävensom"/><SP WIDTH="7" VPOS="272" HPOS="733"/>
							<String ID="string_403" HPOS="740" VPOS="273" WIDTH="59" HEIGHT="15" WC="0.96" CONTENT="revisor,"/><SP WIDTH="7" VPOS="273" HPOS="799"/>
							<String ID="string_404" HPOS="806" VPOS="273" WIDTH="88" HEIGHT="17" WC="0.93" CONTENT="registrator,"/><SP WIDTH="7" VPOS="273" HPOS="894"/>
							<String ID="string_405" HPOS="901" VPOS="273" WIDTH="55" HEIGHT="13" WC="0.90" CONTENT="korres-"/>
						</TextLine>
						<TextLine ID="line_76" HPOS="505" VPOS="289" WIDTH="450" HEIGHT="17">
							<String ID="string_406" HPOS="505" VPOS="289" WIDTH="71" HEIGHT="17" WC="0.92" CONTENT="pondent,"/><SP WIDTH="9" VPOS="289" HPOS="576"/>
							<String ID="string_407" HPOS="585" VPOS="289" WIDTH="49" HEIGHT="13" WC="0.96" CONTENT="kassör"/><SP WIDTH="8" VPOS="289" HPOS="634"/>
							<String ID="string_408" HPOS="642" VPOS="289" WIDTH="26" HEIGHT="13" WC="0.96" CONTENT="och"/><SP WIDTH="9" VPOS="289" HPOS="668"/>
							<String ID="string_409" HPOS="677" VPOS="289" WIDTH="83" HEIGHT="13" WC="0.86" CONTENT="bokhållare"/><SP WIDTH="8" VPOS="289" HPOS="760"/>
							<String ID="string_410" HPOS="768" VPOS="290" WIDTH="5" HEIGHT="12" WC="0.96" CONTENT="i"/><SP WIDTH="9" VPOS="290" HPOS="773"/>
							<String ID="string_411" HPOS="782" VPOS="290" WIDTH="72" HEIGHT="16" WC="0.96" CONTENT="Göteborg"/><SP WIDTH="10" VPOS="290" HPOS="854"/>
							<String ID="string_412" HPOS="864" VPOS="291" WIDTH="27" HEIGHT="12" WC="0.96" CONTENT="och"/><SP WIDTH="11" VPOS="291" HPOS="891"/>
							<String ID="string_413" HPOS="902" VPOS="291" WIDTH="53" HEIGHT="13" WC="0.96" CONTENT="Malmö"/>
						</TextLine>
						<TextLine ID="line_77" HPOS="505" VPOS="306" WIDTH="449" HEIGHT="18">
							<String ID="string_414" HPOS="505" VPOS="308" WIDTH="38" HEIGHT="12" WC="0.92" CONTENT="samt"/><SP WIDTH="15" VPOS="308" HPOS="543"/>
							<String ID="string_415" HPOS="558" VPOS="307" WIDTH="81" HEIGHT="13" WC="0.91" CONTENT="kamrerare"/><SP WIDTH="13" VPOS="307" HPOS="639"/>
							<String ID="string_416" HPOS="652" VPOS="306" WIDTH="25" HEIGHT="13" WC="0.96" CONTENT="vid"/><SP WIDTH="14" VPOS="306" HPOS="677"/>
							<String ID="string_417" HPOS="691" VPOS="307" WIDTH="38" HEIGHT="12" WC="0.95" CONTENT="vissa"/><SP WIDTH="19" VPOS="307" HPOS="729"/>
							<String ID="string_418" HPOS="748" VPOS="306" WIDTH="142" HEIGHT="18" WC="0.91" CONTENT="avdelningskontor;"/><SP WIDTH="18" VPOS="306" HPOS="890"/>
							<String ID="string_419" HPOS="908" VPOS="308" WIDTH="46" HEIGHT="16" WC="0.50" CONTENT="15:de:"/>
						</TextLine>
						<TextLine ID="line_78" HPOS="505" VPOS="324" WIDTH="450" HEIGHT="14">
							<String ID="string_420" HPOS="505" VPOS="324" WIDTH="39" HEIGHT="13" WC="0.93" CONTENT="vissa"/><SP WIDTH="6" VPOS="324" HPOS="544"/>
							<String ID="string_421" HPOS="550" VPOS="324" WIDTH="82" HEIGHT="13" WC="0.90" CONTENT="kamrerare"/><SP WIDTH="8" VPOS="324" HPOS="632"/>
							<String ID="string_422" HPOS="640" VPOS="324" WIDTH="25" HEIGHT="13" WC="0.96" CONTENT="vid"/><SP WIDTH="9" VPOS="324" HPOS="665"/>
							<String ID="string_423" HPOS="674" VPOS="324" WIDTH="117" HEIGHT="14" WC="0.96" CONTENT="huvudkontoret"/><SP WIDTH="12" VPOS="324" HPOS="791"/>
							<String ID="string_424" HPOS="803" VPOS="327" WIDTH="38" HEIGHT="11" WC="0.95" CONTENT="samt"/><SP WIDTH="8" VPOS="327" HPOS="841"/>
							<String ID="string_425" HPOS="849" VPOS="325" WIDTH="25" HEIGHT="13" WC="0.95" CONTENT="vid"/><SP WIDTH="8" VPOS="325" HPOS="874"/>
							<String ID="string_426" HPOS="882" VPOS="325" WIDTH="39" HEIGHT="13" WC="0.93" CONTENT="vissa"/><SP WIDTH="9" VPOS="325" HPOS="921"/>
							<String ID="string_427" HPOS="930" VPOS="329" WIDTH="25" HEIGHT="9" WC="0.92" CONTENT="av-"/>
						</TextLine>
						<TextLine ID="line_79" HPOS="505" VPOS="341" WIDTH="450" HEIGHT="17">
							<String ID="string_428" HPOS="505" VPOS="342" WIDTH="124" HEIGHT="16" WC="0.91" CONTENT="delningskontor;"/><SP WIDTH="9" VPOS="342" HPOS="629"/>
							<String ID="string_429" HPOS="638" VPOS="341" WIDTH="45" HEIGHT="13" WC="0.93" CONTENT="16:de:"/><SP WIDTH="9" VPOS="341" HPOS="683"/>
							<String ID="string_430" HPOS="692" VPOS="342" WIDTH="93" HEIGHT="15" WC="0.96" CONTENT="sekreterare,"/><SP WIDTH="8" VPOS="342" HPOS="785"/>
							<String ID="string_431" HPOS="793" VPOS="342" WIDTH="80" HEIGHT="14" WC="0.96" CONTENT="statistiker"/><SP WIDTH="8" VPOS="342" HPOS="873"/>
							<String ID="string_432" HPOS="881" VPOS="343" WIDTH="27" HEIGHT="13" WC="0.96" CONTENT="och"/><SP WIDTH="9" VPOS="343" HPOS="908"/>
							<String ID="string_433" HPOS="917" VPOS="343" WIDTH="38" HEIGHT="13" WC="0.96" CONTENT="vissa"/>
						</TextLine>
						<TextLine ID="line_80" HPOS="506" VPOS="359" WIDTH="449" HEIGHT="14">
							<String ID="string_434" HPOS="506" VPOS="359" WIDTH="81" HEIGHT="13" WC="0.91" CONTENT="kamrerare"/><SP WIDTH="10" VPOS="359" HPOS="587"/>
							<String ID="string_435" HPOS="597" VPOS="359" WIDTH="25" HEIGHT="12" WC="0.96" CONTENT="vid"/><SP WIDTH="10" VPOS="359" HPOS="622"/>
							<String ID="string_436" HPOS="632" VPOS="359" WIDTH="118" HEIGHT="13" WC="0.96" CONTENT="huvudkontoret"/><SP WIDTH="8" VPOS="359" HPOS="750"/>
							<String ID="string_437" HPOS="758" VPOS="360" WIDTH="38" HEIGHT="12" WC="0.93" CONTENT="samt"/><SP WIDTH="10" VPOS="360" HPOS="796"/>
							<String ID="string_438" HPOS="806" VPOS="360" WIDTH="81" HEIGHT="13" WC="0.91" CONTENT="kamrerare"/><SP WIDTH="10" VPOS="360" HPOS="887"/>
							<String ID="string_439" HPOS="897" VPOS="360" WIDTH="4" HEIGHT="13" WC="0.93" CONTENT="i"/><SP WIDTH="11" VPOS="360" HPOS="901"/>
							<String ID="string_440" HPOS="912" VPOS="360" WIDTH="43" HEIGHT="13" WC="0.92" CONTENT="Göte-"/>
						</TextLine>
						<TextLine ID="line_81" HPOS="506" VPOS="376" WIDTH="449" HEIGHT="17">
							<String ID="string_441" HPOS="506" VPOS="377" WIDTH="35" HEIGHT="16" WC="0.96" CONTENT="borg"/><SP WIDTH="8" VPOS="377" HPOS="541"/>
							<String ID="string_442" HPOS="549" VPOS="377" WIDTH="27" HEIGHT="12" WC="0.96" CONTENT="och"/><SP WIDTH="9" VPOS="377" HPOS="576"/>
							<String ID="string_443" HPOS="585" VPOS="376" WIDTH="58" HEIGHT="16" WC="0.80" CONTENT="Malmö;"/><SP WIDTH="11" VPOS="376" HPOS="643"/>
							<String ID="string_444" HPOS="654" VPOS="376" WIDTH="46" HEIGHT="13" WC="0.79" CONTENT="20:de:"/><SP WIDTH="5" VPOS="376" HPOS="700"/>
							<String ID="string_445" HPOS="705" VPOS="376" WIDTH="136" HEIGHT="14" WC="0.92" CONTENT="bankosekreterare"/><SP WIDTH="11" VPOS="376" HPOS="841"/>
							<String ID="string_446" HPOS="852" VPOS="378" WIDTH="27" HEIGHT="12" WC="0.93" CONTENT="och"/><SP WIDTH="8" VPOS="378" HPOS="879"/>
							<String ID="string_447" HPOS="887" VPOS="377" WIDTH="68" HEIGHT="14" WC="0.92" CONTENT="ombuds-"/>
						</TextLine>
						<TextLine ID="line_82" HPOS="506" VPOS="393" WIDTH="401" HEIGHT="15">
							<String ID="string_448" HPOS="506" VPOS="398" WIDTH="33" HEIGHT="9" WC="0.96" CONTENT="man"/><SP WIDTH="9" VPOS="398" HPOS="539"/>
							<String ID="string_449" HPOS="548" VPOS="395" WIDTH="38" HEIGHT="12" WC="0.93" CONTENT="samt"/><SP WIDTH="8" VPOS="395" HPOS="586"/>
							<String ID="string_450" HPOS="594" VPOS="393" WIDTH="148" HEIGHT="13" WC="0.90" CONTENT="bankokommissarie"/><SP WIDTH="8" VPOS="393" HPOS="742"/>
							<String ID="string_451" HPOS="750" VPOS="394" WIDTH="25" HEIGHT="12" WC="0.96" CONTENT="vid"/><SP WIDTH="9" VPOS="394" HPOS="775"/>
							<String ID="string_452" HPOS="784" VPOS="394" WIDTH="123" HEIGHT="14" WC="0.96" CONTENT="huvudkontoret."/>
						</TextLine>
					</TextBlock>
					<TextBlock ID="block_33" HPOS="505" VPOS="410" WIDTH="451" HEIGHT="86">
						<TextLine ID="line_83" HPOS="524" VPOS="410" WIDTH="432" HEIGHT="18">
							<String ID="string_453" HPOS="524" VPOS="411" WIDTH="27" HEIGHT="13" WC="0.90" CONTENT="Vid"/><SP WIDTH="12" VPOS="411" HPOS="551"/>
							<String ID="string_454" HPOS="563" VPOS="410" WIDTH="130" HEIGHT="17" WC="0.90" CONTENT="riksgäldskontoret:"/><SP WIDTH="13" VPOS="410" HPOS="693"/>
							<String ID="string_455" HPOS="706" VPOS="411" WIDTH="33" HEIGHT="16" WC="0.82" CONTENT="g:de"/><SP WIDTH="12" VPOS="411" HPOS="739"/>
							<String ID="string_456" HPOS="751" VPOS="411" WIDTH="34" HEIGHT="13" WC="0.93" CONTENT="eller"/><SP WIDTH="14" VPOS="411" HPOS="785"/>
							<String ID="string_457" HPOS="799" VPOS="412" WIDTH="40" HEIGHT="12" WC="0.39" CONTENT="ro:de"/><SP WIDTH="8" VPOS="412" HPOS="839"/>
							<String ID="string_458" HPOS="847" VPOS="412" WIDTH="109" HEIGHT="16" WC="0.91" CONTENT="lönegraderna:"/>
						</TextLine>
						<TextLine ID="line_84" HPOS="506" VPOS="428" WIDTH="449" HEIGHT="16">
							<String ID="string_459" HPOS="506" VPOS="428" WIDTH="134" HEIGHT="16" WC="0.90" CONTENT="kammarskrivare;"/><SP WIDTH="11" VPOS="428" HPOS="640"/>
							<String ID="string_460" HPOS="651" VPOS="432" WIDTH="21" HEIGHT="12" WC="0.92" CONTENT="14:de:"/><SP WIDTH="34" VPOS="432" HPOS="672"/>
							<String ID="string_461" HPOS="706" VPOS="428" WIDTH="61" HEIGHT="16" WC="0.96" CONTENT="notarie,"/><SP WIDTH="9" VPOS="428" HPOS="767"/>
							<String ID="string_462" HPOS="776" VPOS="428" WIDTH="54" HEIGHT="16" WC="0.96" CONTENT="kassör,"/><SP WIDTH="9" VPOS="428" HPOS="830"/>
							<String ID="string_463" HPOS="839" VPOS="429" WIDTH="81" HEIGHT="13" WC="0.96" CONTENT="statistiker"/><SP WIDTH="8" VPOS="429" HPOS="920"/>
							<String ID="string_464" HPOS="928" VPOS="429" WIDTH="27" HEIGHT="13" WC="0.97" CONTENT="och"/>
						</TextLine>
						<TextLine ID="line_85" HPOS="506" VPOS="445" WIDTH="450" HEIGHT="16">
							<String ID="string_465" HPOS="506" VPOS="446" WIDTH="83" HEIGHT="13" WC="0.96" CONTENT="bokhållare"/><SP WIDTH="9" VPOS="446" HPOS="589"/>
							<String ID="string_466" HPOS="598" VPOS="447" WIDTH="38" HEIGHT="11" WC="0.96" CONTENT="samt"/><SP WIDTH="8" VPOS="447" HPOS="636"/>
							<String ID="string_467" HPOS="644" VPOS="449" WIDTH="59" HEIGHT="12" WC="0.93" CONTENT="revisor;"/><SP WIDTH="11" VPOS="449" HPOS="703"/>
							<String ID="string_468" HPOS="714" VPOS="445" WIDTH="46" HEIGHT="14" WC="0.92" CONTENT="16:de:"/><SP WIDTH="9" VPOS="445" HPOS="760"/>
							<String ID="string_469" HPOS="769" VPOS="446" WIDTH="88" HEIGHT="13" WC="0.96" CONTENT="sekreterare"/><SP WIDTH="8" VPOS="446" HPOS="857"/>
							<String ID="string_470" HPOS="865" VPOS="447" WIDTH="27" HEIGHT="12" WC="0.93" CONTENT="och"/><SP WIDTH="9" VPOS="447" HPOS="892"/>
							<String ID="string_471" HPOS="901" VPOS="447" WIDTH="55" HEIGHT="13" WC="0.90" CONTENT="kamre-"/>
						</TextLine>
						<TextLine ID="line_86" HPOS="505" VPOS="463" WIDTH="451" HEIGHT="17">
							<String ID="string_472" HPOS="505" VPOS="467" WIDTH="37" HEIGHT="12" WC="0.93" CONTENT="rare;"/><SP WIDTH="7" VPOS="467" HPOS="542"/>
							<String ID="string_473" HPOS="549" VPOS="463" WIDTH="45" HEIGHT="15" WC="0.90" CONTENT="17:de:"/><SP WIDTH="7" VPOS="463" HPOS="594"/>
							<String ID="string_474" HPOS="601" VPOS="463" WIDTH="44" HEIGHT="13" WC="0.96" CONTENT="förste"/><SP WIDTH="4" VPOS="463" HPOS="645"/>
							<String ID="string_475" HPOS="649" VPOS="466" WIDTH="60" HEIGHT="13" WC="0.93" CONTENT="revisor;"/><SP WIDTH="6" VPOS="466" HPOS="709"/>
							<String ID="string_476" HPOS="715" VPOS="463" WIDTH="46" HEIGHT="13" WC="0.87" CONTENT="20:de:"/><SP WIDTH="6" VPOS="463" HPOS="761"/>
							<String ID="string_477" HPOS="767" VPOS="463" WIDTH="157" HEIGHT="17" WC="0.91" CONTENT="riksgäldssekreterare"/><SP WIDTH="5" VPOS="463" HPOS="924"/>
							<String ID="string_478" HPOS="929" VPOS="464" WIDTH="27" HEIGHT="13" WC="0.96" CONTENT="och"/>
						</TextLine>
						<TextLine ID="line_87" HPOS="505" VPOS="480" WIDTH="321" HEIGHT="16">
							<String ID="string_479" HPOS="505" VPOS="480" WIDTH="95" HEIGHT="14" WC="0.96" CONTENT="ombudsman"/><SP WIDTH="8" VPOS="480" HPOS="600"/>
							<String ID="string_480" HPOS="608" VPOS="481" WIDTH="38" HEIGHT="12" WC="0.93" CONTENT="samt"/><SP WIDTH="8" VPOS="481" HPOS="646"/>
							<String ID="string_481" HPOS="654" VPOS="480" WIDTH="172" HEIGHT="16" WC="0.86" CONTENT="riksgäldskommissarie."/>
						</TextLine>
					</TextBlock>
					<TextBlock ID="block_34" HPOS="506" VPOS="497" WIDTH="451" HEIGHT="34">
						<TextLine ID="line_88" HPOS="524" VPOS="497" WIDTH="432" HEIGHT="18">
							<String ID="string_482" HPOS="524" VPOS="498" WIDTH="28" HEIGHT="13" WC="0.90" CONTENT="Vid"/><SP WIDTH="11" VPOS="498" HPOS="552"/>
							<String ID="string_483" HPOS="563" VPOS="497" WIDTH="141" HEIGHT="16" WC="0.85" CONTENT="riksdagsbiblioteket:"/><SP WIDTH="13" VPOS="497" HPOS="704"/>
							<String ID="string_484" HPOS="717" VPOS="498" WIDTH="41" HEIGHT="16" WC="0.91" CONTENT="13:de"/><SP WIDTH="11" VPOS="498" HPOS="758"/>
							<String ID="string_485" HPOS="769" VPOS="498" WIDTH="92" HEIGHT="17" WC="0.90" CONTENT="lönegraden:"/><SP WIDTH="13" VPOS="498" HPOS="861"/>
							<String ID="string_486" HPOS="874" VPOS="502" WIDTH="22" HEIGHT="10" WC="0.90" CONTENT="2:e"/><SP WIDTH="10" VPOS="502" HPOS="896"/>
							<String ID="string_487" HPOS="906" VPOS="498" WIDTH="50" HEIGHT="14" WC="0.92" CONTENT="biblio-"/>
						</TextLine>
						<TextLine ID="line_89" HPOS="506" VPOS="515" WIDTH="451" HEIGHT="16">
							<String ID="string_488" HPOS="506" VPOS="516" WIDTH="58" HEIGHT="15" WC="0.92" CONTENT="tekarie;"/><SP WIDTH="10" VPOS="516" HPOS="564"/>
							<String ID="string_489" HPOS="574" VPOS="519" WIDTH="15" HEIGHT="12" WC="0.85" CONTENT="15:"/><SP WIDTH="37" VPOS="519" HPOS="589"/>
							<String ID="string_490" HPOS="626" VPOS="511" WIDTH="21" HEIGHT="26" WC="0.88" CONTENT="1:e"/><SP WIDTH="5" VPOS="511" HPOS="647"/>
							<String ID="string_491" HPOS="652" VPOS="515" WIDTH="99" HEIGHT="14" WC="0.93" CONTENT="bibliotekarie;"/><SP WIDTH="21" VPOS="515" HPOS="751"/>
							<String ID="string_492" HPOS="772" VPOS="515" WIDTH="25" HEIGHT="14" WC="0.89" CONTENT="20:de:"/><SP WIDTH="22" VPOS="515" HPOS="797"/>
							<String ID="string_493" HPOS="819" VPOS="516" WIDTH="138" HEIGHT="14" WC="0.82" CONTENT="överbibliotekarie."/>
						</TextLine>
					</TextBlock>
					<TextBlock ID="block_35" HPOS="505" VPOS="533" WIDTH="451" HEIGHT="31">
						<TextLine ID="line_90" HPOS="524" VPOS="533" WIDTH="432" HEIGHT="17">
							<String ID="string_494" HPOS="524" VPOS="533" WIDTH="27" HEIGHT="13" WC="0.93" CONTENT="Vid"/><SP WIDTH="7" VPOS="533" HPOS="551"/>
							<String ID="string_495" HPOS="558" VPOS="533" WIDTH="245" HEIGHT="16" WC="0.83" CONTENT="justitieombudsmansexpeditionen:"/><SP WIDTH="13" VPOS="533" HPOS="803"/>
							<String ID="string_496" HPOS="816" VPOS="533" WIDTH="40" HEIGHT="17" WC="0.92" CONTENT="15:de"/><SP WIDTH="7" VPOS="533" HPOS="856"/>
							<String ID="string_497" HPOS="863" VPOS="533" WIDTH="93" HEIGHT="17" WC="0.92" CONTENT="lönegraden:"/>
						</TextLine>
						<TextLine ID="line_91" HPOS="505" VPOS="551" WIDTH="92" HEIGHT="13">
							<String ID="string_498" HPOS="505" VPOS="551" WIDTH="92" HEIGHT="13" WC="0.96" CONTENT="sekreterare."/>
						</TextLine>
					</TextBlock>
					<TextBlock ID="block_36" HPOS="505" VPOS="567" WIDTH="451" HEIGHT="32">
						<TextLine ID="line_92" HPOS="505" VPOS="567" WIDTH="451" HEIGHT="31">
							<String ID="string_499" HPOS="505" VPOS="585" WIDTH="9" HEIGHT="13" WC="0.31" CONTENT="3"/><SP WIDTH="10" VPOS="585" HPOS="514"/>
							<String ID="string_500" HPOS="524" VPOS="568" WIDTH="27" HEIGHT="13" WC="0.92" CONTENT="Vid"/><SP WIDTH="8" VPOS="568" HPOS="551"/>
							<String ID="string_501" HPOS="559" VPOS="567" WIDTH="244" HEIGHT="18" WC="0.91" CONTENT="militieombudsmansexpeditionen:"/><SP WIDTH="14" VPOS="567" HPOS="803"/>
							<String ID="string_502" HPOS="817" VPOS="568" WIDTH="46" HEIGHT="17" WC="0.91" CONTENT="15:de:"/><SP WIDTH="10" VPOS="568" HPOS="863"/>
							<String ID="string_503" HPOS="873" VPOS="568" WIDTH="83" HEIGHT="17" WC="0.90" CONTENT="byråinten-"/>
						</TextLine>
						<TextLine ID="line_93" HPOS="515" VPOS="587" WIDTH="29" HEIGHT="12">
							<String ID="string_504" HPOS="515" VPOS="587" WIDTH="29" HEIGHT="12" WC="0.70" CONTENT="lent."/>
						</TextLine>
					</TextBlock>
					<TextBlock ID="block_37" HPOS="505" VPOS="602" WIDTH="452" HEIGHT="122">
						<TextLine ID="line_94" HPOS="523" VPOS="602" WIDTH="432" HEIGHT="18">
							<String ID="string_505" HPOS="523" VPOS="603" WIDTH="23" HEIGHT="13" WC="0.95" CONTENT="Av"/><SP WIDTH="5" VPOS="603" HPOS="546"/>
							<String ID="string_506" HPOS="551" VPOS="602" WIDTH="18" HEIGHT="14" WC="0.96" CONTENT="de"/><SP WIDTH="6" VPOS="602" HPOS="569"/>
							<String ID="string_507" HPOS="575" VPOS="602" WIDTH="26" HEIGHT="14" WC="0.96" CONTENT="här"/><SP WIDTH="5" VPOS="602" HPOS="601"/>
							<String ID="string_508" HPOS="606" VPOS="603" WIDTH="74" HEIGHT="16" WC="0.93" CONTENT="upptagna"/><SP WIDTH="6" VPOS="603" HPOS="680"/>
							<String ID="string_509" HPOS="686" VPOS="603" WIDTH="105" HEIGHT="16" WC="0.92" CONTENT="lönegraderna"/><SP WIDTH="6" VPOS="603" HPOS="791"/>
							<String ID="string_510" HPOS="797" VPOS="604" WIDTH="62" HEIGHT="13" WC="0.96" CONTENT="omfatta"/><SP WIDTH="6" VPOS="604" HPOS="859"/>
							<String ID="string_511" HPOS="865" VPOS="603" WIDTH="40" HEIGHT="17" WC="0.91" CONTENT="grad."/><SP WIDTH="7" VPOS="603" HPOS="905"/>
							<String ID="string_512" HPOS="912" VPOS="607" WIDTH="43" HEIGHT="13" WC="0.54" CONTENT="9—11"/>
						</TextLine>
						<TextLine ID="line_95" HPOS="505" VPOS="620" WIDTH="452" HEIGHT="17">
							<String ID="string_513" HPOS="505" VPOS="620" WIDTH="29" HEIGHT="13" WC="0.96" CONTENT="fem"/><SP WIDTH="5" VPOS="620" HPOS="534"/>
							<String ID="string_514" HPOS="539" VPOS="620" WIDTH="27" HEIGHT="14" WC="0.96" CONTENT="och"/><SP WIDTH="6" VPOS="620" HPOS="566"/>
							<String ID="string_515" HPOS="572" VPOS="620" WIDTH="39" HEIGHT="17" WC="0.92" CONTENT="grad."/><SP WIDTH="8" VPOS="620" HPOS="611"/>
							<String ID="string_516" HPOS="619" VPOS="624" WIDTH="52" HEIGHT="10" WC="0.86" CONTENT="12—20"/><SP WIDTH="7" VPOS="624" HPOS="671"/>
							<String ID="string_517" HPOS="678" VPOS="621" WIDTH="31" HEIGHT="16" WC="0.93" CONTENT="fyra"/><SP WIDTH="6" VPOS="621" HPOS="709"/>
							<String ID="string_518" HPOS="715" VPOS="621" WIDTH="92" HEIGHT="13" WC="0.92" CONTENT="löneklasser."/><SP WIDTH="17" VPOS="621" HPOS="807"/>
							<String ID="string_519" HPOS="824" VPOS="621" WIDTH="103" HEIGHT="16" WC="0.91" CONTENT="Uppflyttning"/><SP WIDTH="7" VPOS="621" HPOS="927"/>
							<String ID="string_520" HPOS="934" VPOS="621" WIDTH="23" HEIGHT="13" WC="0.96" CONTENT="till"/>
						</TextLine>
						<TextLine ID="line_96" HPOS="505" VPOS="638" WIDTH="452" HEIGHT="17">
							<String ID="string_521" HPOS="505" VPOS="638" WIDTH="43" HEIGHT="16" WC="0.93" CONTENT="högre"/><SP WIDTH="9" VPOS="638" HPOS="548"/>
							<String ID="string_522" HPOS="557" VPOS="638" WIDTH="71" HEIGHT="13" WC="0.90" CONTENT="löneklass"/><SP WIDTH="8" VPOS="638" HPOS="628"/>
							<String ID="string_523" HPOS="636" VPOS="638" WIDTH="40" HEIGHT="13" WC="0.96" CONTENT="inom"/><SP WIDTH="8" VPOS="638" HPOS="676"/>
							<String ID="string_524" HPOS="684" VPOS="638" WIDTH="108" HEIGHT="13" WC="0.96" CONTENT="vederbörande"/><SP WIDTH="8" VPOS="638" HPOS="792"/>
							<String ID="string_525" HPOS="800" VPOS="638" WIDTH="69" HEIGHT="17" WC="0.95" CONTENT="lönegrad"/><SP WIDTH="8" VPOS="638" HPOS="869"/>
							<String ID="string_526" HPOS="877" VPOS="639" WIDTH="33" HEIGHT="13" WC="0.95" CONTENT="sker"/><SP WIDTH="8" VPOS="639" HPOS="910"/>
							<String ID="string_527" HPOS="918" VPOS="639" WIDTH="5" HEIGHT="12" WC="0.92" CONTENT="i"/><SP WIDTH="9" VPOS="639" HPOS="923"/>
							<String ID="string_528" HPOS="932" VPOS="639" WIDTH="25" HEIGHT="13" WC="0.92" CONTENT="all-"/>
						</TextLine>
						<TextLine ID="line_97" HPOS="505" VPOS="655" WIDTH="451" HEIGHT="16">
							<String ID="string_529" HPOS="505" VPOS="656" WIDTH="59" HEIGHT="12" WC="0.90" CONTENT="mänhet"/><SP WIDTH="13" VPOS="656" HPOS="564"/>
							<String ID="string_530" HPOS="577" VPOS="655" WIDTH="37" HEIGHT="13" WC="0.96" CONTENT="efter"/><SP WIDTH="13" VPOS="655" HPOS="614"/>
							<String ID="string_531" HPOS="627" VPOS="655" WIDTH="25" HEIGHT="13" WC="0.93" CONTENT="det"/><SP WIDTH="14" VPOS="655" HPOS="652"/>
							<String ID="string_532" HPOS="666" VPOS="655" WIDTH="152" HEIGHT="16" WC="0.91" CONTENT="befattningshavaren"/><SP WIDTH="14" VPOS="655" HPOS="818"/>
							<String ID="string_533" HPOS="832" VPOS="656" WIDTH="56" HEIGHT="13" WC="0.96" CONTENT="tillhört"/><SP WIDTH="13" VPOS="656" HPOS="888"/>
							<String ID="string_534" HPOS="901" VPOS="659" WIDTH="55" HEIGHT="10" WC="0.95" CONTENT="samma"/>
						</TextLine>
						<TextLine ID="line_98" HPOS="505" VPOS="672" WIDTH="452" HEIGHT="17">
							<String ID="string_535" HPOS="505" VPOS="673" WIDTH="71" HEIGHT="13" WC="0.91" CONTENT="löneklass"/><SP WIDTH="6" VPOS="673" HPOS="576"/>
							<String ID="string_536" HPOS="582" VPOS="677" WIDTH="7" HEIGHT="12" WC="0.97" CONTENT="3"/><SP WIDTH="7" VPOS="677" HPOS="589"/>
							<String ID="string_537" HPOS="596" VPOS="673" WIDTH="21" HEIGHT="13" WC="0.95" CONTENT="år."/><SP WIDTH="15" VPOS="673" HPOS="617"/>
							<String ID="string_538" HPOS="632" VPOS="672" WIDTH="32" HEIGHT="14" WC="0.96" CONTENT="Med"/><SP WIDTH="6" VPOS="672" HPOS="664"/>
							<String ID="string_539" HPOS="670" VPOS="673" WIDTH="56" HEIGHT="16" WC="0.96" CONTENT="hänsyn"/><SP WIDTH="7" VPOS="673" HPOS="726"/>
							<String ID="string_540" HPOS="733" VPOS="673" WIDTH="22" HEIGHT="13" WC="0.93" CONTENT="till"/><SP WIDTH="6" VPOS="673" HPOS="755"/>
							<String ID="string_541" HPOS="761" VPOS="673" WIDTH="157" HEIGHT="13" WC="0.90" CONTENT="levnadskostnaderna"/><SP WIDTH="6" VPOS="673" HPOS="918"/>
							<String ID="string_542" HPOS="924" VPOS="673" WIDTH="9" HEIGHT="13" WC="0.92" CONTENT="å"/><SP WIDTH="6" VPOS="673" HPOS="933"/>
							<String ID="string_543" HPOS="939" VPOS="673" WIDTH="18" HEIGHT="13" WC="0.96" CONTENT="de"/>
						</TextLine>
						<TextLine ID="line_99" HPOS="505" VPOS="690" WIDTH="452" HEIGHT="17">
							<String ID="string_544" HPOS="505" VPOS="691" WIDTH="43" HEIGHT="15" WC="0.96" CONTENT="orter,"/><SP WIDTH="9" VPOS="691" HPOS="548"/>
							<String ID="string_545" HPOS="557" VPOS="690" WIDTH="26" HEIGHT="13" WC="0.96" CONTENT="där"/><SP WIDTH="9" VPOS="690" HPOS="583"/>
							<String ID="string_546" HPOS="592" VPOS="690" WIDTH="117" HEIGHT="16" WC="0.96" CONTENT="tjänstemännen"/><SP WIDTH="9" VPOS="690" HPOS="709"/>
							<String ID="string_547" HPOS="718" VPOS="691" WIDTH="25" HEIGHT="12" WC="0.96" CONTENT="äro"/><SP WIDTH="8" VPOS="691" HPOS="743"/>
							<String ID="string_548" HPOS="751" VPOS="691" WIDTH="80" HEIGHT="16" WC="0.96" CONTENT="placerade,"/><SP WIDTH="9" VPOS="691" HPOS="831"/>
							<String ID="string_549" HPOS="840" VPOS="691" WIDTH="69" HEIGHT="16" WC="0.93" CONTENT="uppdelas"/><SP WIDTH="9" VPOS="691" HPOS="909"/>
							<String ID="string_550" HPOS="918" VPOS="691" WIDTH="39" HEIGHT="13" WC="0.91" CONTENT="löne-"/>
						</TextLine>
						<TextLine ID="line_100" HPOS="505" VPOS="708" WIDTH="278" HEIGHT="16">
							<String ID="string_551" HPOS="505" VPOS="708" WIDTH="73" HEIGHT="13" WC="0.96" CONTENT="klasserna"/><SP WIDTH="9" VPOS="708" HPOS="578"/>
							<String ID="string_552" HPOS="587" VPOS="708" WIDTH="5" HEIGHT="13" WC="0.96" CONTENT="i"/><SP WIDTH="10" VPOS="708" HPOS="592"/>
							<String ID="string_553" HPOS="602" VPOS="710" WIDTH="8" HEIGHT="13" WC="0.93" CONTENT="7"/><SP WIDTH="9" VPOS="710" HPOS="610"/>
							<String ID="string_554" HPOS="619" VPOS="709" WIDTH="92" HEIGHT="15" WC="0.92" CONTENT="ortsgrupper"/><SP WIDTH="11" VPOS="709" HPOS="711"/>
							<String ID="string_555" HPOS="722" VPOS="708" WIDTH="61" HEIGHT="16" WC="0.91" CONTENT="(A—G)."/>
						</TextLine>
					</TextBlock>
					<TextBlock ID="block_38" HPOS="522" VPOS="725" WIDTH="435" HEIGHT="17">
						<TextLine ID="line_101" HPOS="522" VPOS="725" WIDTH="435" HEIGHT="17">
							<String ID="string_556" HPOS="522" VPOS="725" WIDTH="28" HEIGHT="13" WC="0.96" CONTENT="Till"/><SP WIDTH="14" VPOS="725" HPOS="550"/>
							<String ID="string_557" HPOS="564" VPOS="725" WIDTH="116" HEIGHT="16" WC="0.96" CONTENT="tjänstemännen"/><SP WIDTH="13" VPOS="725" HPOS="680"/>
							<String ID="string_558" HPOS="693" VPOS="726" WIDTH="42" HEIGHT="15" WC="0.96" CONTENT="utgår"/><SP WIDTH="13" VPOS="726" HPOS="735"/>
							<String ID="string_559" HPOS="748" VPOS="726" WIDTH="24" HEIGHT="12" WC="0.96" CONTENT="lön"/><SP WIDTH="13" VPOS="726" HPOS="772"/>
							<String ID="string_560" HPOS="785" VPOS="726" WIDTH="45" HEIGHT="16" WC="0.96" CONTENT="enligt"/><SP WIDTH="13" VPOS="726" HPOS="830"/>
							<String ID="string_561" HPOS="843" VPOS="726" WIDTH="29" HEIGHT="13" WC="0.93" CONTENT="viss"/><SP WIDTH="12" VPOS="726" HPOS="872"/>
							<String ID="string_562" HPOS="884" VPOS="726" WIDTH="73" HEIGHT="16" WC="0.91" CONTENT="löneplan,"/>
						</TextLine>
					</TextBlock>
				</ComposedBlock>
				<ComposedBlock ID="cblock_15" HPOS="611" VPOS="223" WIDTH="13" HEIGHT="10">
					<TextBlock ID="block_39" HPOS="611" VPOS="223" WIDTH="13" HEIGHT="10">
						<TextLine ID="line_102" HPOS="611" VPOS="223" WIDTH="13" HEIGHT="10">
							<String ID="string_563" HPOS="611" VPOS="223" WIDTH="13" HEIGHT="10" WC="0.95" CONTENT=" "/>
						</TextLine>
					</TextBlock>
				</ComposedBlock>
				<ComposedBlock ID="cblock_16" HPOS="662" VPOS="437" WIDTH="41" HEIGHT="18">
					<TextBlock ID="block_40" HPOS="662" VPOS="437" WIDTH="41" HEIGHT="18">
						<TextLine ID="line_103" HPOS="662" VPOS="437" WIDTH="41" HEIGHT="18">
							<String ID="string_564" HPOS="662" VPOS="437" WIDTH="41" HEIGHT="18" WC="0.95" CONTENT="  "/>
						</TextLine>
					</TextBlock>
				</ComposedBlock>
				<ComposedBlock ID="cblock_17" HPOS="616" VPOS="520" WIDTH="220" HEIGHT="9">
					<TextBlock ID="block_41" HPOS="616" VPOS="520" WIDTH="220" HEIGHT="9">
						<TextLine ID="line_104" HPOS="616" VPOS="520" WIDTH="220" HEIGHT="9">
							<String ID="string_565" HPOS="616" VPOS="524" WIDTH="10" HEIGHT="3" WC="0.95" CONTENT=" "/><SP WIDTH="171" VPOS="524" HPOS="626"/>
							<String ID="string_566" HPOS="797" VPOS="520" WIDTH="39" HEIGHT="9" WC="0.95" CONTENT=" "/>
						</TextLine>
					</TextBlock>
				</ComposedBlock>
				<ComposedBlock ID="cblock_18" HPOS="576" VPOS="729" WIDTH="19" HEIGHT="9">
					<TextBlock ID="block_42" HPOS="576" VPOS="729" WIDTH="19" HEIGHT="9">
						<TextLine ID="line_105" HPOS="576" VPOS="729" WIDTH="19" HEIGHT="9">
							<String ID="string_567" HPOS="576" VPOS="729" WIDTH="19" HEIGHT="9" WC="0.95" CONTENT="  "/>
						</TextLine>
					</TextBlock>
				</ComposedBlock>
				<ComposedBlock ID="cblock_19" HPOS="496" VPOS="742" WIDTH="313" HEIGHT="20">
					<TextBlock ID="block_43" HPOS="496" VPOS="742" WIDTH="313" HEIGHT="20">
						<TextLine ID="line_106" HPOS="496" VPOS="742" WIDTH="313" HEIGHT="20">
							<String ID="string_568" HPOS="496" VPOS="754" WIDTH="2" HEIGHT="8" WC="0.96" CONTENT="|"/><SP WIDTH="7" VPOS="754" HPOS="498"/>
							<String ID="string_569" HPOS="505" VPOS="746" WIDTH="45" HEIGHT="10" WC="0.96" CONTENT="varav"/><SP WIDTH="8" VPOS="746" HPOS="550"/>
							<String ID="string_570" HPOS="558" VPOS="743" WIDTH="26" HEIGHT="12" WC="0.94" CONTENT="här"/><SP WIDTH="8" VPOS="743" HPOS="584"/>
							<String ID="string_571" HPOS="592" VPOS="744" WIDTH="22" HEIGHT="12" WC="0.96" CONTENT="ett"/><SP WIDTH="9" VPOS="744" HPOS="614"/>
							<String ID="string_572" HPOS="623" VPOS="742" WIDTH="100" HEIGHT="17" WC="0.96" CONTENT="sammandrag"/><SP WIDTH="8" VPOS="742" HPOS="723"/>
							<String ID="string_573" HPOS="731" VPOS="742" WIDTH="78" HEIGHT="14" WC="0.96" CONTENT="meddelas."/>
						</TextLine>
					</TextBlock>
				</ComposedBlock>
				<ComposedBlock ID="cblock_20" HPOS="496" VPOS="120" WIDTH="3" HEIGHT="674">
					<TextBlock ID="block_44" HPOS="496" VPOS="120" WIDTH="3" HEIGHT="674">
						<TextLine ID="line_107" HPOS="496" VPOS="120" WIDTH="3" HEIGHT="674">
							<String ID="string_574" HPOS="496" VPOS="120" WIDTH="3" HEIGHT="674" WC="0.95" CONTENT=" "/>
						</TextLine>
					</TextBlock>
				</ComposedBlock>
				<ComposedBlock ID="cblock_21" HPOS="539" VPOS="771" WIDTH="377" HEIGHT="22">
					<TextBlock ID="block_45" HPOS="539" VPOS="771" WIDTH="377" HEIGHT="22">
						<TextLine ID="line_108" HPOS="539" VPOS="771" WIDTH="377" HEIGHT="22">
							<String ID="string_575" HPOS="539" VPOS="771" WIDTH="50" HEIGHT="18" WC="0.93" CONTENT="Avd."/><SP WIDTH="12" VPOS="771" HPOS="589"/>
							<String ID="string_576" HPOS="601" VPOS="771" WIDTH="24" HEIGHT="18" WC="0.86" CONTENT="A."/><SP WIDTH="24" VPOS="771" HPOS="625"/>
							<String ID="string_577" HPOS="649" VPOS="771" WIDTH="41" HEIGHT="17" WC="0.95" CONTENT="För"/><SP WIDTH="10" VPOS="771" HPOS="690"/>
							<String ID="string_578" HPOS="700" VPOS="772" WIDTH="85" HEIGHT="21" WC="0.95" CONTENT="manliga"/><SP WIDTH="12" VPOS="772" HPOS="785"/>
							<String ID="string_579" HPOS="797" VPOS="772" WIDTH="119" HEIGHT="21" WC="0.92" CONTENT="tjänstemän."/>
						</TextLine>
					</TextBlock>
				</ComposedBlock>
				<ComposedBlock ID="cblock_22" HPOS="643" VPOS="799" WIDTH="302" HEIGHT="28">
					<TextBlock ID="block_46" HPOS="643" VPOS="799" WIDTH="302" HEIGHT="28">
						<TextLine ID="line_109" HPOS="659" VPOS="799" WIDTH="271" HEIGHT="17">
							<String ID="string_580" HPOS="659" VPOS="799" WIDTH="79" HEIGHT="17" WC="0.91" CONTENT="Ortsgrupp"/><SP WIDTH="9" VPOS="799" HPOS="738"/>
							<String ID="string_581" HPOS="747" VPOS="799" WIDTH="13" HEIGHT="13" WC="0.92" CONTENT="A"/><SP WIDTH="67" VPOS="799" HPOS="760"/>
							<String ID="string_582" HPOS="827" VPOS="800" WIDTH="81" HEIGHT="16" WC="0.90" CONTENT="Ortsgrupp"/><SP WIDTH="10" VPOS="800" HPOS="908"/>
							<String ID="string_583" HPOS="918" VPOS="799" WIDTH="12" HEIGHT="13" WC="0.91" CONTENT="G"/>
						</TextLine>
						<TextLine ID="line_110" HPOS="643" VPOS="817" WIDTH="302" HEIGHT="10">
							<String ID="string_584" HPOS="643" VPOS="817" WIDTH="133" HEIGHT="10" WC="0.0" CONTENT="rare"/><SP WIDTH="1" VPOS="817" HPOS="776"/>
							<String ID="string_585" HPOS="777" VPOS="801" WIDTH="18" HEIGHT="34" WC="0.65" CONTENT="|"/><SP WIDTH="17" VPOS="801" HPOS="795"/>
							<String ID="string_586" HPOS="812" VPOS="817" WIDTH="133" HEIGHT="10" WC="0.0" CONTENT="RR:"/>
						</TextLine>
					</TextBlock>
				</ComposedBlock>
				<ComposedBlock ID="cblock_23" HPOS="526" VPOS="828" WIDTH="412" HEIGHT="224">
					<TextBlock ID="block_47" HPOS="648" VPOS="828" WIDTH="288" HEIGHT="17">
						<TextLine ID="line_111" HPOS="648" VPOS="828" WIDTH="288" HEIGHT="17">
							<String ID="string_587" HPOS="648" VPOS="828" WIDTH="37" HEIGHT="16" WC="0.85" CONTENT="lägst"/><SP WIDTH="15" VPOS="828" HPOS="685"/>
							<String ID="string_588" HPOS="700" VPOS="819" WIDTH="15" HEIGHT="29" WC="0.36" CONTENT="—"/><SP WIDTH="12" VPOS="819" HPOS="715"/>
							<String ID="string_589" HPOS="727" VPOS="829" WIDTH="42" HEIGHT="15" WC="0.96" CONTENT="högst"/><SP WIDTH="46" VPOS="829" HPOS="769"/>
							<String ID="string_590" HPOS="815" VPOS="829" WIDTH="38" HEIGHT="16" WC="0.67" CONTENT="lägst"/><SP WIDTH="10" VPOS="829" HPOS="853"/>
							<String ID="string_591" HPOS="863" VPOS="819" WIDTH="20" HEIGHT="30" WC="0.26" CONTENT="—"/><SP WIDTH="12" VPOS="819" HPOS="883"/>
							<String ID="string_592" HPOS="895" VPOS="829" WIDTH="41" HEIGHT="15" WC="0.95" CONTENT="högst"/>
						</TextLine>
					</TextBlock>
					<TextBlock ID="block_48" HPOS="526" VPOS="846" WIDTH="412" HEIGHT="136">
						<TextLine ID="line_112" HPOS="533" VPOS="846" WIDTH="403" HEIGHT="16">
							<String ID="string_593" HPOS="533" VPOS="849" WIDTH="19" HEIGHT="12" WC="0.0" CONTENT="9."/><SP WIDTH="14" VPOS="849" HPOS="552"/>
							<String ID="string_594" HPOS="566" VPOS="856" WIDTH="19" HEIGHT="3" WC="0.0" CONTENT="sr"/><SP WIDTH="30" VPOS="856" HPOS="585"/>
							<String ID="string_595" HPOS="615" VPOS="856" WIDTH="4" HEIGHT="3" WC="0.21" CONTENT="rs"/><SP WIDTH="28" VPOS="856" HPOS="619"/>
							<String ID="string_596" HPOS="647" VPOS="846" WIDTH="41" HEIGHT="16" WC="0.64" CONTENT="38060"/><SP WIDTH="13" VPOS="846" HPOS="688"/>
							<String ID="string_597" HPOS="701" VPOS="837" WIDTH="16" HEIGHT="30" WC="0.11" CONTENT="—"/><SP WIDTH="9" VPOS="837" HPOS="717"/>
							<String ID="string_598" HPOS="726" VPOS="846" WIDTH="40" HEIGHT="16" WC="0.66" CONTENT="4,860"/><SP WIDTH="47" VPOS="846" HPOS="766"/>
							<String ID="string_599" HPOS="813" VPOS="846" WIDTH="40" HEIGHT="16" WC="0.86" CONTENT="4,596"/><SP WIDTH="10" VPOS="846" HPOS="853"/>
							<String ID="string_600" HPOS="863" VPOS="837" WIDTH="20" HEIGHT="30" WC="0.35" CONTENT="—"/><SP WIDTH="12" VPOS="837" HPOS="883"/>
							<String ID="string_601" HPOS="895" VPOS="846" WIDTH="41" HEIGHT="16" WC="0.54" CONTENT="6,048"/>
						</TextLine>
						<TextLine ID="line_113" HPOS="526" VPOS="863" WIDTH="410" HEIGHT="16">
							<String ID="string_602" HPOS="526" VPOS="866" WIDTH="27" HEIGHT="10" WC="0.77" CONTENT="10."/><SP WIDTH="30" VPOS="866" HPOS="553"/>
							<String ID="string_603" HPOS="583" VPOS="873" WIDTH="36" HEIGHT="3" WC="0.8" CONTENT="sr."/><SP WIDTH="29" VPOS="873" HPOS="619"/>
							<String ID="string_604" HPOS="648" VPOS="863" WIDTH="40" HEIGHT="16" WC="0.33" CONTENT="3960"/><SP WIDTH="14" VPOS="863" HPOS="688"/>
							<String ID="string_605" HPOS="702" VPOS="852" WIDTH="16" HEIGHT="31" WC="0.10" CONTENT="—"/><SP WIDTH="8" VPOS="852" HPOS="718"/>
							<String ID="string_606" HPOS="726" VPOS="863" WIDTH="41" HEIGHT="16" WC="0.77" CONTENT="5,160"/><SP WIDTH="46" VPOS="863" HPOS="767"/>
							<String ID="string_607" HPOS="813" VPOS="867" WIDTH="40" HEIGHT="12" WC="0.48" CONTENT="4932"/><SP WIDTH="12" VPOS="867" HPOS="853"/>
							<String ID="string_608" HPOS="865" VPOS="853" WIDTH="23" HEIGHT="30" WC="0.24" CONTENT="="/><SP WIDTH="8" VPOS="853" HPOS="888"/>
							<String ID="string_609" HPOS="896" VPOS="864" WIDTH="40" HEIGHT="15" WC="0.70" CONTENT="6,420"/>
						</TextLine>
						<TextLine ID="line_114" HPOS="526" VPOS="880" WIDTH="411" HEIGHT="16">
							<String ID="string_610" HPOS="526" VPOS="883" WIDTH="27" HEIGHT="11" WC="0.24" CONTENT="Il."/><SP WIDTH="13" VPOS="883" HPOS="553"/>
							<String ID="string_611" HPOS="566" VPOS="890" WIDTH="20" HEIGHT="4" WC="0.17" CONTENT="os"/><SP WIDTH="31" VPOS="890" HPOS="586"/>
							<String ID="string_612" HPOS="617" VPOS="890" WIDTH="3" HEIGHT="4" WC="0.17" CONTENT="ss"/><SP WIDTH="28" VPOS="890" HPOS="620"/>
							<String ID="string_613" HPOS="648" VPOS="880" WIDTH="40" HEIGHT="16" WC="0.81" CONTENT="4,260"/><SP WIDTH="14" VPOS="880" HPOS="688"/>
							<String ID="string_614" HPOS="702" VPOS="870" WIDTH="15" HEIGHT="30" WC="0.37" CONTENT="="/><SP WIDTH="9" VPOS="870" HPOS="717"/>
							<String ID="string_615" HPOS="726" VPOS="883" WIDTH="41" HEIGHT="13" WC="0.72" CONTENT="5,520"/><SP WIDTH="48" VPOS="883" HPOS="767"/>
							<String ID="string_616" HPOS="815" VPOS="884" WIDTH="40" HEIGHT="12" WC="0.23" CONTENT="5.304"/><SP WIDTH="10" VPOS="884" HPOS="855"/>
							<String ID="string_617" HPOS="865" VPOS="870" WIDTH="20" HEIGHT="30" WC="0.75" CONTENT="—"/><SP WIDTH="13" VPOS="870" HPOS="885"/>
							<String ID="string_618" HPOS="898" VPOS="880" WIDTH="39" HEIGHT="16" WC="0.80" CONTENT="6,816"/>
						</TextLine>
						<TextLine ID="line_115" HPOS="526" VPOS="897" WIDTH="411" HEIGHT="17">
							<String ID="string_619" HPOS="526" VPOS="900" WIDTH="16" HEIGHT="10" WC="0.0" CONTENT="TA4"/><SP WIDTH="17" VPOS="900" HPOS="542"/>
							<String ID="string_620" HPOS="559" VPOS="894" WIDTH="17" HEIGHT="24" WC="0.35" CONTENT="ar"/><SP WIDTH="7" VPOS="894" HPOS="576"/>
							<String ID="string_621" HPOS="583" VPOS="907" WIDTH="3" HEIGHT="3" WC="0.6" CONTENT="0"/><SP WIDTH="14" VPOS="907" HPOS="586"/>
							<String ID="string_622" HPOS="600" VPOS="907" WIDTH="20" HEIGHT="4" WC="0.21" CONTENT="RA"/><SP WIDTH="28" VPOS="907" HPOS="620"/>
							<String ID="string_623" HPOS="648" VPOS="897" WIDTH="40" HEIGHT="16" WC="0.90" CONTENT="4,860"/><SP WIDTH="39" VPOS="897" HPOS="688"/>
							<String ID="string_624" HPOS="727" VPOS="897" WIDTH="40" HEIGHT="16" WC="0.82" CONTENT="5,880"/><SP WIDTH="47" VPOS="897" HPOS="767"/>
							<String ID="string_625" HPOS="814" VPOS="898" WIDTH="40" HEIGHT="16" WC="0.91" CONTENT="6,048"/><SP WIDTH="43" VPOS="898" HPOS="854"/>
							<String ID="string_626" HPOS="897" VPOS="900" WIDTH="40" HEIGHT="13" WC="0.78" CONTENT="7212"/>
						</TextLine>
						<TextLine ID="line_116" HPOS="526" VPOS="915" WIDTH="412" HEIGHT="16">
							<String ID="string_627" HPOS="526" VPOS="918" WIDTH="44" HEIGHT="12" WC="0.0" CONTENT="sale"/><SP WIDTH="79" VPOS="918" HPOS="570"/>
							<String ID="string_628" HPOS="649" VPOS="915" WIDTH="39" HEIGHT="15" WC="0.0" CONTENT="5.160"/><SP WIDTH="9" VPOS="915" HPOS="688"/>
							<String ID="string_629" HPOS="697" VPOS="904" WIDTH="20" HEIGHT="31" WC="0.43" CONTENT="—"/><SP WIDTH="10" VPOS="904" HPOS="717"/>
							<String ID="string_630" HPOS="727" VPOS="915" WIDTH="40" HEIGHT="16" WC="0.82" CONTENT="6,300"/><SP WIDTH="47" VPOS="915" HPOS="767"/>
							<String ID="string_631" HPOS="814" VPOS="916" WIDTH="40" HEIGHT="15" WC="0.31" CONTENT="6420"/><SP WIDTH="14" VPOS="916" HPOS="854"/>
							<String ID="string_632" HPOS="868" VPOS="905" WIDTH="19" HEIGHT="30" WC="0.26" CONTENT="—"/><SP WIDTH="10" VPOS="905" HPOS="887"/>
							<String ID="string_633" HPOS="897" VPOS="915" WIDTH="41" HEIGHT="16" WC="0.65" CONTENT="7,668"/>
						</TextLine>
						<TextLine ID="line_117" HPOS="526" VPOS="932" WIDTH="412" HEIGHT="16">
							<String ID="string_634" HPOS="526" VPOS="935" WIDTH="16" HEIGHT="13" WC="0.38" CONTENT="DE"/><SP WIDTH="7" VPOS="935" HPOS="542"/>
							<String ID="string_635" HPOS="549" VPOS="942" WIDTH="70" HEIGHT="3" WC="0.11" CONTENT="nea"/><SP WIDTH="29" VPOS="942" HPOS="619"/>
							<String ID="string_636" HPOS="648" VPOS="935" WIDTH="40" HEIGHT="13" WC="0.81" CONTENT="5520"/><SP WIDTH="14" VPOS="935" HPOS="688"/>
							<String ID="string_637" HPOS="702" VPOS="923" WIDTH="15" HEIGHT="29" WC="0.14" CONTENT="—"/><SP WIDTH="9" VPOS="923" HPOS="717"/>
							<String ID="string_638" HPOS="726" VPOS="932" WIDTH="41" HEIGHT="16" WC="0.69" CONTENT="6,720"/><SP WIDTH="48" VPOS="932" HPOS="767"/>
							<String ID="string_639" HPOS="815" VPOS="932" WIDTH="40" HEIGHT="16" WC="0.91" CONTENT="6,816"/><SP WIDTH="43" VPOS="932" HPOS="855"/>
							<String ID="string_640" HPOS="898" VPOS="933" WIDTH="40" HEIGHT="15" WC="0.52" CONTENT="8124"/>
						</TextLine>
						<TextLine ID="line_118" HPOS="549" VPOS="945" WIDTH="389" HEIGHT="25">
							<String ID="string_641" HPOS="549" VPOS="959" WIDTH="3" HEIGHT="3" WC="0.20" CONTENT="i"/><SP WIDTH="96" VPOS="959" HPOS="552"/>
							<String ID="string_642" HPOS="648" VPOS="950" WIDTH="40" HEIGHT="15" WC="0.91" CONTENT="6,300"/><SP WIDTH="38" VPOS="950" HPOS="688"/>
							<String ID="string_643" HPOS="726" VPOS="950" WIDTH="41" HEIGHT="15" WC="0.89" CONTENT="7,620"/><SP WIDTH="40" VPOS="950" HPOS="767"/>
							<String ID="string_644" HPOS="807" VPOS="945" WIDTH="47" HEIGHT="25" WC="0.91" CONTENT="7,668"/><SP WIDTH="43" VPOS="945" HPOS="854"/>
							<String ID="string_645" HPOS="897" VPOS="950" WIDTH="41" HEIGHT="16" WC="0.87" CONTENT="9,060"/>
						</TextLine>
						<TextLine ID="line_119" HPOS="648" VPOS="967" WIDTH="290" HEIGHT="15">
							<String ID="string_646" HPOS="648" VPOS="969" WIDTH="40" HEIGHT="13" WC="0.17" CONTENT="7140"/><SP WIDTH="12" VPOS="969" HPOS="688"/>
							<String ID="string_647" HPOS="700" VPOS="957" WIDTH="15" HEIGHT="29" WC="0.49" CONTENT="—"/><SP WIDTH="11" VPOS="957" HPOS="715"/>
							<String ID="string_648" HPOS="726" VPOS="967" WIDTH="41" HEIGHT="15" WC="0.70" CONTENT="8,580"/><SP WIDTH="47" VPOS="967" HPOS="767"/>
							<String ID="string_649" HPOS="814" VPOS="967" WIDTH="40" HEIGHT="15" WC="0.90" CONTENT="8,580"/><SP WIDTH="8" VPOS="967" HPOS="854"/>
							<String ID="string_650" HPOS="862" VPOS="958" WIDTH="19" HEIGHT="29" WC="0.14" CONTENT="—"/><SP WIDTH="8" VPOS="958" HPOS="881"/>
							<String ID="string_651" HPOS="889" VPOS="970" WIDTH="49" HEIGHT="12" WC="0.79" CONTENT="10,020"/>
						</TextLine>
					</TextBlock>
					<TextBlock ID="block_49" HPOS="648" VPOS="984" WIDTH="290" HEIGHT="16">
						<TextLine ID="line_120" HPOS="648" VPOS="984" WIDTH="290" HEIGHT="16">
							<String ID="string_652" HPOS="648" VPOS="984" WIDTH="40" HEIGHT="15" WC="0.83" CONTENT="7,620"/><SP WIDTH="10" VPOS="984" HPOS="688"/>
							<String ID="string_653" HPOS="698" VPOS="974" WIDTH="20" HEIGHT="30" WC="0.62" CONTENT="—"/><SP WIDTH="8" VPOS="974" HPOS="718"/>
							<String ID="string_654" HPOS="726" VPOS="984" WIDTH="41" HEIGHT="16" WC="0.74" CONTENT="9,060"/><SP WIDTH="47" VPOS="984" HPOS="767"/>
							<String ID="string_655" HPOS="814" VPOS="984" WIDTH="40" HEIGHT="16" WC="0.86" CONTENT="9,060"/><SP WIDTH="6" VPOS="984" HPOS="854"/>
							<String ID="string_656" HPOS="860" VPOS="975" WIDTH="19" HEIGHT="29" WC="0.55" CONTENT="—"/><SP WIDTH="10" VPOS="975" HPOS="879"/>
							<String ID="string_657" HPOS="889" VPOS="987" WIDTH="49" HEIGHT="12" WC="0.82" CONTENT="10,500"/>
						</TextLine>
					</TextBlock>
					<TextBlock ID="block_50" HPOS="648" VPOS="1000" WIDTH="290" HEIGHT="17">
						<TextLine ID="line_121" HPOS="648" VPOS="1000" WIDTH="290" HEIGHT="17">
							<String ID="string_658" HPOS="648" VPOS="1000" WIDTH="40" HEIGHT="16" WC="0.0" CONTENT="8100"/><SP WIDTH="6" VPOS="1000" HPOS="688"/>
							<String ID="string_659" HPOS="694" VPOS="996" WIDTH="19" HEIGHT="28" WC="0.0" CONTENT="="/><SP WIDTH="13" VPOS="996" HPOS="713"/>
							<String ID="string_660" HPOS="726" VPOS="1004" WIDTH="41" HEIGHT="13" WC="0.53" CONTENT="9,540"/><SP WIDTH="46" VPOS="1004" HPOS="767"/>
							<String ID="string_661" HPOS="813" VPOS="1004" WIDTH="41" HEIGHT="13" WC="0.81" CONTENT="9,540"/><SP WIDTH="7" VPOS="1004" HPOS="854"/>
							<String ID="string_662" HPOS="861" VPOS="994" WIDTH="18" HEIGHT="27" WC="0.46" CONTENT="—"/><SP WIDTH="10" VPOS="994" HPOS="879"/>
							<String ID="string_663" HPOS="889" VPOS="1001" WIDTH="49" HEIGHT="16" WC="0.79" CONTENT="10,980"/>
						</TextLine>
					</TextBlock>
					<TextBlock ID="block_51" HPOS="648" VPOS="1018" WIDTH="290" HEIGHT="16">
						<TextLine ID="line_122" HPOS="648" VPOS="1018" WIDTH="290" HEIGHT="16">
							<String ID="string_664" HPOS="648" VPOS="1018" WIDTH="40" HEIGHT="16" WC="0.26" CONTENT="8580"/><SP WIDTH="30" VPOS="1018" HPOS="688"/>
							<String ID="string_665" HPOS="718" VPOS="1021" WIDTH="49" HEIGHT="13" WC="0.47" CONTENT="10,020"/><SP WIDTH="39" VPOS="1021" HPOS="767"/>
							<String ID="string_666" HPOS="806" VPOS="1022" WIDTH="49" HEIGHT="11" WC="0.66" CONTENT="10.020"/><SP WIDTH="35" VPOS="1022" HPOS="855"/>
							<String ID="string_667" HPOS="890" VPOS="1018" WIDTH="48" HEIGHT="16" WC="0.48" CONTENT="1I1,460"/>
						</TextLine>
					</TextBlock>
					<TextBlock ID="block_52" HPOS="648" VPOS="1035" WIDTH="290" HEIGHT="17">
						<TextLine ID="line_123" HPOS="648" VPOS="1035" WIDTH="290" HEIGHT="17">
							<String ID="string_668" HPOS="648" VPOS="1035" WIDTH="40" HEIGHT="17" WC="0.84" CONTENT="9,060"/><SP WIDTH="10" VPOS="1035" HPOS="688"/>
							<String ID="string_669" HPOS="698" VPOS="1031" WIDTH="14" HEIGHT="25" WC="0.17" CONTENT="—"/><SP WIDTH="7" VPOS="1031" HPOS="712"/>
							<String ID="string_670" HPOS="719" VPOS="1038" WIDTH="49" HEIGHT="13" WC="0.71" CONTENT="10,500"/><SP WIDTH="39" VPOS="1038" HPOS="768"/>
							<String ID="string_671" HPOS="807" VPOS="1039" WIDTH="48" HEIGHT="12" WC="0.84" CONTENT="10,500"/><SP WIDTH="35" VPOS="1039" HPOS="855"/>
							<String ID="string_672" HPOS="890" VPOS="1039" WIDTH="48" HEIGHT="13" WC="0.82" CONTENT="11,940"/>
						</TextLine>
					</TextBlock>
				</ComposedBlock>
				<ComposedBlock ID="cblock_24" HPOS="521" VPOS="952" WIDTH="103" HEIGHT="101">
					<TextBlock ID="block_53" HPOS="521" VPOS="952" WIDTH="103" HEIGHT="101">
						<TextLine ID="line_124" HPOS="521" VPOS="952" WIDTH="103" HEIGHT="101">
							<String ID="string_673" HPOS="521" VPOS="952" WIDTH="103" HEIGHT="101" WC="0.95" CONTENT=" "/>
						</TextLine>
					</TextBlock>
				</ComposedBlock>
				<ComposedBlock ID="cblock_25" HPOS="505" VPOS="1057" WIDTH="453" HEIGHT="432">
					<TextBlock ID="block_54" HPOS="524" VPOS="1057" WIDTH="253" HEIGHT="17">
						<TextLine ID="line_125" HPOS="524" VPOS="1057" WIDTH="253" HEIGHT="17">
							<String ID="string_674" HPOS="524" VPOS="1057" WIDTH="173" HEIGHT="17" WC="0.91" CONTENT="Felräkningspenningar"/><SP WIDTH="8" VPOS="1057" HPOS="697"/>
							<String ID="string_675" HPOS="705" VPOS="1058" WIDTH="23" HEIGHT="13" WC="0.96" CONTENT="må"/><SP WIDTH="9" VPOS="1058" HPOS="728"/>
							<String ID="string_676" HPOS="737" VPOS="1058" WIDTH="40" HEIGHT="16" WC="0.96" CONTENT="utgå:"/>
						</TextLine>
					</TextBlock>
					<TextBlock ID="block_55" HPOS="505" VPOS="1074" WIDTH="452" HEIGHT="104">
						<TextLine ID="line_126" HPOS="522" VPOS="1074" WIDTH="435" HEIGHT="17">
							<String ID="string_677" HPOS="522" VPOS="1075" WIDTH="5" HEIGHT="12" WC="0.9" CONTENT="i"/><SP WIDTH="8" VPOS="1075" HPOS="527"/>
							<String ID="string_678" HPOS="535" VPOS="1074" WIDTH="111" HEIGHT="13" WC="0.9" CONTENT="riksbanken"/><SP WIDTH="9" VPOS="1074" HPOS="646"/>
							<String ID="string_679" HPOS="655" VPOS="1075" WIDTH="32" HEIGHT="12" WC="0.92" CONTENT="med"/><SP WIDTH="7" VPOS="1075" HPOS="687"/>
							<String ID="string_680" HPOS="694" VPOS="1078" WIDTH="39" HEIGHT="13" WC="0.43" CONTENT="r1,500"/><SP WIDTH="9" VPOS="1078" HPOS="733"/>
							<String ID="string_681" HPOS="742" VPOS="1075" WIDTH="22" HEIGHT="13" WC="0.96" CONTENT="kr."/><SP WIDTH="7" VPOS="1075" HPOS="764"/>
							<String ID="string_682" HPOS="771" VPOS="1075" WIDTH="23" HEIGHT="13" WC="0.58" CONTENT="till"/><SP WIDTH="5" VPOS="1075" HPOS="794"/>
							<String ID="string_683" HPOS="799" VPOS="1075" WIDTH="65" HEIGHT="13" WC="0.58" CONTENT="kassörer"/><SP WIDTH="5" VPOS="1075" HPOS="864"/>
							<String ID="string_684" HPOS="869" VPOS="1075" WIDTH="25" HEIGHT="13" WC="0.93" CONTENT="vid"/><SP WIDTH="6" VPOS="1075" HPOS="894"/>
							<String ID="string_685" HPOS="900" VPOS="1075" WIDTH="57" HEIGHT="13" WC="0.92" CONTENT="huvud-"/>
						</TextLine>
						<TextLine ID="line_127" HPOS="506" VPOS="1092" WIDTH="306" HEIGHT="16">
							<String ID="string_686" HPOS="506" VPOS="1092" WIDTH="67" HEIGHT="12" WC="0.96" CONTENT="kontoret"/><SP WIDTH="10" VPOS="1092" HPOS="573"/>
							<String ID="string_687" HPOS="583" VPOS="1093" WIDTH="37" HEIGHT="11" WC="0.96" CONTENT="samt"/><SP WIDTH="8" VPOS="1093" HPOS="620"/>
							<String ID="string_688" HPOS="628" VPOS="1092" WIDTH="5" HEIGHT="12" WC="0.96" CONTENT="i"/><SP WIDTH="6" VPOS="1092" HPOS="633"/>
							<String ID="string_689" HPOS="639" VPOS="1092" WIDTH="73" HEIGHT="16" WC="0.96" CONTENT="Göteborg"/><SP WIDTH="9" VPOS="1092" HPOS="712"/>
							<String ID="string_690" HPOS="721" VPOS="1092" WIDTH="27" HEIGHT="13" WC="0.96" CONTENT="och"/><SP WIDTH="10" VPOS="1092" HPOS="748"/>
							<String ID="string_691" HPOS="758" VPOS="1092" WIDTH="54" HEIGHT="13" WC="0.96" CONTENT="Malmö"/>
						</TextLine>
						<TextLine ID="line_128" HPOS="506" VPOS="1108" WIDTH="451" HEIGHT="18">
							<String ID="string_692" HPOS="506" VPOS="1108" WIDTH="79" HEIGHT="14" WC="0.96" CONTENT="ståndarna"/><SP WIDTH="14" VPOS="1108" HPOS="585"/>
							<String ID="string_693" HPOS="599" VPOS="1109" WIDTH="22" HEIGHT="13" WC="0.93" CONTENT="för"/><SP WIDTH="14" VPOS="1109" HPOS="621"/>
							<String ID="string_694" HPOS="635" VPOS="1109" WIDTH="113" HEIGHT="17" WC="0.91" CONTENT="sedelräknings-"/><SP WIDTH="13" VPOS="1109" HPOS="748"/>
							<String ID="string_695" HPOS="761" VPOS="1109" WIDTH="26" HEIGHT="13" WC="0.93" CONTENT="och"/><SP WIDTH="9" VPOS="1109" HPOS="787"/>
							<String ID="string_696" HPOS="796" VPOS="1110" WIDTH="161" HEIGHT="16" WC="0.92" CONTENT="mynträkningsavdel-"/>
						</TextLine>
						<TextLine ID="line_129" HPOS="505" VPOS="1126" WIDTH="451" HEIGHT="18">
							<String ID="string_697" HPOS="505" VPOS="1126" WIDTH="76" HEIGHT="16" WC="0.96" CONTENT="ningarna,"/><SP WIDTH="8" VPOS="1126" HPOS="581"/>
							<String ID="string_698" HPOS="589" VPOS="1126" WIDTH="33" HEIGHT="13" WC="0.95" CONTENT="med"/><SP WIDTH="9" VPOS="1126" HPOS="622"/>
							<String ID="string_699" HPOS="631" VPOS="1129" WIDTH="26" HEIGHT="13" WC="0.92" CONTENT="750"/><SP WIDTH="8" VPOS="1129" HPOS="657"/>
							<String ID="string_700" HPOS="665" VPOS="1127" WIDTH="22" HEIGHT="12" WC="0.95" CONTENT="kr."/><SP WIDTH="9" VPOS="1127" HPOS="687"/>
							<String ID="string_701" HPOS="696" VPOS="1127" WIDTH="22" HEIGHT="13" WC="0.93" CONTENT="till"/><SP WIDTH="11" VPOS="1127" HPOS="718"/>
							<String ID="string_702" HPOS="729" VPOS="1127" WIDTH="66" HEIGHT="13" WC="0.92" CONTENT="kassörer"/><SP WIDTH="10" VPOS="1127" HPOS="795"/>
							<String ID="string_703" HPOS="805" VPOS="1127" WIDTH="25" HEIGHT="13" WC="0.93" CONTENT="vid"/><SP WIDTH="5" VPOS="1127" HPOS="830"/>
							<String ID="string_704" HPOS="835" VPOS="1127" WIDTH="121" HEIGHT="17" WC="0.92" CONTENT="avdelningskon-"/>
						</TextLine>
						<TextLine ID="line_130" HPOS="507" VPOS="1143" WIDTH="450" HEIGHT="17">
							<String ID="string_705" HPOS="507" VPOS="1145" WIDTH="23" HEIGHT="11" WC="0.95" CONTENT="tor"/><SP WIDTH="10" VPOS="1145" HPOS="530"/>
							<String ID="string_706" HPOS="540" VPOS="1144" WIDTH="41" HEIGHT="12" WC="0.96" CONTENT="utom"/><SP WIDTH="10" VPOS="1144" HPOS="581"/>
							<String ID="string_707" HPOS="591" VPOS="1143" WIDTH="73" HEIGHT="17" WC="0.96" CONTENT="Göteborg"/><SP WIDTH="9" VPOS="1143" HPOS="664"/>
							<String ID="string_708" HPOS="673" VPOS="1144" WIDTH="27" HEIGHT="13" WC="0.96" CONTENT="och"/><SP WIDTH="13" VPOS="1144" HPOS="700"/>
							<String ID="string_709" HPOS="713" VPOS="1144" WIDTH="53" HEIGHT="13" WC="0.96" CONTENT="Malmö"/><SP WIDTH="9" VPOS="1144" HPOS="766"/>
							<String ID="string_710" HPOS="775" VPOS="1146" WIDTH="38" HEIGHT="11" WC="0.96" CONTENT="samt"/><SP WIDTH="10" VPOS="1146" HPOS="813"/>
							<String ID="string_711" HPOS="823" VPOS="1144" WIDTH="32" HEIGHT="13" WC="0.95" CONTENT="med"/><SP WIDTH="11" VPOS="1144" HPOS="855"/>
							<String ID="string_712" HPOS="866" VPOS="1145" WIDTH="26" HEIGHT="12" WC="0.95" CONTENT="600"/><SP WIDTH="10" VPOS="1145" HPOS="892"/>
							<String ID="string_713" HPOS="902" VPOS="1145" WIDTH="21" HEIGHT="13" WC="0.96" CONTENT="kr."/><SP WIDTH="11" VPOS="1145" HPOS="923"/>
							<String ID="string_714" HPOS="934" VPOS="1145" WIDTH="23" HEIGHT="12" WC="0.96" CONTENT="till"/>
						</TextLine>
						<TextLine ID="line_131" HPOS="507" VPOS="1160" WIDTH="448" HEIGHT="18">
							<String ID="string_715" HPOS="507" VPOS="1160" WIDTH="108" HEIGHT="14" WC="0.96" CONTENT="föreståndaren"/><SP WIDTH="6" VPOS="1160" HPOS="615"/>
							<String ID="string_716" HPOS="621" VPOS="1161" WIDTH="23" HEIGHT="13" WC="0.93" CONTENT="för"/><SP WIDTH="4" VPOS="1161" HPOS="644"/>
							<String ID="string_717" HPOS="648" VPOS="1160" WIDTH="138" HEIGHT="18" WC="0.90" CONTENT="bronsmyntkassan"/><SP WIDTH="5" VPOS="1160" HPOS="786"/>
							<String ID="string_718" HPOS="791" VPOS="1162" WIDTH="68" HEIGHT="13" WC="0.96" CONTENT="ävensom"/><SP WIDTH="6" VPOS="1162" HPOS="859"/>
							<String ID="string_719" HPOS="865" VPOS="1162" WIDTH="25" HEIGHT="13" WC="0.93" CONTENT="två"/><SP WIDTH="5" VPOS="1162" HPOS="890"/>
							<String ID="string_720" HPOS="895" VPOS="1162" WIDTH="60" HEIGHT="16" WC="0.92" CONTENT="tjänste-"/>
						</TextLine>
					</TextBlock>
					<TextBlock ID="block_56" HPOS="507" VPOS="1177" WIDTH="449" HEIGHT="69">
						<TextLine ID="line_132" HPOS="523" VPOS="1177" WIDTH="433" HEIGHT="18">
							<String ID="string_721" HPOS="523" VPOS="1182" WIDTH="18" HEIGHT="8" WC="0.96" CONTENT="än"/><SP WIDTH="9" VPOS="1182" HPOS="541"/>
							<String ID="string_722" HPOS="550" VPOS="1178" WIDTH="5" HEIGHT="12" WC="0.96" CONTENT="i"/><SP WIDTH="10" VPOS="1178" HPOS="555"/>
							<String ID="string_723" HPOS="565" VPOS="1177" WIDTH="78" HEIGHT="17" WC="0.96" CONTENT="Göteborg,"/><SP WIDTH="8" VPOS="1177" HPOS="643"/>
							<String ID="string_724" HPOS="651" VPOS="1182" WIDTH="19" HEIGHT="9" WC="0.96" CONTENT="av"/><SP WIDTH="13" VPOS="1182" HPOS="670"/>
							<String ID="string_725" HPOS="683" VPOS="1178" WIDTH="39" HEIGHT="13" WC="0.96" CONTENT="vilka"/><SP WIDTH="13" VPOS="1178" HPOS="722"/>
							<String ID="string_726" HPOS="735" VPOS="1178" WIDTH="28" HEIGHT="14" WC="0.96" CONTENT="den"/><SP WIDTH="13" VPOS="1178" HPOS="763"/>
							<String ID="string_727" HPOS="776" VPOS="1182" WIDTH="27" HEIGHT="9" WC="0.96" CONTENT="ena"/><SP WIDTH="9" VPOS="1182" HPOS="803"/>
							<String ID="string_728" HPOS="812" VPOS="1179" WIDTH="61" HEIGHT="13" WC="0.93" CONTENT="förestår"/><SP WIDTH="8" VPOS="1179" HPOS="873"/>
							<String ID="string_729" HPOS="881" VPOS="1179" WIDTH="75" HEIGHT="16" WC="0.91" CONTENT="mynträk-"/>
						</TextLine>
						<TextLine ID="line_133" HPOS="507" VPOS="1195" WIDTH="449" HEIGHT="17">
							<String ID="string_730" HPOS="507" VPOS="1195" WIDTH="53" HEIGHT="16" WC="0.96" CONTENT="ningen"/><SP WIDTH="12" VPOS="1195" HPOS="560"/>
							<String ID="string_731" HPOS="572" VPOS="1195" WIDTH="27" HEIGHT="12" WC="0.96" CONTENT="och"/><SP WIDTH="9" VPOS="1195" HPOS="599"/>
							<String ID="string_732" HPOS="608" VPOS="1195" WIDTH="28" HEIGHT="13" WC="0.95" CONTENT="den"/><SP WIDTH="9" VPOS="1195" HPOS="636"/>
							<String ID="string_733" HPOS="645" VPOS="1195" WIDTH="45" HEIGHT="13" WC="0.95" CONTENT="andra"/><SP WIDTH="9" VPOS="1195" HPOS="690"/>
							<String ID="string_734" HPOS="699" VPOS="1195" WIDTH="64" HEIGHT="14" WC="0.96" CONTENT="biträder"/><SP WIDTH="10" VPOS="1195" HPOS="763"/>
							<String ID="string_735" HPOS="773" VPOS="1199" WIDTH="18" HEIGHT="9" WC="0.96" CONTENT="en"/><SP WIDTH="12" VPOS="1199" HPOS="791"/>
							<String ID="string_736" HPOS="803" VPOS="1200" WIDTH="18" HEIGHT="9" WC="0.93" CONTENT="av"/><SP WIDTH="11" VPOS="1200" HPOS="821"/>
							<String ID="string_737" HPOS="832" VPOS="1196" WIDTH="89" HEIGHT="16" WC="0.93" CONTENT="kassörerna,"/><SP WIDTH="8" VPOS="1196" HPOS="921"/>
							<String ID="string_738" HPOS="929" VPOS="1196" WIDTH="27" HEIGHT="13" WC="0.96" CONTENT="och"/>
						</TextLine>
						<TextLine ID="line_134" HPOS="507" VPOS="1212" WIDTH="449" HEIGHT="18">
							<String ID="string_739" HPOS="507" VPOS="1216" WIDTH="18" HEIGHT="9" WC="0.97" CONTENT="en"/><SP WIDTH="10" VPOS="1216" HPOS="525"/>
							<String ID="string_740" HPOS="535" VPOS="1212" WIDTH="88" HEIGHT="16" WC="0.95" CONTENT="tjänsteman"/><SP WIDTH="9" VPOS="1212" HPOS="623"/>
							<String ID="string_741" HPOS="632" VPOS="1212" WIDTH="4" HEIGHT="13" WC="0.95" CONTENT="i"/><SP WIDTH="11" VPOS="1212" HPOS="636"/>
							<String ID="string_742" HPOS="647" VPOS="1212" WIDTH="57" HEIGHT="16" WC="0.96" CONTENT="Malmö,"/><SP WIDTH="10" VPOS="1212" HPOS="704"/>
							<String ID="string_743" HPOS="714" VPOS="1216" WIDTH="31" HEIGHT="10" WC="0.97" CONTENT="som"/><SP WIDTH="9" VPOS="1216" HPOS="745"/>
							<String ID="string_744" HPOS="754" VPOS="1213" WIDTH="61" HEIGHT="13" WC="0.93" CONTENT="förestår"/><SP WIDTH="8" VPOS="1213" HPOS="815"/>
							<String ID="string_745" HPOS="823" VPOS="1213" WIDTH="46" HEIGHT="14" WC="0.92" CONTENT="sedel-"/><SP WIDTH="6" VPOS="1213" HPOS="869"/>
							<String ID="string_746" HPOS="875" VPOS="1214" WIDTH="26" HEIGHT="13" WC="0.88" CONTENT="och"/><SP WIDTH="6" VPOS="1214" HPOS="901"/>
							<String ID="string_747" HPOS="907" VPOS="1214" WIDTH="49" HEIGHT="16" WC="0.91" CONTENT="mynt-"/>
						</TextLine>
						<TextLine ID="line_135" HPOS="508" VPOS="1229" WIDTH="170" HEIGHT="17">
							<String ID="string_748" HPOS="508" VPOS="1229" WIDTH="170" HEIGHT="17" WC="0.91" CONTENT="räkningsavdelningen;"/>
						</TextLine>
					</TextBlock>
					<TextBlock ID="block_57" HPOS="506" VPOS="1246" WIDTH="451" HEIGHT="31">
						<TextLine ID="line_136" HPOS="525" VPOS="1246" WIDTH="432" HEIGHT="18">
							<String ID="string_749" HPOS="525" VPOS="1247" WIDTH="5" HEIGHT="13" WC="0.60" CONTENT="i"/><SP WIDTH="3" VPOS="1247" HPOS="530"/>
							<String ID="string_750" HPOS="533" VPOS="1246" WIDTH="184" HEIGHT="17" WC="0.60" CONTENT="riksgäldskontoret"/><SP WIDTH="12" VPOS="1246" HPOS="717"/>
							<String ID="string_751" HPOS="729" VPOS="1246" WIDTH="33" HEIGHT="14" WC="0.96" CONTENT="med"/><SP WIDTH="13" VPOS="1246" HPOS="762"/>
							<String ID="string_752" HPOS="775" VPOS="1247" WIDTH="41" HEIGHT="17" WC="0.93" CONTENT="högst"/><SP WIDTH="9" VPOS="1247" HPOS="816"/>
							<String ID="string_753" HPOS="825" VPOS="1251" WIDTH="39" HEIGHT="13" WC="0.75" CONTENT="1,200"/><SP WIDTH="-1" VPOS="1251" HPOS="864"/>
							<String ID="string_754" HPOS="863" VPOS="1236" WIDTH="28" HEIGHT="34" WC="0.93" CONTENT="kr."/><SP WIDTH="-1" VPOS="1236" HPOS="891"/>
							<String ID="string_755" HPOS="890" VPOS="1236" WIDTH="30" HEIGHT="34" WC="0.90" CONTENT="till"/><SP WIDTH="5" VPOS="1236" HPOS="920"/>
							<String ID="string_756" HPOS="925" VPOS="1248" WIDTH="32" HEIGHT="13" WC="0.90" CONTENT="kas-"/>
						</TextLine>
						<TextLine ID="line_137" HPOS="506" VPOS="1264" WIDTH="47" HEIGHT="13">
							<String ID="string_757" HPOS="506" VPOS="1264" WIDTH="47" HEIGHT="13" WC="0.82" CONTENT="sören."/>
						</TextLine>
					</TextBlock>
					<TextBlock ID="block_58" HPOS="507" VPOS="1281" WIDTH="451" HEIGHT="35">
						<TextLine ID="line_138" HPOS="527" VPOS="1281" WIDTH="431" HEIGHT="18">
							<String ID="string_758" HPOS="527" VPOS="1281" WIDTH="91" HEIGHT="17" WC="0.93" CONTENT="Uppdelning"/><SP WIDTH="11" VPOS="1281" HPOS="618"/>
							<String ID="string_759" HPOS="629" VPOS="1282" WIDTH="9" HEIGHT="13" WC="0.92" CONTENT="å"/><SP WIDTH="13" VPOS="1282" HPOS="638"/>
							<String ID="string_760" HPOS="651" VPOS="1282" WIDTH="23" HEIGHT="13" WC="0.96" CONTENT="lön"/><SP WIDTH="13" VPOS="1282" HPOS="674"/>
							<String ID="string_761" HPOS="687" VPOS="1282" WIDTH="26" HEIGHT="13" WC="0.93" CONTENT="och"/><SP WIDTH="14" VPOS="1282" HPOS="713"/>
							<String ID="string_762" HPOS="727" VPOS="1282" WIDTH="181" HEIGHT="17" WC="0.92" CONTENT="tjänstgöringspenningar"/><SP WIDTH="13" VPOS="1282" HPOS="908"/>
							<String ID="string_763" HPOS="921" VPOS="1283" WIDTH="37" HEIGHT="13" WC="0.93" CONTENT="före-"/>
						</TextLine>
						<TextLine ID="line_139" HPOS="507" VPOS="1298" WIDTH="385" HEIGHT="18">
							<String ID="string_764" HPOS="507" VPOS="1298" WIDTH="65" HEIGHT="14" WC="0.96" CONTENT="kommer"/><SP WIDTH="9" VPOS="1298" HPOS="572"/>
							<String ID="string_765" HPOS="581" VPOS="1299" WIDTH="31" HEIGHT="13" WC="0.96" CONTENT="icke"/><SP WIDTH="10" VPOS="1299" HPOS="612"/>
							<String ID="string_766" HPOS="622" VPOS="1299" WIDTH="44" HEIGHT="16" WC="0.96" CONTENT="enligt"/><SP WIDTH="10" VPOS="1299" HPOS="666"/>
							<String ID="string_767" HPOS="676" VPOS="1299" WIDTH="40" HEIGHT="13" WC="0.93" CONTENT="detta"/><SP WIDTH="10" VPOS="1299" HPOS="716"/>
							<String ID="string_768" HPOS="726" VPOS="1299" WIDTH="166" HEIGHT="17" WC="0.92" CONTENT="avlöningsreglemente."/>
						</TextLine>
					</TextBlock>
					<TextBlock ID="block_59" HPOS="508" VPOS="1316" WIDTH="443" HEIGHT="34">
						<TextLine ID="line_140" HPOS="527" VPOS="1316" WIDTH="424" HEIGHT="15">
							<String ID="string_769" HPOS="527" VPOS="1316" WIDTH="61" HEIGHT="13" WC="0.96" CONTENT="Förmån"/><SP WIDTH="10" VPOS="1316" HPOS="588"/>
							<String ID="string_770" HPOS="598" VPOS="1320" WIDTH="18" HEIGHT="9" WC="0.96" CONTENT="av"/><SP WIDTH="10" VPOS="1320" HPOS="616"/>
							<String ID="string_771" HPOS="626" VPOS="1316" WIDTH="18" HEIGHT="13" WC="0.96" CONTENT="fri"/><SP WIDTH="10" VPOS="1316" HPOS="644"/>
							<String ID="string_772" HPOS="654" VPOS="1316" WIDTH="50" HEIGHT="14" WC="0.96" CONTENT="bostad"/><SP WIDTH="10" VPOS="1316" HPOS="704"/>
							<String ID="string_773" HPOS="714" VPOS="1317" WIDTH="95" HEIGHT="13" WC="0.95" CONTENT="förekommer"/><SP WIDTH="9" VPOS="1317" HPOS="809"/>
							<String ID="string_774" HPOS="818" VPOS="1318" WIDTH="4" HEIGHT="12" WC="0.96" CONTENT="i"/><SP WIDTH="10" VPOS="1318" HPOS="822"/>
							<String ID="string_775" HPOS="832" VPOS="1317" WIDTH="78" HEIGHT="13" WC="0.96" CONTENT="allmänhet"/><SP WIDTH="9" VPOS="1317" HPOS="910"/>
							<String ID="string_776" HPOS="919" VPOS="1317" WIDTH="32" HEIGHT="14" WC="0.96" CONTENT="icke"/>
						</TextLine>
						<TextLine ID="line_141" HPOS="508" VPOS="1333" WIDTH="387" HEIGHT="17">
							<String ID="string_777" HPOS="508" VPOS="1334" WIDTH="36" HEIGHT="12" WC="0.95" CONTENT="utan"/><SP WIDTH="8" VPOS="1334" HPOS="544"/>
							<String ID="string_778" HPOS="552" VPOS="1333" WIDTH="36" HEIGHT="13" WC="0.95" CONTENT="skall"/><SP WIDTH="8" VPOS="1333" HPOS="588"/>
							<String ID="string_779" HPOS="596" VPOS="1334" WIDTH="80" HEIGHT="16" WC="0.96" CONTENT="ersättning"/><SP WIDTH="8" VPOS="1334" HPOS="676"/>
							<String ID="string_780" HPOS="684" VPOS="1334" WIDTH="63" HEIGHT="16" WC="0.96" CONTENT="erläggas"/><SP WIDTH="9" VPOS="1334" HPOS="747"/>
							<String ID="string_781" HPOS="756" VPOS="1334" WIDTH="21" HEIGHT="13" WC="0.92" CONTENT="för"/><SP WIDTH="9" VPOS="1334" HPOS="777"/>
							<String ID="string_782" HPOS="786" VPOS="1334" WIDTH="109" HEIGHT="16" WC="0.92" CONTENT="tjänstebostad."/>
						</TextLine>
					</TextBlock>
					<TextBlock ID="block_60" HPOS="509" VPOS="1350" WIDTH="448" HEIGHT="34">
						<TextLine ID="line_142" HPOS="527" VPOS="1350" WIDTH="430" HEIGHT="18">
							<String ID="string_783" HPOS="527" VPOS="1350" WIDTH="27" HEIGHT="13" WC="0.96" CONTENT="Vid"/><SP WIDTH="13" VPOS="1350" HPOS="554"/>
							<String ID="string_784" HPOS="567" VPOS="1350" WIDTH="44" HEIGHT="14" WC="0.96" CONTENT="skada"/><SP WIDTH="13" VPOS="1350" HPOS="611"/>
							<String ID="string_785" HPOS="624" VPOS="1351" WIDTH="22" HEIGHT="13" WC="0.96" CONTENT="till"/><SP WIDTH="12" VPOS="1351" HPOS="646"/>
							<String ID="string_786" HPOS="658" VPOS="1351" WIDTH="36" HEIGHT="16" WC="0.96" CONTENT="följd"/><SP WIDTH="8" VPOS="1351" HPOS="694"/>
							<String ID="string_787" HPOS="702" VPOS="1355" WIDTH="19" HEIGHT="9" WC="0.97" CONTENT="av"/><SP WIDTH="7" VPOS="1355" HPOS="721"/>
							<String ID="string_788" HPOS="728" VPOS="1351" WIDTH="87" HEIGHT="17" WC="0.96" CONTENT="olycksfall"/><SP WIDTH="-10" VPOS="1351" HPOS="815"/>
							<String ID="string_789" HPOS="805" VPOS="1341" WIDTH="13" HEIGHT="33" WC="0.96" CONTENT="i"/><SP WIDTH="7" VPOS="1341" HPOS="818"/>
							<String ID="string_790" HPOS="825" VPOS="1351" WIDTH="63" HEIGHT="17" WC="0.96" CONTENT="tjänsten"/><SP WIDTH="9" VPOS="1351" HPOS="888"/>
							<String ID="string_791" HPOS="897" VPOS="1352" WIDTH="60" HEIGHT="13" WC="0.96" CONTENT="erhåller"/>
						</TextLine>
						<TextLine ID="line_143" HPOS="509" VPOS="1367" WIDTH="340" HEIGHT="17">
							<String ID="string_792" HPOS="509" VPOS="1367" WIDTH="87" HEIGHT="17" WC="0.96" CONTENT="tjänsteman"/><SP WIDTH="9" VPOS="1367" HPOS="596"/>
							<String ID="string_793" HPOS="605" VPOS="1368" WIDTH="18" HEIGHT="13" WC="0.96" CONTENT="fri"/><SP WIDTH="9" VPOS="1368" HPOS="623"/>
							<String ID="string_794" HPOS="632" VPOS="1368" WIDTH="74" HEIGHT="13" WC="0.96" CONTENT="läkarvård"/><SP WIDTH="8" VPOS="1368" HPOS="706"/>
							<String ID="string_795" HPOS="714" VPOS="1368" WIDTH="45" HEIGHT="16" WC="0.96" CONTENT="jämte"/><SP WIDTH="7" VPOS="1368" HPOS="759"/>
							<String ID="string_796" HPOS="766" VPOS="1369" WIDTH="83" HEIGHT="13" WC="0.92" CONTENT="läkemedel."/>
						</TextLine>
					</TextBlock>
					<TextBlock ID="block_61" HPOS="508" VPOS="1385" WIDTH="449" HEIGHT="66">
						<TextLine ID="line_144" HPOS="526" VPOS="1385" WIDTH="431" HEIGHT="18">
							<String ID="string_797" HPOS="526" VPOS="1385" WIDTH="78" HEIGHT="16" WC="0.93" CONTENT="Angående"/><SP WIDTH="11" VPOS="1385" HPOS="604"/>
							<String ID="string_798" HPOS="615" VPOS="1385" WIDTH="114" HEIGHT="17" WC="0.90" CONTENT="kallortstillägg,"/><SP WIDTH="10" VPOS="1385" HPOS="729"/>
							<String ID="string_799" HPOS="739" VPOS="1385" WIDTH="54" HEIGHT="17" WC="0.93" CONTENT="avdrag"/><SP WIDTH="10" VPOS="1385" HPOS="793"/>
							<String ID="string_800" HPOS="803" VPOS="1386" WIDTH="9" HEIGHT="13" WC="0.75" CONTENT="å"/><SP WIDTH="11" VPOS="1386" HPOS="812"/>
							<String ID="string_801" HPOS="823" VPOS="1386" WIDTH="23" HEIGHT="13" WC="0.96" CONTENT="lön"/><SP WIDTH="12" VPOS="1386" HPOS="846"/>
							<String ID="string_802" HPOS="858" VPOS="1386" WIDTH="25" HEIGHT="13" WC="0.96" CONTENT="vid"/><SP WIDTH="11" VPOS="1386" HPOS="883"/>
							<String ID="string_803" HPOS="894" VPOS="1386" WIDTH="63" HEIGHT="17" WC="0.96" CONTENT="ledighet"/>
						</TextLine>
						<TextLine ID="line_145" HPOS="508" VPOS="1402" WIDTH="448" HEIGHT="17">
							<String ID="string_804" HPOS="508" VPOS="1403" WIDTH="38" HEIGHT="12" WC="0.93" CONTENT="samt"/><SP WIDTH="11" VPOS="1403" HPOS="546"/>
							<String ID="string_805" HPOS="557" VPOS="1402" WIDTH="134" HEIGHT="17" WC="0.56" CONTENT="begravningshjälp"/><SP WIDTH="11" VPOS="1402" HPOS="691"/>
							<String ID="string_806" HPOS="702" VPOS="1407" WIDTH="19" HEIGHT="9" WC="0.92" CONTENT="m."/><SP WIDTH="11" VPOS="1407" HPOS="721"/>
							<String ID="string_807" HPOS="732" VPOS="1407" WIDTH="19" HEIGHT="9" WC="0.90" CONTENT="m."/><SP WIDTH="11" VPOS="1407" HPOS="751"/>
							<String ID="string_808" HPOS="762" VPOS="1403" WIDTH="37" HEIGHT="16" WC="0.97" CONTENT="gälla"/><SP WIDTH="10" VPOS="1403" HPOS="799"/>
							<String ID="string_809" HPOS="809" VPOS="1403" WIDTH="75" HEIGHT="14" WC="0.93" CONTENT="enahanda"/><SP WIDTH="10" VPOS="1403" HPOS="884"/>
							<String ID="string_810" HPOS="894" VPOS="1403" WIDTH="62" HEIGHT="14" WC="0.92" CONTENT="bestäm-"/>
						</TextLine>
						<TextLine ID="line_146" HPOS="509" VPOS="1420" WIDTH="447" HEIGHT="17">
							<String ID="string_811" HPOS="509" VPOS="1420" WIDTH="50" HEIGHT="12" WC="0.91" CONTENT="melser"/><SP WIDTH="10" VPOS="1420" HPOS="559"/>
							<String ID="string_812" HPOS="569" VPOS="1423" WIDTH="31" HEIGHT="10" WC="0.96" CONTENT="som"/><SP WIDTH="10" VPOS="1423" HPOS="600"/>
							<String ID="string_813" HPOS="610" VPOS="1420" WIDTH="21" HEIGHT="13" WC="0.93" CONTENT="för"/><SP WIDTH="10" VPOS="1420" HPOS="631"/>
							<String ID="string_814" HPOS="641" VPOS="1420" WIDTH="142" HEIGHT="17" WC="0.92" CONTENT="befattningshavare"/><SP WIDTH="6" VPOS="1420" HPOS="783"/>
							<String ID="string_815" HPOS="789" VPOS="1420" WIDTH="25" HEIGHT="13" WC="0.93" CONTENT="vid"/><SP WIDTH="6" VPOS="1420" HPOS="814"/>
							<String ID="string_816" HPOS="820" VPOS="1421" WIDTH="136" HEIGHT="16" WC="0.92" CONTENT="statsdepartement"/>
						</TextLine>
						<TextLine ID="line_147" HPOS="509" VPOS="1436" WIDTH="92" HEIGHT="15">
							<String ID="string_817" HPOS="509" VPOS="1440" WIDTH="19" HEIGHT="10" WC="0.83" CONTENT="m."/><SP WIDTH="9" VPOS="1440" HPOS="528"/>
							<String ID="string_818" HPOS="537" VPOS="1436" WIDTH="16" HEIGHT="14" WC="0.84" CONTENT="fl."/><SP WIDTH="9" VPOS="1436" HPOS="553"/>
							<String ID="string_819" HPOS="562" VPOS="1437" WIDTH="39" HEIGHT="14" WC="0.96" CONTENT="verk."/>
						</TextLine>
					</TextBlock>
					<TextBlock ID="block_62" HPOS="509" VPOS="1454" WIDTH="447" HEIGHT="35">
						<TextLine ID="line_148" HPOS="528" VPOS="1454" WIDTH="428" HEIGHT="18">
							<String ID="string_820" HPOS="528" VPOS="1454" WIDTH="60" HEIGHT="13" WC="0.94" CONTENT="Pension"/><SP WIDTH="7" VPOS="1454" HPOS="588"/>
							<String ID="string_821" HPOS="595" VPOS="1455" WIDTH="42" HEIGHT="16" WC="0.96" CONTENT="utgår"/><SP WIDTH="8" VPOS="1455" HPOS="637"/>
							<String ID="string_822" HPOS="645" VPOS="1455" WIDTH="44" HEIGHT="16" WC="0.95" CONTENT="enligt"/><SP WIDTH="8" VPOS="1455" HPOS="689"/>
							<String ID="string_823" HPOS="697" VPOS="1459" WIDTH="19" HEIGHT="9" WC="0.96" CONTENT="av"/><SP WIDTH="9" VPOS="1459" HPOS="716"/>
							<String ID="string_824" HPOS="725" VPOS="1459" WIDTH="33" HEIGHT="12" WC="0.76" CONTENT="1921"/><SP WIDTH="9" VPOS="1459" HPOS="758"/>
							<String ID="string_825" HPOS="767" VPOS="1455" WIDTH="23" HEIGHT="13" WC="0.96" CONTENT="års"/><SP WIDTH="7" VPOS="1455" HPOS="790"/>
							<String ID="string_826" HPOS="797" VPOS="1455" WIDTH="57" HEIGHT="17" WC="0.96" CONTENT="riksdag"/><SP WIDTH="8" VPOS="1455" HPOS="854"/>
							<String ID="string_827" HPOS="862" VPOS="1456" WIDTH="63" HEIGHT="16" WC="0.93" CONTENT="antagna"/><SP WIDTH="8" VPOS="1456" HPOS="925"/>
							<String ID="string_828" HPOS="933" VPOS="1455" WIDTH="23" HEIGHT="14" WC="0.91" CONTENT="be-"/>
						</TextLine>
						<TextLine ID="line_149" HPOS="509" VPOS="1471" WIDTH="447" HEIGHT="18">
							<String ID="string_829" HPOS="509" VPOS="1471" WIDTH="88" HEIGHT="14" WC="0.92" CONTENT="stämmelser"/><SP WIDTH="14" VPOS="1471" HPOS="597"/>
							<String ID="string_830" HPOS="611" VPOS="1473" WIDTH="20" HEIGHT="15" WC="0.96" CONTENT="(se"/><SP WIDTH="11" VPOS="1473" HPOS="631"/>
							<String ID="string_831" HPOS="642" VPOS="1472" WIDTH="101" HEIGHT="13" WC="0.93" CONTENT="ovannämnda"/><SP WIDTH="8" VPOS="1472" HPOS="743"/>
							<String ID="string_832" HPOS="751" VPOS="1472" WIDTH="133" HEIGHT="17" WC="0.91" CONTENT="riksdagsskrivelse"/><SP WIDTH="8" VPOS="1472" HPOS="884"/>
							<String ID="string_833" HPOS="892" VPOS="1477" WIDTH="17" HEIGHT="9" WC="0.96" CONTENT="nr"/><SP WIDTH="9" VPOS="1477" HPOS="909"/>
							<String ID="string_834" HPOS="918" VPOS="1473" WIDTH="38" HEIGHT="16" WC="0.96" CONTENT="384)."/>
						</TextLine>
					</TextBlock>
				</ComposedBlock>
				<ComposedBlock ID="cblock_26" HPOS="652" VPOS="1092" WIDTH="305" HEIGHT="14">
					<TextBlock ID="block_63" HPOS="652" VPOS="1092" WIDTH="305" HEIGHT="14">
						<TextLine ID="line_150" HPOS="652" VPOS="1092" WIDTH="305" HEIGHT="14">
							<String ID="string_835" HPOS="652" VPOS="1092" WIDTH="34" HEIGHT="12" WC="0.95" CONTENT="  "/><SP WIDTH="126" VPOS="1092" HPOS="686"/>
							<String ID="string_836" HPOS="812" VPOS="1093" WIDTH="145" HEIGHT="13" WC="0.95" CONTENT=" "/>
						</TextLine>
					</TextBlock>
				</ComposedBlock>
				<ComposedBlock ID="cblock_27" HPOS="507" VPOS="1182" WIDTH="15" HEIGHT="9">
					<TextBlock ID="block_64" HPOS="507" VPOS="1182" WIDTH="15" HEIGHT="9">
						<TextLine ID="line_151" HPOS="507" VPOS="1182" WIDTH="15" HEIGHT="9">
							<String ID="string_837" HPOS="507" VPOS="1182" WIDTH="15" HEIGHT="9" WC="0.95" CONTENT=" "/>
						</TextLine>
					</TextBlock>
				</ComposedBlock>
				<ComposedBlock ID="cblock_28" HPOS="496" VPOS="969" WIDTH="6" HEIGHT="536">
					<TextBlock ID="block_65" HPOS="496" VPOS="969" WIDTH="6" HEIGHT="536">
						<TextLine ID="line_152" HPOS="496" VPOS="969" WIDTH="6" HEIGHT="536">
							<String ID="string_838" HPOS="496" VPOS="969" WIDTH="6" HEIGHT="536" WC="0.95" CONTENT=" "/>
						</TextLine>
					</TextBlock>
				</ComposedBlock>
				<ComposedBlock ID="cblock_29" HPOS="38" VPOS="1488" WIDTH="111" HEIGHT="14">
					<TextBlock ID="block_66" HPOS="38" VPOS="1488" WIDTH="111" HEIGHT="14">
						<TextLine ID="line_153" HPOS="38" VPOS="1488" WIDTH="111" HEIGHT="14">
							<String ID="string_839" HPOS="38" VPOS="1488" WIDTH="28" HEIGHT="14" WC="0.96" CONTENT="den"/><SP WIDTH="8" VPOS="1488" HPOS="66"/>
							<String ID="string_840" HPOS="74" VPOS="1489" WIDTH="4" HEIGHT="13" WC="0.95" CONTENT="i"/><SP WIDTH="8" VPOS="1489" HPOS="78"/>
							<String ID="string_841" HPOS="86" VPOS="1488" WIDTH="37" HEIGHT="14" WC="0.83" CONTENT="Avd."/><SP WIDTH="9" VPOS="1488" HPOS="123"/>
							<String ID="string_842" HPOS="132" VPOS="1489" WIDTH="17" HEIGHT="13" WC="0.42" CONTENT="A,"/>
						</TextLine>
					</TextBlock>
				</ComposedBlock>
				<ComposedBlock ID="cblock_30" HPOS="509" VPOS="1488" WIDTH="447" HEIGHT="18">
					<TextBlock ID="block_67" HPOS="509" VPOS="1488" WIDTH="447" HEIGHT="18">
						<TextLine ID="line_154" HPOS="509" VPOS="1488" WIDTH="447" HEIGHT="18">
							<String ID="string_843" HPOS="509" VPOS="1488" WIDTH="71" HEIGHT="14" WC="0.93" CONTENT="Särskilda"/><SP WIDTH="10" VPOS="1488" HPOS="580"/>
							<String ID="string_844" HPOS="590" VPOS="1489" WIDTH="133" HEIGHT="17" WC="0.91" CONTENT="pensionsunderlag"/><SP WIDTH="11" VPOS="1489" HPOS="723"/>
							<String ID="string_845" HPOS="734" VPOS="1490" WIDTH="24" HEIGHT="13" WC="0.96" CONTENT="äro"/><SP WIDTH="10" VPOS="1490" HPOS="758"/>
							<String ID="string_846" HPOS="768" VPOS="1489" WIDTH="75" HEIGHT="14" WC="0.96" CONTENT="bestämda"/><SP WIDTH="8" VPOS="1489" HPOS="843"/>
							<String ID="string_847" HPOS="851" VPOS="1490" WIDTH="23" HEIGHT="13" WC="0.95" CONTENT="till"/><SP WIDTH="7" VPOS="1490" HPOS="874"/>
							<String ID="string_848" HPOS="881" VPOS="1490" WIDTH="75" HEIGHT="14" WC="0.96" CONTENT="enahanda"/>
						</TextLine>
					</TextBlock>
				</ComposedBlock>
				<ComposedBlock ID="cblock_31" HPOS="484" VPOS="1534" WIDTH="29" HEIGHT="13">
					<TextBlock ID="block_68" HPOS="484" VPOS="1534" WIDTH="29" HEIGHT="13">
						<TextLine ID="line_155" HPOS="484" VPOS="1534" WIDTH="29" HEIGHT="13">
							<String ID="string_849" HPOS="484" VPOS="1534" WIDTH="29" HEIGHT="13" WC="0.96" CONTENT="149"/>
						</TextLine>
					</TextBlock>
				</ComposedBlock>
			</PrintSpace>
		</Page>
	</Layout>
</alto>
