1085 1621
109 68 119 35 [142-144]

108 175 56 25 [142]

511 68 107 22 Riksdagen.

211 165 47 35 V.
287 165 233 43 Riksdagen,
547 165 90 33 dess
664 164 267 35 Ombudsmän

462 225 69 33 och
561 223 118 35 Verk.

265 290 134 35 Riksdagen.
562 298 2 20 I

123 334 67 15 Lagtima
203 334 57 15 riksdag
273 334 41 12 skall,
325 333 3 13 i
338 333 39 13 kraft
390 337 18 8 av
419 333 45 13 rikets
476 332 79 16 SR

106 350 41 15 form,
160 351 109 13 sammanträda
279 351 40 15 varje
329 351 15 12 år
354 350 27 13 den
393 354 15 8 10
416 350 58 16 januari
482 350 35 12 eller.
532 353 22 9 om
563 355 1 5 |

106 368 60 16 helgdag
176 368 17 12 då
203 368 73 14 inträffar,
286 368 44 15 dagen
341 367 69 13 därefter.
563 367 1 30 |

125 386 47 12 Första
186 386 84 11 kammarens
283 385 70 12 ledamöter
366 385 24 12 äro
404 388 25 12 150
442 384 25 13 och
480 384 45 15 väljas
535 383 20 13 för

106 406 24 9 sex
143 403 14 12 år
176 406 17 8 av
206 402 90 15 landstingen
309 402 25 12 och
347 402 47 12 städer
413 405 30 9 som
458 406 12 11 ej
485 401 56 15 deltaga
552 401 3 12 i

106 419 72 16 landsting.
198 420 25 11 och
240 420 43 14 väljes
294 419 2 12 i
308 423 39 11 varje
358 419 62 12 valkrets
428 419 36 11 efter
474 417 91 17 folkmängd
553 410 13 31 |

106 440 16 9 en
132 436 97 14 riksdagsman
240 436 20 12 för
269 438 31 10 vart
310 436 32 12 fullt
352 436 23 14 tal,
386 435 100 13 motsvarande
499 435 28 15 1/59
538 438 17 9 av
564 438 1 12 |

105 454 44 12 rikets
162 453 82 15 folkmängd.
273 453 83 12 Kammaren
371 453 56 13 förnyas
435 452 30 13 med
477 456 16 9 en
506 451 59 14 sjätte-
554 444 12 31 |

106 470 22 13 del
141 471 38 15 varje
193 471 14 12 år
232 474 33 11 1920
274 470 38 15 välja
324 470 95 15 Norrköpings
433 470 35 13 stad,
486 470 70 11 Kristian-

106 488 40 12 stads
173 492 12 10 län,
198 486 76 17 Älvsborgs
294 488 26 13 län,
343 487 97 16 Kopparbergs
450 487 22 12 län
489 486 67 13 Norrbot-

107 506 32 11 tens
148 505 18 12 län;
191 509 31 11 1921
234 505 89 12 Stockholms
333 504 31 12 stad
381 504 86 15 Jönköpings
477 504 21 12 län.
515 503 40 12 Gott-

106 522 42 12 lands
162 522 26 14 län,
205 522 110 12 Västmanlands
327 522 26 12 län,
364 522 108 11 Västerbottens
483 522 27 12 län;
523 524 32 9 1022

106 539 92 13 Stockholms
208 539 27 14 län,
247 539 67 15 Blekinge
324 539 22 12 län.
363 539 51 12 Malmö
423 539 32 11 stad
470 538 96 15 Skaraborgs
555 530 12 31 |

107 556 27 14 län,
149 556 87 14 Gävleborgs
251 556 21 12 län
290 558 38 10 utom
343 556 44 12 Gävle
401 555 37 15 stad;
450 559 32 11 1923
493 555 63 16 Uppsala

106 573 28 14 län,
153 573 58 12 Kalmar
227 573 41 12 södra
283 572 137 15 landstingsområde,
440 572 79 13 Malmöhus
534 572 22 12 län

106 591 41 10 utom
161 589 66 12 städerna
242 590 51 11 Malmö
306 590 25 11 och
347 589 98 15 Hälsingborg,
456 589 101 14 Hälsingborgs

106 605 37 13 stad,
159 606 78 12 Göteborgs
247 606 31 11 stad.
299 605 78 13 Jämtlands
387 606 28 13 län;
426 608 30 12 1924
471 605 85 12 Söderman-

107 622 41 13 lands
165 623 27 13 län,
208 622 58 13 Kalmar
281 626 41 9 norra
332 622 139 15 landstingsområde.
487 621 70 13 Hallands

107 640 29 14 län,
152 638 55 14 Örebro
222 640 27 14 län,
264 640 127 12 Västernorrlands
401 640 28 15 län;
442 643 32 11 1925
484 638 72 15 Östergöt-

107 657 40 12 lands
163 658 22 10 län
202 659 39 9 utom
259 656 95 15 Norrköpings
370 656 31 12 stad
427 656 86 14 Kronobergs
529 656 21 11 län

107 673 79 14 Göteborgs
200 674 25 11 och
237 673 46 12 Bohus
294 674 21 11 län
328 676 38 9 utom
378 673 78 14 Göteborgs
469 673 31 11 stad
512 672 45 12 Gävle

107 690 32 12 stad
157 690 83 12 Värmlands
252 692 27 10 län.
302 690 26 11 Det
343 690 38 12 antal
392 690 16 12 de
418 690 67 12 särskilda
496 690 61 11 valkret-

107 710 41 9 sarna
161 707 38 12 skola
213 709 30 10 utse
256 707 85 11 bestämmes
353 708 43 14 enligt
406 706 101 12 ovannämnda
517 710 40 8 norm

107 728 18 8 av
136 723 78 15 Konungen
227 725 30 10 vart
272 728 28 7 to:e
312 724 14 11 år
339 723 18 12 (K.
375 724 37 15 kung.
427 724 48 11 härom
484 724 17 14 5/s
513 717 53 27 1914).
557 712 10 36 |

108 741 70 12 Ledamot
194 744 17 8 av
226 740 49 13 Första
286 740 83 12 kammaren
385 744 30 8 som
425 740 30 12 icke
466 741 14 11 är
491 740 47 12 bosatt
548 740 7 12 å
565 750 1 4 |

106 759 26 12 ort,
148 758 26 11 där
188 761 5 8 ri
238 761 7 11 g
260 758 44 11 hålles,
323 758 65 14 åtnjuter
400 765 3 4 av
428 757 83 12 statsmedel
511 751 45 31 rese-
565 755 1 23 |

106 774 63 13 kostnad
179 774 21 12 till
209 778 16 8 och
245 774 30 12 från
287 774 75 15 riksdagen
372 776 37 10 samt
420 774 2 11 i
430 774 126 15 dagtraktamente
565 779 1 11 |

106 794 16 9 20
132 792 27 13 kr.,
170 791 44 13 vilket
225 791 126 16 dagtraktamente
361 795 12 11 ej
380 791 20 12 får
408 794 71 12 överstiga
486 791 80 18 samman-
555 782 12 31 |

105 808 28 16 lagt
146 811 38 12 2.400
195 809 20 11 kr.
234 809 51 11 Annan
295 808 63 12 ledamot
369 812 17 8 av
396 808 83 12 kammaren
491 808 52 12 undfår
553 807 3 12 i
565 813 1 7 |

106 825 127 16 dagtraktamente
249 828 14 12 15
276 826 21 11 kr.,
315 825 35 12 duck
360 825 95 15 sammanlagt
466 825 39 15 högst
518 825 38 11 1,800

106 842 21 13 kr.
146 842 75 15 Därjämte
236 843 32 15 äger
282 842 104 13 riksdagsman,
400 846 30 9 som
442 842 45 12 under
498 842 58 15 lagtima

105 859 57 16 riksdag
177 859 35 12 efter
226 859 63 15 beviljad
303 859 62 13 ledighet
376 859 59 12 besöker
445 859 73 12 hemorten.
534 861 21 10 att

106 880 18 8 av
138 877 84 11 statsmedel
236 876 44 12 undfå
294 879 81 13 ersättning
390 876 21 12 för
424 876 44 12 därav
481 876 75 12 föranledd

104 894 79 12 resekostnad,
219 893 35 12 dock
269 893 21 12 för
304 893 41 16 högst
360 896 6 9 2
380 897 38 8 resor
432 893 36 12 fram
482 893 25 12 och
520 893 37 12 åter.

107 910 60 13 Valbara
179 914 24 8 äro
214 914 31 8 män,
263 914 28 8 som
305 910 30 12 fyllt
350 914 13 11 35
374 910 14 12 år
396 913 35 9 samt
443 914 25 9 äga
478 910 26 12 och
513 912 43 10 minst

106 931 7 12 3
122 928 14 12 år
144 927 30 13 före
184 928 38 12 valet
234 930 22 13 ägt
266 927 67 15 fastighet
348 927 141 13 taxeringsvärderad
502 927 21 12 till
536 927 20 12 åt-

106 945 71 12 minstone
192 948 47 9 50.000
253 944 15 12 kr..
292 945 33 11 eller
339 944 45 13 under
394 944 42 15 sagda
447 944 21 12 tid
478 944 21 12 till
507 946 58 16 staten
555 935 12 31 |

106 961 54 12 skattat
171 961 20 12 för
200 961 61 12 inkomst
272 964 16 9 av
299 964 40 9 minst
353 965 36 10 3.000
399 962 50 11 kronor
564 963 1 5 I

125 978 47 13 Andra
183 979 84 11 kammarens
276 978 71 12 ledamöter
358 979 23 11 äro
392 982 14 10 230,
432 978 40 12 valda
484 978 20 12 för
516 978 39 12 tiden

106 995 21 13 till
135 999 17 8 en
160 995 100 16 treårsperiods
268 996 28 11 slut
304 995 7 7 "
324 995 24 12 För
357 995 40 12 dessa
416 996 12 11 val
436 999 14 8 är
458 995 33 12 riket
501 995 54 12 indelat

107 1012 3 12 i
128 1013 77 11 valkretsar,
228 1016 29 8 som
275 1013 37 14 välja
330 1014 44 10 minst
391 1016 5 10 3
413 1013 96 12 riksdagsmän
527 1016 30 8 var.

107 1029 42 15 Varje
161 1030 61 11 valkrets
231 1029 34 12 skall
274 1030 40 11 alltså
324 1030 16 10 ha
350 1033 15 7 en
375 1029 81 13 folkmängd
470 1033 21 8 som
508 1029 3 12 i
520 1029 37 14 regel

107 1048 41 13 utgör
165 1046 29 15 3,7,
208 1049 17 8 av
242 1046 42 12 rikets
297 1046 98 12 invånarantal.
424 1046 34 12 Stad
478 1050 30 8 vars
522 1046 34 12 folk-

107 1063 51 15 mängd
172 1065 40 13 ntgör
225 1065 41 10 minst
278 1062 29 15 32,
315 1067 17 8 av
343 1063 43 12 rikets
398 1063 100 12 invånarantal
512 1063 45 12 bildar

107 1080 88 15 följakthgen
208 1084 33 11 egen,
254 1080 62 12 valkrets.
342 1080 38 12 Dock
397 1080 21 12 må
431 1080 34 13 stad,
479 1084 31 8 vars
523 1080 34 12 folk-

107 1097 52 14 mängd
172 1097 39 12 uteör
225 1098 41 10 minst
279 1096 29 15 $/>
318 1101 13 7 av
344 1097 42 12 rikets
394 1097 99 12 invånarantal
509 1097 48 11 kunna

107 1113 38 12 delas
159 1114 3 11 i
173 1114 77 11 valkretsar
276 1113 56 16 Uppgår
343 1113 105 15 sammanlagda
459 1114 52 11 antalet
523 1114 33 11 riks-

107 1130 67 13 dagsmän,
189 1134 30 9 som
231 1130 59 12 sålunda
300 1133 41 11 utses,
352 1131 29 11 icke
391 1131 20 11 till
422 1134 24 11 230,
460 1131 34 12 skall
504 1132 20 10 ett
535 1130 22 12 be-

107 1147 53 14 bövligt
172 1148 37 12 antal
220 1151 17 8 av
248 1147 16 12 de
275 1148 81 12 folkrikaste
366 1148 96 11 valkretsarna
469 1148 37 12 välja
514 1150 42 10 ytter-

106 1165 43 14 ligare
163 1168 16 8 en
195 1164 94 15 riksdagsman
305 1169 23 7 var
359 1164 25 12 Det
399 1165 38 11 antal
455 1164 100 15 riksdagsmän,

107 1181 39 15 varje
157 1182 62 11 valkrets
230 1185 29 10 äger
272 1184 31 9 utse,
319 1181 77 12 fastställes
407 1181 21 12 för
439 1181 39 15 varje
490 1182 67 15 treårspe-

106 1198 30 13 riod
148 1202 16 8 av
178 1198 76 13 Konungen

126 1215 48 12 Andra
186 1216 89 11 kammarens
285 1215 77 12 ledamöter
374 1216 57 15 åtnjuta
442 1219 53 8 samma
506 1215 50 12 ersätt-

107 1233 34 14 ning
149 1236 29 8 som
189 1232 47 12 Första
246 1233 89 11 kammarens
351 1239 12 2 —
374 1232 54 12 Valrätt
439 1233 84 11 tillkommer
533 1236 23 8 en-

108 1253 24 8 var
146 1249 49 11 svensk
208 1253 31 8 man
251 1249 16 12 fr.
277 1253 8 8 o.
301 1253 13 8 m.
330 1249 97 12 kalenderåret
439 1250 31 11 näst
482 1249 34 12 efter
528 1248 27 14 det,

108 1266 70 12 varunder
190 1266 27 12 han
230 1266 30 12 fyllt
273 1270 14 11 24
295 1266 22 12 års
326 1266 38 12 ålder.
380 1266 35 12 dock
425 1270 12 10 ej
448 1266 26 12 den
490 1270 31 8 som
527 1266 29 12 står

108 1283 45 12 under
167 1283 121 16 förmynderskap
300 1284 34 11 eller
348 1287 15 9 är
375 1283 3 12 i
392 1283 130 13 konkurstillstånd
542 1283 13 15 ej

108 1300 45 13 heller
166 1300 27 12 den,
213 1304 30 8 sum
258 1300 48 12 häftar
320 1301 20 12 för
355 1300 82 13 understöd,
452 1301 44 12 vilket
511 1300 55 18 under
553 1291 13 31 |

108 1317 60 16 löpande
177 1317 34 12 eller
220 1317 96 12 sistförflutna
327 1318 99 12 kalenderåret
437 1322 17 8 av
464 1317 93 15 fattigvårds-

108 1335 68 12 samhälle
195 1334 68 13 tilldelats
282 1335 51 12 honom
348 1336 37 13 själv,
407 1335 35 12 hans
458 1335 49 12 hustru
522 1335 34 12 eller

107 1352 96 15 minderåriga
213 1352 39 12 barn,
263 1352 34 12 eller
307 1352 32 13 den,
350 1356 28 7 som
388 1352 29 12 icke
427 1353 42 13 erlagt
480 1352 16 12 de
504 1352 52 12 honom

109 1369 58 15 påförda
181 1369 71 12 utskylder
265 1370 20 11 till
297 1371 12 10 stat
353 1369 7 11 och
373 1370 66 11 kommun.
453 1369 36 12 vilka
499 1369 67 12 förfallit
556 1360 13 30 |

108 1386 20 12 till
138 1386 71 13 betalning
218 1386 44 11 under
269 1385 16 12 de
294 1389 5 10 3
306 1386 96 12 sistförflutna
410 1385 101 13 kalenderåren.
523 1386 33 12 eller

109 1403 89 15 värnpliktig,
216 1406 31 9 som
260 1403 29 12 icke
300 1403 63 14 fullgjort
373 1403 17 12 de
401 1403 51 12 honom
463 1405 10 10 t.
483 1407 13 8 o.
506 1406 13 9 m
535 1405 22 10 ut-

109 1420 56 16 gången
180 1424 17 8 av
210 1420 99 13 sistförflutna
321 1420 100 13 kalenderåret
430 1420 75 16 åliggande
515 1420 42 13 värn-

128 1460 6 7 +
145 1460 35 12 Från
190 1460 26 12 och
226 1459 58 13 med-de
294 1459 71 13 allmänna
375 1459 40 13 valen
425 1459 4 12 i
436 1459 80 16 september
523 1453 42 22 1920
552 1449 16 31 |

110 1476 46 16 väljas
164 1477 90 12 kammarens
262 1476 78 13 ledamöter
348 1476 22 13 för
379 1481 17 8 en
406 1476 21 13 tid
436 1481 17 8 av
463 1476 31 17 fyra
502 1477 21 12 år.

573 292 120 16 pliktsövningar,
707 292 34 13 eller
754 292 33 15 den,
801 296 31 9 som
841 293 15 12 är
868 292 32 14 från
910 293 72 12 valrätten
992 294 32 12 ute-

571 310 48 12 sluten
632 310 17 15 på
659 310 46 15 grund
715 314 18 8 av
743 310 52 13 honom
806 310 52 13 ådömd
866 310 106 16 straftpåföljd.
990 310 33 13 Val-

573 327 24 12 bar
612 330 14 9 är
641 331 31 8 man,
692 331 29 8 som
736 328 31 13 äger
782 328 51 11 valrätt
848 331 38 9 inom
897 328 78 11 valkretsen
986 327 37 15 eller,

572 344 24 12 där
608 345 38 14 tråga
657 345 14 11 är
682 348 23 8 om
716 346 32 10 stad,
766 348 30 8 som
808 345 45 11 består
864 348 18 9 av
893 345 34 12 flera
940 345 84 14 valkretsar,

572 364 38 9 inom
621 361 45 15 någon
676 365 18 8 av
704 361 45 12 dessa,

590 378 27 12 Till
632 378 37 13 båda
683 378 77 13 kamrarna
773 378 25 13 ske
812 379 41 12 valen
867 378 32 13 med
913 378 112 16 proportionellt

563 399 1 3 |
573 396 54 11 valsätt.

590 413 76 11 Allmänna
676 412 22 12 val
708 412 22 12 till
740 411 48 13 Andra
799 412 81 12 kammaren
890 412 53 13 skedde
952 413 50 12 senast
1007 412 16 13 år

575 432 37 13 19.7,
623 428 39 13 vilka
672 428 23 13 val
705 429 36 16 gälla
751 428 21 13 för
782 429 67 16 perioden
861 429 93 16 1918—1920.

703 475 67 17 Första
783 475 114 18 kammaren,

708 522 115 19 Stockholms
837 523 49 19 stad.

575 561 100 17 Magnusson,
693 559 62 16 Gustaf
768 560 84 18 Gerhard,
866 561 133 17 Bankdirektör,
1012 561 11 15 f.

596 582 27 15 72;
640 582 18 15 19
670 583 42 16 (adr.
726 583 113 18 Stockholm).

575 605 71 17 Trygger,
660 605 55 16 Ernst,
729 605 22 13 fd.
766 605 101 17 Justitieråd
881 606 52 17 [930],
946 605 10 14 f.
966 603 27 19 57;
1004 604 20 15 19

598 628 41 14 (adr.
653 627 115 17 Stockholm).

575 649 79 17 Klefbeck,
680 650 41 14 Ernst
736 650 64 16 Alarik,
814 650 79 18 Kyrkoh.
906 651 51 17 [713],
972 650 11 14 f.
996 648 27 19 66;

600 671 19 14 19
631 672 41 16 (adr.
686 672 108 17 Stockholm).

575 694 78 17 Stendahl,
671 694 47 16 Sten,
738 694 110 15 Grosshandl.

597 717 42 16 (adr.
653 716 117 19 Stockholm).

575 739 68 17 Lindley,
656 739 37 14 Carl
708 739 66 15 Gustaf,
784 739 28 14 Sv.
822 739 202 18 transportarbetareför-

597 761 76 14 bundets
694 762 146 17 förtroendeman,
861 762 11 14 f.
892 760 27 19 65;
941 760 21 16 19
981 761 43 18 (adr.

597 784 114 18 Stockholm).

576 806 80 17 Berglund,
676 806 31 18 Jan
726 806 47 17 Erik,
794 806 69 17 Kassör,
882 806 10 15 f.
906 804 27 19 64;
948 805 21 16 19
981 806 42 19 (adr.

599 829 92 18 Enskede).

575 848 68 21 Östberg,
660 852 60 17 Johan,
737 851 22 14 fd.
774 851 160 15 Kammarrättsråd
947 851 52 19 [876],
1012 851 11 15 f.

601 878 17 10 55;
640 872 18 16 19
670 874 41 17 (adr.
726 874 113 18 Stockholm).

576 896 84 17 Romanus,
679 896 38 14 Carl
728 909 2 2 .
734 896 98 15 Bernhard.
848 896 12 15 J.
873 901 16 9 o.
902 896 32 14 Fil.
948 896 28 17 K.,
989 896 34 15 Ad-

597 920 57 13 vokat.
669 919 9 14 f.
692 917 27 18 76;
734 917 20 16 19
767 919 41 16 (adr.
822 919 114 18 Stockholm).

574 942 57 15 Lamm,
651 941 76 15 Herman
748 942 77 17 Fredrik,
842 942 116 17 Grosshandl.,
971 942 11 14 f.
996 939 27 20 53;

600 964 18 14 19
630 964 41 17 (adr.
686 964 113 18 Stockholm).

574 987 72 17 Larsson,
665 987 53 14 Oscar
738 987 62 16 Edvin,
816 986 143 18 Folkskollärare,
973 986 10 15 f.
996 984 28 19 80;

598 1009 20 15 19
630 1010 42 18 (adr.
685 1010 116 17 Stockholm).

867 695 51 18 [950],
938 694 10 15 f.
961 692 27 19 76;
1002 692 22 16 19

576 1059 55 34 [143]
715 1067 116 19 Stockholms
846 1067 38 19 län.

577 1104 57 17 Möller,
648 1104 46 15 Fritz
711 1104 71 15 Gustav,
796 1105 163 16 Partisekreterare,
972 1105 10 14 f.
995 1102 28 19 84;

600 1126 20 15 19
632 1127 41 16 (adr.
687 1127 115 18 Stockholm).

576 1150 103 18 Lagerbjelke,
698 1150 54 18 Johan
773 1150 66 15 Gustaf,
859 1150 61 17 Greve,
936 1150 88 19 Byråchef

598 1174 50 17 [121],
661 1173 10 13 f.
684 1171 27 17 60;
728 1171 19 16 19
758 1173 42 18 (adr.
815 1171 70 20 Älvsjö).

576 1195 52 17 Berge,
647 1195 37 14 Nils
703 1195 56 16 Adolf,
779 1195 141 16 Folkskollärare,
934 1195 10 15 f.
963 1193 26 19 69;
1002 1193 23 17 20

598 1218 41 17 (adr.
654 1218 105 17 Hagalund).

575 1241 56 17 Borell,
651 1241 40 14 Karl
710 1240 62 15 Gustaf
789 1240 86 16 Theodor,
889 1240 70 15 Hhövd.
972 1241 52 18 [216],

597 1263 10 14 f.
621 1261 26 16 69:
662 1262 20 15 19
694 1263 42 15 (adr.
750 1263 179 17 Saltsjö-Storängen).

576 1286 85 15 Petersson,
676 1286 31 14 Per
720 1286 65 16 Alfred,
799 1286 78 15 Statsråd
891 1287 39 18 [57].
944 1286 11 14 f.
964 1284 27 19 60;
1002 1284 21 16 19

597 1309 36 16 (adr.
652 1309 113 17 Stockholm).

576 1331 96 17 Bäckström,
686 1332 53 17 Helge
755 1331 73 16 Mattias,
842 1331 22 14 fd.
872 1327 92 27 Professor
965 1327 59 27 [721],

597 1355 10 13 f,
621 1353 26 18 65;
662 1353 20 15 19
694 1354 42 19 (adr.
749 1354 113 18 Djursholm).

575 1403 55 38 [144]
733 1412 85 23 Uppsala
833 1411 37 19 län.

575 1449 114 16 Reuterskiöld,
708 1448 37 15 Carl
760 1449 67 16 Ludvig
842 1449 65 18 August
920 1448 50 17 Axel,
984 1448 39 16 Pro-

596 1472 54 14 fessor
662 1472 51 18 [716],
726 1472 11 14 f.
749 1470 28 19 70;
790 1470 22 16 19
823 1472 42 19 (adr.
879 1471 88 19 Uppsala).

549 1519 31 14 130
