1250 1884
556 41 117 25 Riksdagen

1114 41 65 19 7—=70

43 243 13 28 I
145 242 180 38 Riksdagen

42 323 11 23 1
125 332 27 14 100
162 332 16 14 12
186 332 98 15 Stockholm.
291 332 32 15 Tel.
330 332 58 15 08-786
394 332 20 14 40
420 332 24 14 00.

44 362 151 20 Regeringsformen
213 363 31 15 den
262 363 19 15 28
300 363 38 15 febr.
358 363 39 15 1974
414 363 26 18 (nr
460 363 34 17 152;
512 362 79 19 omtryckt

45 385 44 15 1982:
96 385 37 17 940;
143 385 62 15 ändrad
214 388 52 12 senast
277 385 44 15 1982:
328 386 41 18 940).
380 385 170 19 Riksdagsordningen
560 385 31 15 den

43 408 18 14 28
76 407 39 15 febr.
133 408 37 14 1974
184 408 25 18 (nr
225 408 34 16 153;
274 407 79 19 omtryckt
370 407 77 17 1983:86;
462 407 62 15 ändrad
538 410 53 12 senast

45 430 44 15 1983:
99 430 49 18 1060).
165 429 56 20 Vallag
237 429 31 15 den
285 430 8 14 8
310 429 33 15 dec.
363 429 37 15 1972
417 430 25 18 (nr
459 429 36 17 620;
512 429 79 19 omtryckt

45 452 44 15 1982:
99 452 35 17 146;
141 452 62 15 ändrad
211 455 52 12 senast
273 452 43 15 1982:
323 452 41 18 411).

44 496 92 20 Riksdagen
142 497 17 14 är
164 496 26 16 det
196 496 65 15 främsta
267 496 124 19 representativa
396 498 106 17 statsorganet
508 496 25 15 för
538 500 53 11 svens-

43 519 20 15 ka
69 519 55 15 folket.
131 519 91 19 Riksdagen
228 518 51 16 stiftar
285 519 30 19 lag,
321 519 70 15 beslutar
396 523 27 10 om
429 519 41 14 skatt
476 518 22 15 till
504 521 51 12 staten
561 518 30 15 och

43 541 97 15 bestämmer
147 541 29 15 hur
183 544 59 12 statens
250 541 50 15 medel
308 541 40 15 skall
355 541 89 15 användas.

65 563 92 20 Riksdagen
165 564 52 14 består
224 568 19 10 av
251 564 29 14 349
288 563 93 18 ledamöter,
389 563 48 15 valda
444 563 52 15 direkt
503 567 19 10 av
530 563 50 15 folket
587 563 4 14 i

43 586 83 15 allmänna
133 586 30 15 val.
170 585 85 16 Ordinarie
262 585 97 19 riksdagsval
367 586 37 18 äger
410 590 34 10 rum
452 588 33 12 vart
492 585 50 19 tredje
548 585 17 15 år
572 585 20 19 på

43 608 50 19 tredje
101 608 83 19 söndagen
192 608 4 15 i
204 608 90 19 september
301 608 64 15 månad.
373 608 87 14 Allmänna
468 607 25 15 val
501 607 22 15 till
532 607 60 15 riksda-

43 635 30 15 gen
83 630 41 19 ägde
133 633 52 12 senast
194 635 34 10 rum
238 630 31 15 den
281 630 16 15 19
306 630 90 19 september
407 630 38 15 1982
454 630 30 15 och
494 634 45 10 avser
548 630 43 14 tiden

44 652 40 16 intill
94 653 36 15 dess
139 657 19 11 en
168 653 58 18 nyvald
236 652 64 19 riksdag
308 652 59 15 samlas
376 652 39 15 efter
424 652 98 19 riksdagsval
532 652 31 15 den
576 652 15 15 15

43 675 91 19 september
144 675 41 15 1985.

66 697 91 19 Riksdagen
166 697 127 15 sammanträder
301 697 22 14 till
333 696 65 20 lagtima
406 696 82 18 riksmöte,
497 696 39 15 efter
544 696 47 19 nyval

44 720 20 18 på
72 719 84 15 femtonde
164 719 51 19 dagen
223 719 39 15 efter
270 719 46 18 valet,
324 719 30 15 och
362 718 55 19 övriga
425 719 17 14 år
450 718 49 15 första
507 718 72 19 tisdagen
588 718 3 15 i

44 741 68 16 oktober
119 741 64 15 månad.
191 741 71 19 Lagtima
269 741 75 15 riksmöte
351 741 40 15 skall
399 741 69 15 avslutas
475 743 53 13 senast
535 741 31 14 den
573 741 17 14 31

44 764 31 19 maj
82 763 73 20 följande
161 764 17 14 år
183 768 36 11 men
226 763 30 15 kan
263 768 26 10 om
295 763 91 19 synnerliga
391 763 34 15 skäl
432 763 84 19 föreligger
522 763 70 19 förläng-

44 791 17 10 as
67 786 23 15 till
97 786 31 15 den
138 786 16 15 15
159 786 40 19 juni.
207 786 55 15 Under
268 786 22 15 tid
297 786 20 15 då
324 786 65 19 lagtima
396 785 64 20 riksdag
466 785 33 15 inte
505 786 49 18 pågår
561 785 30 15 kan

44 809 85 19 riksdagen
137 809 58 14 samlas
202 808 23 15 till
232 808 58 15 urtima
297 808 68 19 riksdag.

65 831 24 15 Av
99 831 20 15 de
127 831 30 15 349
166 830 160 20 riksdagsmandaten
336 831 16 14 är
361 830 30 15 310
400 830 41 15 fasta
450 830 142 18 valkretsmandat,

44 853 43 15 vilka
98 853 71 15 fördelas
180 853 58 15 mellan
250 853 58 19 partier
318 853 20 18 på
349 852 79 19 grundval
439 857 19 10 av
470 852 107 15 valresultatet
588 852 4 15 i

44 875 43 19 varje
98 875 73 15 valkrets.
182 875 64 15 Antalet
257 875 40 15 fasta
308 875 137 15 valkretsmandat
455 874 4 15 i
471 874 42 19 varje
524 874 68 15 valkrets

44 898 76 15 fastställs
127 902 19 11 av
154 897 137 16 riksskatteverket
298 897 25 15 för
330 900 22 12 tre
359 897 17 15 år
383 897 4 15 i
394 897 59 15 sänder
460 897 20 19 på
487 897 78 19 grundval
573 901 19 11 av

44 925 19 10 en
72 920 89 19 beräkning
170 924 18 11 av
197 920 107 15 förhållandet
313 920 58 14 mellan
380 919 60 15 antalet
448 919 132 19 röstberättigade
588 919 4 15 i

44 942 90 15 valkretsen
144 942 30 15 och
183 942 59 15 antalet
252 942 131 19 röstberättigade
393 941 3 15 i
406 941 36 15 hela
451 941 40 15 riket
500 941 48 19 enligt
558 942 34 14 när-

44 969 44 10 mare
94 964 98 15 föreskrifter
197 964 4 15 i
207 964 77 19 vallagen.
290 961 59 22 Övriga
355 964 66 15 mandat
426 965 17 13 är
449 963 143 19 utjämningsman-

44 987 33 18 dat,
83 987 43 15 vilka
132 986 39 16 först
177 986 70 15 fördelas
253 986 58 15 mellan
318 986 58 19 partier
382 986 20 19 på
408 986 78 19 grundval
493 990 18 10 av
518 986 74 15 valresul-

44 1012 38 12 tatet
94 1009 3 15 i
109 1009 35 15 hela
156 1009 39 15 riket
206 1009 30 15 och
248 1008 69 15 därefter
327 1008 67 15 tillföres
405 1008 92 15 valkretsar.
510 1008 29 15 För
550 1008 43 19 varje

45 1031 66 15 mandat
120 1036 35 10 som
165 1031 39 19 parti
214 1031 29 15 fått
252 1033 42 13 utses
303 1031 4 14 i
317 1030 122 15 vederbörande
448 1030 68 15 valkrets
525 1035 19 10 en
555 1030 37 15 riks-

44 1053 112 19 dagsledamot
163 1053 49 19 enligt
218 1053 99 15 föreskrifter
323 1057 34 11 som
365 1052 83 15 meddelas
455 1052 3 15 i
466 1052 78 19 vallagen.
552 1052 40 15 Parti

44 1080 35 11 som
86 1076 29 14 har
120 1075 29 16 fått
156 1075 62 15 mindre
224 1076 20 14 än
251 1075 34 19 fyra
291 1077 66 17 procent
364 1080 19 10 av
389 1075 27 15 det
421 1075 50 15 totala
478 1075 59 14 antalet
543 1075 50 14 röster

45 1098 3 15 i
59 1098 36 15 hela
105 1098 40 15 riket
155 1097 24 15 får
189 1097 31 15 inte
230 1098 43 14 delta
283 1097 3 15 i
297 1097 186 19 mandatfördelningen.
495 1097 56 14 Partiet
562 1097 30 14 kan

44 1120 43 15 dock
93 1120 16 15 få
116 1120 66 15 mandat
188 1120 3 14 i
198 1120 68 15 valkrets
272 1119 29 15 där
307 1119 26 15 det
339 1119 28 15 har
373 1119 29 15 fått
408 1119 48 15 minst
462 1119 32 15 tolv
501 1122 66 16 procent
574 1124 18 10 av

45 1143 76 14 rösterna.

66 1164 216 20 Riksdagsmannauppdrag
289 1164 31 15 kan
328 1165 57 14 utövas
392 1164 57 15 endast
457 1168 19 10 av
484 1163 57 15 svensk
549 1163 44 15 med-

44 1187 68 19 borgare
120 1191 34 11 som
163 1188 17 14 är
188 1187 66 19 myndig
262 1187 30 15 och
300 1186 81 19 upptagits
389 1186 4 15 i
402 1186 82 19 röstlängd
492 1186 53 15 såsom
554 1187 39 14 röst-

44 1209 94 19 berättigad.
148 1209 55 15 Under
210 1209 23 15 tid
242 1209 20 14 då
271 1209 70 15 ledamot
349 1209 17 14 är
374 1208 60 15 talman
443 1208 38 15 eller
489 1208 54 15 tillhör
551 1212 42 15 rege-

45 1231 55 19 ringen
107 1232 56 15 utövas
170 1231 39 15 hans
215 1231 74 19 uppdrag
294 1235 35 11 som
336 1231 71 15 ledamot
413 1235 19 10 av
438 1231 79 14 ersättare.
525 1230 68 15 Ersätta-

45 1258 16 11 re
69 1254 68 15 inkallas
145 1254 48 15 också
202 1258 26 11 om
237 1258 19 10 en
264 1253 71 15 ledamot
343 1254 17 14 är
368 1253 42 19 ledig
418 1253 51 15 under
477 1253 48 15 minst
533 1257 19 10 en
561 1253 32 14 må-

45 1276 37 15 nad.

65 1297 104 15 Beträffande
178 1297 152 19 riksdagsledamots
339 1296 88 18 ersättning
436 1296 28 14 har
472 1296 121 14 bestämmelser

44 1322 53 13 senast
107 1319 46 19 givits
164 1319 4 15 i
179 1318 152 20 ersättningsstadga
341 1318 31 15 den
386 1318 16 14 17
414 1317 34 15 dec.
461 1317 35 15 1971
509 1317 25 18 (nr
547 1317 45 17 1197;

44 1341 79 20 omtryckt
137 1341 86 18 1980:870,
235 1340 61 16 ändrad
310 1341 44 14 1982:
364 1340 37 15 1197
413 1340 31 15 och
458 1340 44 15 1983:
511 1340 45 18 1119)
568 1339 25 15 för

44 1364 94 19 riksdagens
148 1363 92 16 ledamöter.
251 1363 64 15 Arvode
325 1363 45 18 utgår
380 1362 37 15 med
427 1362 61 19 belopp
498 1361 25 15 för
532 1361 60 15 månad

44 1391 35 10 som
86 1388 89 13 motsvarar
182 1385 48 15 lönen
236 1385 23 15 till
266 1385 135 19 statstjänsteman
408 1384 4 15 i
419 1384 78 19 lönegrad
504 1384 11 14 F
521 1384 24 15 25.
553 1384 39 14 Där-

43 1408 22 14 till
72 1407 98 15 tillkommer
176 1406 165 20 kostnadsersättning
347 1411 35 10 som
389 1407 45 18 utgår
441 1406 36 15 med
484 1406 60 19 belopp
551 1409 40 12 mot-

43 1429 79 16 svarande
131 1429 25 15 för
164 1429 17 15 år
190 1429 55 15 räknat
254 1429 19 15 70
279 1429 15 14 260
302 1433 19 10 av
329 1429 27 14 det
364 1428 27 15 vid
400 1429 40 14 årets
449 1428 59 19 ingång
516 1428 75 19 gällande

43 1451 106 19 basbeloppet
159 1451 48 19 enligt
216 1451 46 19 lagen
271 1455 26 11 om
307 1451 59 14 allmän
376 1450 95 19 försäkring.
481 1450 29 15 Till
520 1450 71 15 ledamot

43 1478 35 11 som
86 1473 14 19 ej
108 1474 17 14 är
132 1473 89 19 berättigad
228 1473 23 15 till
259 1473 105 15 traktamente
372 1473 46 18 utgår
425 1472 166 19 kostnadsersättning

43 1496 37 15 med
87 1496 60 19 belopp
154 1500 34 11 som
195 1498 88 12 motsvarar
290 1495 31 15 helt
328 1495 94 19 basbelopp.
430 1494 46 16 Såväl
483 1494 67 15 arvodet
556 1499 35 10 som

43 1518 187 19 kostnadsersättningen
236 1518 18 14 är
259 1517 108 19 skattepliktig
373 1517 75 15 inkomst.
456 1517 95 15 Ledamöter
556 1521 35 11 som

44 1542 17 14 är
70 1541 63 14 bosatta
143 1540 65 15 utanför
217 1539 177 16 Stockholmsområdet
403 1539 25 15 får
437 1539 106 15 traktamente
552 1538 40 16 efter

43 1562 64 20 statliga
116 1567 68 11 normer.
194 1562 151 19 Riksdagsledamot
354 1562 37 19 äger
401 1562 20 18 på
430 1561 27 15 det
466 1561 90 15 allmännas
566 1561 25 15 be-

44 1585 69 15 kostnad
121 1584 71 20 företaga
200 1589 47 10 resor.

67 1608 93 15 Utskottens
169 1608 99 15 ordförande
276 1608 30 15 och
315 1607 34 15 vice
357 1607 100 15 ordförande
466 1607 87 18 redovisas,
562 1607 31 15 för-

45 1633 45 13 utom
99 1630 4 15 i
112 1630 120 15 nedanstående
241 1630 101 19 förteckning
350 1630 39 15 över
397 1629 94 19 riksdagens
500 1629 93 18 ledamöter,

45 1654 41 14 även
94 1653 52 15 under
154 1652 35 16 avd.
198 1657 19 10 nr
224 1653 15 15 8.
248 1652 129 15 Statskalendern
387 1651 82 16 redovisar
477 1651 117 19 riksdagsleda-

45 1676 74 14 möterna
127 1675 3 15 i
139 1675 31 15 den
179 1674 118 20 ordningsföljd
306 1674 4 15 i
318 1674 53 15 vilken
379 1674 20 15 de
407 1675 17 14 är
432 1676 82 17 upptagna
523 1673 4 15 i
535 1673 31 15 den
575 1678 19 10 av

46 1697 85 19 riksdagen
138 1697 96 19 upprättade
241 1696 127 20 förteckningen.
376 1693 86 18 Årssiffror
468 1696 44 15 inom
520 1698 74 16 parentes

45 1719 87 16 betecknar
142 1719 67 19 tidigare
220 1719 112 19 ledamotskap
342 1723 19 10 av
372 1718 86 19 riksdagen
468 1718 36 19 (FK
517 1725 13 5 =
544 1718 50 15 första

46 1742 99 18 kammaren,
153 1742 31 14 AK
194 1749 13 4 =
217 1741 51 15 andra
275 1741 98 18 kammaren,
382 1741 13 14 R
406 1748 13 4 =
429 1740 97 19 riksdagen).

607 1809 22 16 49

720 324 157 21 Partiställningen
886 324 4 16 i
899 324 94 21 riksdagen

992 366 48 14 Antal
1048 366 89 15 ledamöter

942 383 38 30 Män
1031 388 74 15 Kvinnor
1118 388 53 15 Totalt

641 410 173 15 Socialdemokratiska
822 410 77 19 riksdags-

661 430 72 26 gruppen
943 433 27 14 114
1040 433 19 14 52
1121 433 27 14 166

642 455 85 15 Moderata
734 455 133 19 samlingspartiet
951 455 18 15 65
1040 455 16 14 2
1129 455 19 15 86

629 472 129 30 Centerpartiet
951 478 18 14 37
1042 478 17 14 19
1129 477 19 15 56

632 495 107 29 Folkpartiet
954 500 16 14 17
1050 500 10 14 4
1129 500 16 14 21

641 522 124 19 Vänsterpartiet
773 522 137 15 kommunisterna
954 522 16 15 16
1050 522 9 14 4
1129 522 19 14 20

641 566 89 18 Riksdagen
737 566 46 14 totalt
941 565 29 15 249
1032 565 27 15 100
1118 565 30 15 349

721 617 111 17 Procentuell
844 617 101 21 fördelning
957 622 19 11 av
989 617 89 21 kvinnliga
1091 617 98 17 ledamöter

721 650 46 16 inom
776 650 89 21 partierna

1023 687 55 29 Antal
1120 691 66 15 Procent

642 714 173 15 Socialdemokratiska
822 713 78 19 riksdags-

650 725 84 34 gruppen
1041 736 18 14 52
1119 736 34 17 31,3

642 758 85 15 Moderata
734 758 134 19 samlingspartiet
1041 758 16 15 21
1119 758 36 18 24,4

631 776 127 27 Centerpartiet
1043 781 16 14 19
1119 781 35 17 33,9

631 799 108 26 Folkpartiet
1051 803 9 14 4
1122 803 33 17 19,0

641 825 125 19 Vänsterpartiet
774 825 136 15 kommunisterna
1051 825 9 14 4
1119 825 36 17 20,0

642 868 88 19 Riksdagen
737 868 47 15 totalt
1031 864 29 27 100
1119 868 36 17 28,7

641 915 27 23 7a
685 911 24 37 —
722 917 130 27 Riksdagen

720 967 65 14 Talman

642 989 85 18 Bengtsson
735 988 37 15 Sten
780 988 46 15 Bertil
835 989 88 18 Ingemund,
934 989 21 17 19,
963 989 19 14 79
989 993 7 10 s

721 1032 53 14 Förste
781 1032 31 14 vice
819 1032 58 14 talman

640 1054 87 15 Troedsson
735 1054 79 19 Ingegerd,
822 1054 24 17 29,
854 1054 18 15 79
880 1058 14 10 m

721 1097 51 15 Andre
779 1097 32 15 vice
817 1097 58 14 talman

642 1120 79 18 Dahlgren
730 1119 27 15 Per
765 1120 58 14 Anders
832 1119 51 17 Bertil,
891 1119 24 17 25,
923 1119 19 15 82
950 1123 8 10 c

720 1163 55 18 Tredje
782 1162 31 15 vice
820 1163 58 14 talman

641 1185 75 14 Eriksson
723 1185 37 14 Karl
768 1185 43 17 Erik,
818 1185 24 17 25,
850 1185 19 14 76
877 1184 16 19 fp

641 1254 28 22 7b

642 1304 53 14 Palme
704 1304 41 14 Sven
754 1304 41 14 Olof
802 1303 72 15 Joachim
884 1303 118 17 Statsminister,
1012 1304 24 16 27,
1045 1304 34 17 (FK
1089 1304 59 14 58—68
1158 1304 29 14 AK

662 1326 67 18 69—70)
737 1326 16 14 71
763 1325 107 19 (Stockholm)
877 1330 7 10 s

642 1348 69 15 Bohman
721 1348 22 15 Bo
751 1348 50 15 Gösta
809 1348 24 15 JK
841 1348 17 15 fd
867 1348 76 17 Statsråd,
954 1348 22 17 11,
984 1348 38 18 (AK
1031 1348 60 15 58—69
1101 1348 25 14 FK
1136 1348 25 18 70)
1170 1348 16 14 71

662 1370 108 19 (Stockholm)
778 1374 14 10 m

642 1392 79 15 Lindkvist
728 1392 53 15 Oskar
788 1392 68 15 William
864 1392 80 19 Org.chef,
952 1392 24 17 21,
983 1392 37 18 (AK
1028 1392 61 15 61—64
1095 1392 68 18 66—70)
1170 1392 16 14 71

662 1414 108 19 (Stockholm)
778 1415 54 14 BoU:s
839 1414 34 15 vice
880 1414 41 15 ordf.
929 1419 6 10 s

642 1437 106 14 Hermansson
755 1436 106 15 Carl-Henrik
870 1437 28 14 PM
906 1436 17 15 fd
930 1436 81 17 Chefred.,
1021 1436 22 17 17,
1050 1436 38 18 (AK
1095 1436 68 18 63—70)
1170 1436 16 15 71

662 1458 108 19 (Stockholm)
777 1458 32 19 vpk

642 1481 66 19 Lidgard
718 1481 44 15 Hans
771 1481 48 15 Bertil
828 1481 73 18 Ingemar
908 1481 30 17 JK,
950 1481 21 17 16,
980 1481 35 18 (FK
1023 1481 68 18 65—70)
1099 1481 17 14 71
1127 1480 61 18 (Stock-

662 1503 51 18 holm)
720 1503 51 15 JuU:s
778 1503 41 15 ordf.
827 1508 14 10 m

642 1526 61 14 Ullsten
712 1525 33 19 Stig
755 1525 41 19 Kjell
805 1525 41 15 Olof
852 1525 46 19 (Ola)
907 1525 88 15 Socionom
1005 1525 17 14 fd
1032 1525 76 17 Statsråd,
1117 1525 24 17 31,
1151 1525 37 17 (AK

662 1548 67 18 65—70)
737 1548 16 14 71
763 1547 107 19 (Stockholm)
878 1547 17 19 fp

642 1570 87 15 Andersson
735 1570 38 15 Sten
779 1570 44 15 Sture
829 1569 76 18 Statsråd,
911 1570 24 17 23,
941 1570 35 18 (FK
982 1570 20 14 66
1005 1565 45 27 —70)
1056 1570 16 14 71
1080 1569 109 19 (Stockholm)

662 1597 6 10 s

642 1614 96 15 Fridolfsson
745 1614 39 19 Filip
792 1614 68 15 William
869 1614 81 17 Fabrikör,
957 1614 24 17 23,
988 1614 38 18 (AK
1033 1614 61 14 65—70
1102 1614 13 14 R
1122 1614 67 18 72—79)

662 1637 19 14 82
688 1636 108 19 (Stockholm)
804 1641 14 10 m

641 1659 84 19 Sigurdsen
738 1659 68 15 Gertrud
818 1658 81 15 Christina
912 1658 76 18 Statsråd,
1002 1658 24 18 23,
1039 1658 38 19 (AK
1090 1658 67 18 69—70)
1170 1659 16 14 71

661 1681 109 19 (Stockholm)
777 1686 7 10 s

642 1704 87 14 Andersson
737 1703 44 15 Gerd
790 1703 31 15 Eva
829 1703 64 15 Monica
901 1703 93 17 Socionom,
1002 1703 25 17 48,
1035 1703 19 15 82
1061 1703 108 18 (Stockholm)
1177 1707 6 11 s

642 1726 59 15 Gradin
711 1726 47 14 Anita
768 1725 76 19 Ingegerd
854 1725 76 18 Statsråd,
940 1726 24 17 33,
974 1725 36 19 (AK
1021 1725 68 18 69—70)
1098 1725 17 15 71
1127 1725 62 18 (Stock-

662 1748 51 18 holm)
720 1753 7 10 s

722 1260 115 16 Stockholms
846 1259 98 17 kommuns
953 1260 78 16 valkrets
