1234 1902
50 79 24 18 30
81 90 13 2 —-
100 79 37 18 30b

558 80 113 24 Riksdagen

50 162 25 23 30
98 158 20 38 —
129 164 132 28 Riksdagen

129 203 54 20 Riksg.
192 204 12 14 1.
212 204 21 15 Pa
241 204 52 15 10012
300 204 100 15 Stockholm.
407 204 33 15 Tel.
447 199 57 29 08-786
509 204 20 15 40
534 204 24 15 00.

50 234 155 20 Regeringsformen
222 234 32 15 den
271 234 19 15 28
307 234 40 16 febr.
367 235 38 15 1974
423 234 26 20 (nr
467 235 33 17 152;
517 235 80 19 omtryckt

51 257 43 15 1998:
102 257 43 18 1437;
151 257 62 15 ändrad
218 259 54 13 senast
279 257 43 15 1998:
329 256 52 20 1700).
388 257 172 20 Riksdagsordningen
566 257 31 15 den

49 279 20 15 28
75 279 40 15 febr.
121 279 40 15 1974
166 278 26 21 (nr
198 279 34 18 153;
238 279 80 20 omtryckt
324 279 44 15 1998:
375 279 51 20 1450).
433 279 57 20 Vallag
495 279 32 15 den
534 280 18 14 17
558 279 39 20 april

51 301 39 15 1997
97 301 26 19 (nr
130 301 34 16 157;
171 301 61 15 ändrad
240 301 92 20 1997:227).

74 323 93 20 Riksdagen
177 325 17 13 är
204 323 27 15 det
241 324 66 15 främsta
317 324 128 19 representativa
454 326 109 17 statsorganet
572 324 26 15 för

49 346 69 15 svenska
124 346 56 15 folket.
187 346 94 20 Riksdagen
286 346 53 15 stiftar
344 346 30 20 lag,
380 346 72 15 beslutar
457 351 27 10 om
490 346 42 15 skatt
538 346 23 15 till
566 348 31 13 sta-

50 370 27 13 ten
84 368 30 15 och
122 368 98 15 bestämmer
226 368 30 15 hur
262 370 62 13 statens
330 368 54 15 medel
391 368 40 15 skall
437 368 87 16 användas.

74 390 93 20 Riksdagen
174 390 54 15 består
234 395 19 10 av
259 391 30 15 349
295 390 96 18 ledamöter,
397 391 47 15 valda
450 390 53 16 direkt
510 395 19 11 av
535 391 62 15 folket
586 386 12 29 i

50 412 81 16 allmänna
137 413 29 15 val.
173 413 87 15 Ordinarie
266 413 99 19 riksdagsval
371 414 38 19 äger
415 417 35 11 rum
456 415 34 13 vart
496 413 51 20 fjärde
554 413 17 15 år
577 413 20 20 på

50 435 51 20 tredje
108 435 83 20 söndagen
198 435 4 15 i
209 435 93 20 september
308 435 65 15 månad.
380 435 89 15 Allmänna
475 435 25 15 val
507 435 23 15 till
537 435 60 15 riksda-

49 461 31 16 gen
89 457 40 20 ägde
137 459 54 13 senast
200 462 35 10 rum
243 457 32 15 den
283 457 20 15 20
310 457 94 20 september
413 457 39 16 1998
460 457 30 15 och
499 462 46 11 avser
553 457 44 16 tiden

50 479 39 15 intill
98 479 36 16 dess
143 484 21 10 en
172 480 59 19 nyvald
240 479 64 20 riksdag
312 480 59 15 samlas
380 480 42 15 efter
430 480 98 20 riksdagsval
537 480 32 15 den
578 480 19 15 22

49 502 94 20 september
148 502 45 15 2002.

73 524 31 15 För
112 524 99 20 riksdagsval
219 525 17 14 är
244 524 41 15 riket
293 524 61 15 indelat
362 524 4 15 i
375 524 19 15 29
402 524 93 15 valkretsar.
504 525 27 14 Av
539 524 20 15 de
568 525 29 14 349

49 546 162 20 riksdagsmandaten
219 548 18 14 är
244 547 30 15 310
282 546 41 16 fasta
331 546 143 18 valkretsmandat,
482 551 36 11 som
526 547 71 15 fördelas

49 568 60 16 mellan
117 569 111 15 valkretsarna
236 569 42 15 efter
286 569 61 15 antalet
356 569 135 20 röstberättigade
500 569 4 15 i
512 569 44 20 varje
565 569 31 15 val-

49 591 48 15 krets.
105 591 47 15 Inom
158 591 44 20 varje
209 591 70 15 valkrets
286 591 70 15 tillfaller
363 591 88 15 mandaten
458 591 20 15 de
486 591 4 15 i
497 591 99 20 riksdagsva-

49 613 22 15 let
78 613 97 20 deltagande
183 613 82 20 partierna
272 613 126 21 proportionellt
406 613 20 20 på
434 614 77 19 grundval
520 618 19 11 av
546 614 51 15 valre-

49 635 65 15 sultatet
125 635 44 16 inom
179 635 97 16 valkretsen.
287 635 61 20 Övriga
358 636 20 15 39
388 636 66 15 mandat
465 637 17 14 är
492 636 104 20 utjämnings-

49 658 67 15 mandat
125 662 35 11 som
170 658 71 15 fördelas
251 658 17 15 så
277 660 23 13 att
310 658 43 20 varje
363 658 49 20 partis
422 658 122 20 sammanlagda
553 658 44 15 antal

49 680 60 20 platser
116 680 4 15 i
126 680 87 20 riksdagen
220 680 17 15 så
244 681 38 14 nära
289 685 36 10 som
332 680 62 20 möjligt
401 685 54 10 svarar
462 683 34 12 mot
503 680 61 15 antalet
571 685 25 10 av-

49 702 47 20 givna
103 703 51 14 röster
160 702 26 15 för
192 702 59 20 partiet
257 702 5 15 i
268 702 37 15 hela
311 702 60 15 landet.

73 724 5 15 I
85 724 113 20 fördelningen
204 729 20 11 av
229 724 141 20 riksdagsmandat
375 725 53 15 deltar
433 724 57 16 endast
496 724 60 20 partier
561 729 35 11 som

49 747 29 15 har
86 746 30 16 fått
123 747 49 15 minst
180 747 34 20 fyra
223 749 67 18 procent
299 751 19 11 av
326 747 74 20 samtliga
408 747 4 15 i
421 747 36 15 hela
466 747 54 15 landet
529 747 67 20 avgivna

49 770 56 14 röster.
111 769 27 15 Ett
144 769 41 20 parti
190 774 36 10 som
232 769 33 15 inte
270 769 29 15 når
304 774 34 15 upp
343 769 23 15 till
372 769 181 20 fyraprocentsgränsen
559 774 37 10 men

49 795 35 10 som
92 791 28 14 har
127 791 63 14 erhållit
198 791 48 15 minst
253 791 34 15 tolv
293 794 69 16 procent
369 796 20 10 av
396 793 73 13 rösterna
477 791 3 15 i
488 791 31 15 viss
526 791 70 15 valkrets

49 812 52 15 deltar
109 812 42 16 dock
159 812 27 15 vid
194 813 114 19 fördelningen
317 817 19 11 av
345 813 20 15 de
374 813 41 15 fasta
424 813 160 15 valkretsmandaten
592 813 4 15 i

48 839 63 11 samma
117 835 74 15 valkrets.

72 857 74 15 Rösträtt
155 857 26 15 vid
191 857 98 20 riksdagsval
299 857 29 15 har
337 857 59 15 svensk
405 857 113 20 medborgare,
527 862 36 10 som
572 862 24 10 se-

49 881 35 13 nast
90 879 20 20 på
116 879 79 20 valdagen
201 879 34 20 fyllt
242 879 19 16 18
266 879 18 15 år
289 879 52 15 under
346 879 116 20 förutsättning
467 881 23 13 att
496 879 31 15 han
534 881 17 14 är
556 884 40 15 upp-

48 903 49 18 tagen
104 901 4 15 i
114 901 87 20 röstlängd.

72 924 32 15 För
111 926 23 13 att
141 924 56 15 kunna
205 926 43 13 utses
257 924 22 15 till
287 924 147 20 riksdagsledamot
441 924 50 20 gäller
499 929 62 10 samma
569 924 27 15 be-

48 946 123 20 hörighetskrav
178 951 35 10 som
220 946 26 15 för
252 947 70 14 rösträtt.

72 968 94 20 Riksdagen
173 968 129 15 sammanträder
308 968 23 15 till
338 968 83 18 riksmöte,
428 968 41 15 efter
476 968 46 20 nyval
529 968 21 20 på
556 968 40 15 fem-

48 990 51 15 tonde
107 990 52 20 dagen
167 990 42 15 efter
216 990 48 19 valet,
272 990 31 15 och
311 990 55 20 övriga
374 990 17 16 år
399 990 4 15 i
411 990 57 15 mitten
476 995 19 11 av
503 991 93 19 september

48 1012 65 15 månad.

72 1034 154 20 Riksdagsärenden
233 1035 59 15 bereds
299 1034 4 16 i
311 1034 49 20 något
368 1039 19 11 av
394 1035 95 19 riksdagens
496 1035 62 15 utskott
565 1035 31 15 och

48 1058 58 18 avgörs
112 1061 60 15 genom
179 1057 53 15 beslut
238 1057 4 15 i
249 1057 66 20 plenum
323 1056 116 20 (kammaren).
446 1057 104 20 Regeringen
556 1057 40 15 skall

48 1078 75 16 samråda
128 1079 39 15 med
172 1079 122 15 EU-nämnden
300 1079 5 15 i
311 1079 54 20 frågor
371 1083 35 11 som
412 1079 40 15 skall
458 1079 90 15 behandlas
554 1079 4 15 i
564 1079 32 15 Eu-

48 1101 76 20 ropeiska
130 1101 86 15 Unionens
223 1101 41 15 Råd.
270 1101 152 15 Utrikesnämnden
428 1102 17 14 är
451 1101 79 15 samråds-
536 1101 31 15 och
573 1101 23 15 in-

48 1123 148 20 formationsorgan
202 1123 60 15 mellan
267 1123 95 20 regeringen
368 1124 31 15 och
404 1123 86 20 riksdagen
496 1123 4 15 i
505 1124 91 19 betydelse-

48 1145 39 15 fulla
94 1145 138 20 utrikespolitiska
238 1145 77 16 ärenden.

72 1168 60 19 Regler
142 1172 27 11 om
180 1167 155 21 riksdagsledamots
346 1168 88 20 ersättning
445 1168 78 15 återfinns
534 1168 4 15 i
549 1168 47 20 lagen

49 1189 105 21 (1994:1065)
161 1195 27 10 om
194 1190 108 15 ekonomiska
309 1190 58 15 villkor
373 1190 25 15 för
404 1190 95 20 riksdagens
505 1190 91 16 ledamöter

48 1211 70 20 (ändrad
125 1214 55 13 senast
188 1212 43 15 1998:
238 1212 52 20 1717).
298 1212 102 20 Riksdagens
408 1212 91 16 ledamöter
506 1212 29 16 har
542 1215 23 13 ett
572 1217 24 11 ar-

48 1234 42 15 vode
107 1239 35 10 som
159 1234 63 20 uppgår
238 1234 23 15 till
277 1234 55 16 36000
348 1234 19 16 kr
383 1239 29 15 per
428 1234 60 16 månad
505 1235 49 19 enligt
571 1235 25 19 lag

48 1256 105 20 (1998:1719)
163 1261 27 11 om
199 1256 195 20 riksdagsledamöternas
403 1257 65 15 arvode.
478 1257 64 15 Utöver
550 1261 46 11 arvo-

48 1278 27 16 det
81 1278 80 16 utbetalas
166 1283 21 11 en
192 1279 169 20 kostnadsersättning
366 1279 20 20 på
392 1279 9 15 3
405 1279 30 15 458
440 1279 19 15 kr
464 1283 29 16 per
498 1279 64 15 månad.
569 1279 26 15 Så-

48 1301 25 15 väl
81 1301 68 15 arvodet
157 1305 35 11 som
201 1301 190 20 kostnadsersättningen
399 1302 48 19 utgör
454 1301 111 20 skattepliktig
573 1301 22 15 in-

48 1323 58 15 komst.
112 1323 102 15 Ledamoten
220 1323 50 20 begär
274 1323 40 20 själv
319 1323 60 20 avdrag
384 1323 4 16 i
393 1323 24 16 sin
423 1323 143 20 självdeklaration
571 1324 25 15 för

48 1345 20 15 de
73 1345 71 16 faktiska
149 1345 115 16 kostnaderna.
270 1346 26 15 De
302 1350 45 11 resor
352 1350 20 11 en
378 1346 72 15 ledamot
455 1347 29 19 gör
489 1346 45 15 inom
540 1351 56 10 ramen

48 1367 25 15 för
82 1367 26 16 sitt
117 1367 147 21 riksdagsuppdrag
273 1369 17 14 är
299 1368 109 19 tjänsteresor.
418 1368 110 15 Ledamotens
537 1368 58 15 bostad

47 1389 21 21 på
78 1390 86 15 hemorten
174 1390 83 15 betraktas
267 1395 36 10 som
313 1390 110 20 tjänsteställe.
434 1390 80 15 Ledamot
524 1390 72 16 beslutar

47 1412 40 19 själv
96 1416 27 11 om
132 1412 35 15 sina
175 1412 60 15 inrikes
245 1412 104 20 tjänsteresor
358 1412 31 15 och
398 1412 50 15 vilket
457 1412 67 16 färdsätt
534 1417 35 11 som
579 1414 17 14 är

48 1434 95 20 lämpligast.
150 1434 81 15 Ledamot
238 1434 29 15 har
273 1436 32 13 rätt
311 1434 23 15 till
341 1434 109 16 traktamente
457 1439 28 11 om
492 1434 103 20 förrättning-

48 1461 20 10 en
73 1456 37 15 sker
115 1456 21 20 på
141 1456 41 20 plats
187 1461 36 11 som
228 1456 50 20 ligger
283 1457 55 19 längre
343 1456 37 16 bort
385 1458 21 14 än
411 1457 20 15 50
436 1457 27 15 km
469 1457 35 15 från
509 1457 87 15 bostaden/

47 1478 113 20 tjänstestället
171 1478 31 16 och
213 1478 46 16 krävt
269 1478 119 21 övernattning.
399 1479 123 15 Traktamentet
533 1479 63 20 uppgår

47 1500 23 16 till
76 1500 31 16 300
112 1500 57 20 kr/dag
175 1501 30 15 och
212 1502 17 14 är
235 1501 117 20 skattepliktigt
359 1502 39 14 över
404 1501 48 15 nivån
458 1501 26 15 för
489 1501 106 15 schablonav-

47 1523 40 20 drag
92 1523 50 20 enligt
148 1523 66 15 allmänt
220 1523 75 20 gällande
301 1523 57 20 regler.
364 1524 38 15 Den
409 1523 72 16 ledamot
487 1528 35 11 som
528 1523 41 16 varit
575 1523 20 20 på

47 1545 95 20 tjänsteresa
151 1545 55 20 längre
215 1545 37 15 bort
260 1547 20 13 än
289 1545 20 16 50
317 1545 28 15 km
353 1546 31 15 och
393 1547 39 14 över
440 1545 35 20 fyra
483 1546 65 15 timmar
556 1548 39 13 utan

47 1567 114 20 övernattning
170 1567 29 16 har
207 1569 31 14 rätt
247 1567 23 16 till
278 1569 23 14 ett
310 1567 161 21 förrättningstillägg
479 1567 38 21 (130
526 1567 68 21 kr/dag).

47 1589 173 20 Riksdagsledamöter
227 1590 60 15 utifrån
293 1590 55 15 landet
355 1590 25 15 får
386 1590 89 20 ersättning
481 1590 26 15 för
514 1592 81 14 övernatt-

47 1611 111 20 ningsbostad,
165 1612 42 15 dock
214 1612 47 20 högst
267 1612 9 15 4
281 1612 30 15 100
317 1612 90 15 kr/månad.

71 1634 97 15 Utskottens
175 1634 100 15 ordförande
282 1634 31 15 och
319 1634 35 15 vice
361 1634 100 16 ordförande
468 1634 88 19 redovisas,
563 1635 32 15 för-

47 1658 46 13 utom
100 1656 5 15 i
112 1656 122 15 nedanstående
242 1656 102 20 förteckning
351 1658 40 14 över
397 1657 95 20 riksdagens
499 1657 96 18 ledamöter,

47 1679 41 14 även
95 1678 52 15 under
153 1678 56 15 avd.nr
215 1678 25 15 33.
247 1678 134 16 Statskalendern
388 1679 83 15 redovisar
478 1679 116 20 riksdagsleda-

46 1701 75 14 möterna
129 1700 4 15 i
141 1700 32 15 den
181 1700 118 20 ordningsföljd
307 1700 4 15 i
318 1700 55 16 vilken
380 1701 21 15 de
409 1702 17 14 är
433 1703 83 18 upptagna
523 1701 5 15 i
535 1701 33 15 den
575 1705 20 11 av

47 1722 86 20 riksdagen
138 1722 98 20 upprättade
241 1723 129 20 förteckningen.
376 1718 88 20 Årssiffror
469 1723 44 15 inom
518 1725 77 18 parentes

47 1744 89 15 betecknar
146 1744 68 20 tidigare
225 1745 113 19 ledamotskap
349 1749 20 11 av
379 1745 86 20 riksdagen
477 1745 35 19 (FK
522 1752 11 5 =
544 1745 50 15 första

47 1766 100 18 kammaren,
153 1766 33 15 AK
193 1773 10 6 =
210 1766 51 16 andra
267 1767 101 18 kammaren,
375 1767 14 15 R
396 1773 11 6 =
413 1766 99 21 riksdagen).

599 1838 23 18 62

709 165 142 20 Partiställningen
857 165 5 15 i
868 165 86 20 riksdagen

987 188 51 15 Antal
1045 188 91 15 ledamöter

962 210 41 15 Män
1025 210 73 15 Kvinnor
1112 210 55 15 Totalt

618 228 192 29 Socialdemokraterna
978 232 20 15 64
1057 232 19 16 67
1126 233 26 15 131

630 254 88 16 Moderata
724 254 136 20 samlingspartiet
978 255 19 15 51
1056 255 19 15 25
1135 255 19 15 82

620 273 140 28 Vänsterpartiet
978 277 19 15 26
1057 277 18 15 17
1134 277 20 15 43

618 295 183 29 Kristdemokraterna
978 299 20 15 24
1058 299 18 15 18
1135 299 19 15 42

620 317 83 28 Centern
993 322 10 15 8
1058 322 18 15 10
1136 322 18 15 18

630 343 100 20 Folkpartiet
737 343 96 16 liberalerna
979 344 18 15 10
1071 344 9 15 7
1136 344 18 15 17

619 362 118 28 Miljöpartiet
993 366 9 15 8
1072 366 9 15 8
1136 366 18 15 16

630 396 94 20 Riksdagen
730 397 48 15 totalt
957 393 41 28 197
1047 397 29 15 152
1124 397 30 15 349

708 436 104 15 Procentuell
818 435 92 20 fördelning
916 440 20 11 av
942 436 83 19 kvinnliga
1030 436 92 15 ledamöter
1127 436 46 15 inom

708 457 82 20 partierna

1035 480 51 15 Antal
1105 480 68 15 Procent

619 498 191 28 Socialdemokraterna
1051 502 19 16 67
1121 503 33 17 SLI

630 524 87 16 Moderata
723 524 136 20 samlingspartiet
1051 525 18 15 25
1121 525 35 18 30,5

619 543 140 28 Vänsterpartiet
1052 547 18 15 17
1121 547 35 17 39,5

621 565 180 26 Kristdemokraterna
1052 569 18 15 18
1121 569 35 19 40,5

620 587 82 27 Centern
1052 592 18 15 10
1121 592 35 18 55,6

629 614 101 19 Folkpartiet
736 614 96 15 liberalerna
1061 614 9 15 7
1121 614 35 18 35,3

618 625 118 35 Miljöpartiet
1061 636 9 15 8
1121 636 35 18 50,0

629 742 38 23 30a
686 738 15 38 —
708 744 132 28 Riksdagen

707 792 68 14 Talman

629 813 43 15 Dahl
679 813 33 15 Rut
719 813 73 20 Birgitta,
798 813 25 17 37,
830 813 19 15 94
855 817 7 11 s

707 852 57 15 Förste
770 852 35 15 vice
811 852 62 15 talman

629 874 61 20 Björck
696 874 66 15 Anders
768 874 89 18 Per-Arne,
864 874 25 18 44,
895 874 20 15 94
921 879 16 10 m

707 913 58 15 Andre
771 913 35 15 vice
812 913 62 15 talman

629 935 97 20 Zetterberg
732 935 54 20 Ingrid
793 935 34 16 Eva
833 935 99 20 Margareta,
938 936 25 16 47,
969 935 20 16 98
995 940 10 10 v

707 974 60 20 Tredje
773 974 35 15 vice
814 974 62 15 talman

629 996 71 15 Frebran
707 996 79 20 Ingegärd
792 996 111 18 Rose-Marie,
909 996 25 18 48,
941 996 20 15 98
967 996 22 15 kd

629 1043 37 23 30b
708 1049 117 17 Stockholms
832 1049 99 17 kommuns
939 1049 80 17 valkrets

628 1082 95 15 Fleetwood
730 1082 84 15 Elisabeth
821 1082 49 15 Alma
877 1082 77 15 Fredrika
962 1082 128 15 Swantesdotter
1097 1082 80 20 Adjunkt,

652 1104 51 18 27,79
710 1104 110 20 (Stockholm)
827 1109 16 10 m

629 1126 44 16 Bildt
682 1126 34 15 Nils
726 1126 60 16 Daniel
796 1126 37 16 Carl
843 1126 18 16 fd
870 1126 122 19 Statsminister,
1001 1127 25 18 49,
1036 1127 19 15 79
1066 1126 110 20 (Stockholm)

652 1149 85 15 Partiordf.
744 1153 16 11 m

628 1171 110 15 Westerholm
744 1171 64 15 Barbro
814 1171 35 15 MD
856 1171 47 18 Doc.,
909 1171 25 18 33,
941 1171 19 15 88
967 1170 111 21 (Stockholm)
1085 1171 17 20 fp

628 1193 82 20 Schyman
716 1193 46 16 Gerd
769 1193 70 16 Gudrun
846 1193 53 16 Maria
906 1193 94 19 Socionom,
1006 1193 25 18 48,
1039 1193 19 16 88
1065 1193 111 20 (Stockholm)

652 1215 85 16 Partiordf.
744 1220 9 10 v

628 1238 98 19 Zetterberg
732 1238 54 19 Ingrid
794 1238 34 15 Eva
835 1238 99 19 Margareta,
941 1238 24 18 47,
973 1238 18 15 91
1000 1237 111 21 (Stockholm)
1119 1238 57 15 Andre

652 1260 34 15 vice
693 1260 60 15 talman
760 1264 9 11 v

629 1282 90 20 Odenberg
724 1282 63 16 Mikael
793 1282 43 15 I:son
842 1282 103 20 Företagare,
952 1282 25 19 53,
983 1282 17 16 91
1010 1282 111 20 (Stockholm)
1127 1287 16 11 m

628 1304 57 16 Schori
691 1304 103 16 Jean-Pierre
801 1304 44 16 Olov
851 1304 78 19 Statsråd,
935 1305 25 17 38,
966 1305 18 15 91
993 1304 84 20 (Lidingö)
1084 1309 7 11 s

629 1327 79 15 Ersättare
713 1326 29 20 för
748 1326 83 16 statsrådet
838 1327 62 15 Schori:
915 1327 128 20 Papadopoulos
1051 1327 52 15 Nikos
1110 1327 66 15 Företa-

652 1354 43 15 gare,
701 1349 25 18 39,
733 1348 22 20 (R
762 1348 58 21 96-98)
827 1349 19 15 98
853 1348 111 21 (Stockholm)
971 1354 7 10 s

628 1371 82 15 Wistrand
717 1371 68 20 Birgitta
792 1371 64 15 Helena
863 1371 93 20 Margareta
963 1372 28 14 FK
998 1371 40 18 Dir.,
1045 1371 25 18 39,
1077 1372 18 15 91
1104 1371 72 21 (Uppsa-

652 1392 22 21 la)
681 1398 16 10 m

627 1416 53 15 Järrel
687 1415 63 16 Henrik
758 1415 56 16 Stefan
821 1416 128 18 Mediekonsult,
956 1416 25 18 48,
989 1415 23 20 (R
1019 1415 58 20 91-94)
1085 1416 19 15 95
1112 1415 64 21 (Stock-

652 1437 52 20 holm)
711 1442 16 11 m

628 1460 82 20 Lindgren
716 1460 53 20 Sylvia
775 1460 57 15 Astrid
838 1460 86 18 Tidn.bud,
930 1460 26 18 45,
962 1460 20 15 92
989 1459 110 21 (Stockholm)
1106 1465 7 10 s

628 1482 102 15 Kristersson
736 1482 30 15 Ulf
771 1482 74 20 Hjalmar
851 1482 90 18 Civ.ekon.,
947 1482 25 18 63,
979 1482 20 16 94
1005 1482 111 20 (Stockholm)
1123 1487 15 11 m

628 1504 36 16 Ask
669 1504 34 15 Eva
709 1504 49 16 Carin
763 1504 75 16 Beatrice
843 1504 17 16 fd
866 1504 77 19 Statsråd,
948 1504 25 18 56,
979 1504 22 20 (R
1006 1504 28 20 88)
1040 1505 19 15 94
1065 1504 110 20 (Stockholm)

651 1526 58 16 UbU:s
716 1526 50 16 andre
773 1526 34 16 vice
813 1527 42 15 ordf.
862 1531 16 11 m

627 1549 86 15 Josefsson
724 1549 40 15 Rolf
774 1544 38 20 Åke
823 1549 75 20 Ingemar
908 1549 18 15 fd
937 1549 97 20 Borgarråd,
1045 1549 25 18 39,
1081 1549 19 16 94
1112 1549 64 20 (Stock-

651 1570 52 21 holm)
710 1576 7 10 s

627 1588 106 25 Åbjörnsson
739 1593 40 16 Rolf
783 1594 70 15 Tarnow
859 1593 50 20 Björn
916 1594 48 18 Adv.,
970 1594 25 17 41,
1001 1594 20 15 94
1028 1593 59 20 (Täby)
1095 1594 43 15 LU:s
1143 1594 33 15 för-

651 1618 24 13 ste
682 1615 34 16 vice
722 1615 42 16 ordf.
771 1616 21 15 kd

627 1638 71 15 Larsson
704 1638 39 15 Ewa
749 1638 85 15 Elisabeth
840 1638 65 18 Lärare,
911 1638 25 18 52,
942 1638 20 15 94
969 1637 111 21 (Stockholm)
1087 1643 27 15 mp

627 1660 62 20 Pekgul
696 1660 73 15 Melahat
776 1660 49 15 Nalin
831 1660 81 20 Sjuksköt.,
924 1660 25 18 67,
956 1660 20 15 94
982 1660 111 20 (Stockholm)
1100 1665 7 11 s

627 1682 80 15 Ruwaida
713 1682 75 18 Yvonne,
795 1682 24 18 70,
826 1682 20 15 94
853 1682 110 20 (Stockholm)
970 1687 28 15 mp

627 1704 100 20 Segelström
732 1704 48 20 Inger
786 1705 66 19 Agneta
858 1704 96 20 Miljösekr.,
960 1704 25 19 52,
992 1705 18 15 95
1018 1704 111 20 (Stockholm)
1136 1709 7 11 s

627 1726 79 15 Hedlund
712 1726 38 15 Carl
756 1726 40 15 Erik
802 1726 90 18 Civ.ekon.,
898 1726 25 19 36,
930 1727 18 15 95
956 1726 111 20 (Stockholm)
1074 1731 16 11 m

627 1748 79 20 Könberg
712 1749 25 14 Bo
743 1748 57 15 Göran
806 1748 18 15 fd
830 1748 77 18 Statsråd,
913 1749 25 17 45,
944 1749 19 15 95
970 1748 111 20 (Stockholm)
1087 1749 48 15 SfU:s
1141 1749 34 15 vice

651 1770 41 15 ordf.
699 1770 115 20 Gruppledare
820 1770 18 20 fp

627 1792 69 15 Attefall
701 1792 31 15 Jan
737 1792 57 16 Stefan
799 1792 83 18 Chefred.,
888 1792 24 18 60,
918 1792 23 20 (R
946 1792 59 20 91-94)
1011 1793 20 15 98
1037 1792 110 21 (Stockholm)
1153 1793 22 15 kd
