1066 1574
449 60 104 22 Riksdagen,

50 98 56 38 [190]
181 107 136 19 Västerbottens
332 108 38 19 län.

49 144 50 18 Rehn,
119 144 61 19 Johan,
202 143 119 17 Lantbrukare
336 146 52 19 [976],
405 146 11 15 f.
431 144 28 20 65;
476 145 21 16 21

71 167 42 19 (adr.
127 167 63 19 Hissjö,
202 168 125 19 Västerhiske).

48 190 109 18 Brännström,
170 190 52 19 Jonas
231 190 74 20 Ludvig,
314 191 126 18 Lantbrukare,
450 192 11 16 f.
470 190 22 17 76;

70 211 22 17 21
105 213 41 18 (adr.
159 213 125 19 Ljusvattnet).

48 236 92 18 Wikström,
157 236 65 18 Anton,
241 237 79 15 Redaktö;

69 259 107 18 Skellefteå).

48 281 80 19 Wiklund,
142 282 58 18 Adolf,
215 282 120 15 Lantbrukare
349 283 52 19 [976],
414 283 10 15 f.
437 281 27 20 59;
476 281 22 17 21

70 305 42 17 (adr.
125 305 91 16 Brattfors,
228 302 76 21 Öreälv).

48 327 81 18 Lindberg,
148 327 40 15 Elof
206 327 85 18 Herman,

71 350 43 19 (adr.
128 350 68 19 Umeå).

47 372 98 19 Bäckström,
157 372 77 18 Werner,
246 373 137 16 Folkskollärare
392 374 50 19 [976],
450 374 11 15 f£.
470 372 28 20 66;

70 394 21 16 21
104 396 42 19 (adr.
159 396 103 19 Bjurholm).

47 418 90 19 Lindmark,
155 419 61 15 Ewald
235 420 67 18 Eugen,
318 420 156 18 Hemmansägare,
487 419 11 16 f.

68 439 29 19 85;
109 440 22 16 21
144 442 42 18 (adr.
200 442 124 19 Drängsmark,
335 442 162 20 Drängsmarksby).

46 484 56 25 [191]
183 483 127 19 Norrbottens
324 483 38 19 län.
506 495 1 5 |

46 520 68 19 Dahlén,
126 521 56 18 Jonas
194 521 67 17 Petter,
274 521 136 18 Gruvarbetare,
419 522 11 16 f.
439 520 28 19 81;
474 520 23 17 21

70 543 43 19 (adr.
127 543 80 19 Kiruna).

46 566 67 18 Nilsson,
131 566 39 15 Nils
188 566 47 17 Erik,
254 566 149 20 Hemmansägare
420 568 71 18 [976],
474 562 22 28 f.

68 587 28 20 66;
108 587 21 16 21
143 589 43 19 (adr.
200 589 80 19 Antnäs).

46 612 50 18 Hage,
108 612 52 15 Ernst
173 612 73 19 August,
258 612 60 15 Förste
331 612 100 16 bokhållare
444 614 52 18 [605],

68 635 11 14 f.
91 632 28 19 76;
131 633 20 16 21
166 634 42 19 (adr.
221 635 67 19 Luleå).

45 657 99 19 Lundström,
161 657 52 15 Adolf
233 657 59 19 Linus,
313 658 154 19 Hermmansägare,

67 677 28 20 70;
106 678 22 16 21
140 680 43 19 (adr.
196 680 84 19 Långnäs,
292 680 81 19 Antnäs).

45 702 105 19 Samuelsson,
165 703 56 19 Bengt
236 704 66 14 Robert
315 703 88 18 Wilhelm,
412 703 83 16 Lokomo-

68 725 90 17 tivförare,
171 726 11 14 f.
194 724 28 19 86;
234 724 21 16 21
268 726 43 19 (adr.
324 726 67 19 Luleå).

45 747 93 20 Bergström,
157 749 98 18 Kristoffer,
273 749 154 20 Hemmansägare,
443 749 11 15 f.
466 747 29 20 80;

66 769 21 16 21
101 771 42 19 (adr.
156 771 76 20 Högsön,
244 772 53 19 Vitå).

44 793 76 19 Lövgren,
132 794 54 15 Oscar
199 795 87 17 Wilhelm,
302 794 90 18 Arbetare,
409 795 11 15 f.
433 793 28 20 88;
472 793 22 17 21

66 817 42 19 (adr.
122 817 83 19 Nyborg).

331 249 3 6 ,
352 237 11 15 f.
378 235 28 20 76;
418 235 21 16 21
455 237 43 20 (adr.

310 328 90 15 Redaktör
413 328 11 15 f.
436 327 28 19 91;
476 327 20 16 21

485 659 10 15 £

46 865 56 25 [192]
144 861 134 28 Avlönings-
294 862 40 21 och
351 862 143 27 pensionsbe-

47 895 143 27 stämmelser
214 895 36 22 för
271 895 223 29 befattningshavare

135 929 37 22 vid
188 929 139 28 Riksdagens
342 930 61 22 verk.

61 968 166 15 Avlöningsreglemente
236 968 8 12 är
260 972 19 9 av
287 968 76 16 riksdagen
372 969 58 15 antaget
439 968 28 13 den
477 969 16 12 18
502 969 1 3 |

42 984 31 16 juni
82 988 32 12 1921
124 984 94 16 (Riksdagens
225 985 67 12 skrivelse
299 989 17 8 nr
323 985 38 16 384).

61 1001 44 13 Detta
114 1002 167 16 avlöningsreglemente,
290 1005 31 10 som
330 1002 4 13 i
343 1003 37 12 stort
389 1003 29 12 sett
427 1003 66 12 överens-

42 1019 69 12 stämmer
116 1018 32 13 med
155 1019 168 16 avlöningsreglementet
329 1019 23 13 för
357 1019 137 16 statsdepartement

42 1039 19 9 m.
67 1035 16 13 fl,
88 1036 40 15 verk,
133 1036 85 12 tillhörande
224 1036 27 13 den
257 1036 41 13 civila
304 1037 149 15 statsförvaltningen,
458 1037 36 12 skall
502 1041 1 5 |

42 1053 26 16 äga
77 1053 92 16 tillämpning
175 1053 9 13 å
192 1053 87 16 tjänstemän
288 1053 24 13 vid
349 1053 62 15 riksbanken,
418 1053 75 17 riksgälds-
502 1052 1 4 |

42 1070 73 15 kontoret,
121 1070 83 16 riksdagens
212 1070 31 16 hus,
249 1070 151 13 riksdagsbiblioteket
407 1072 37 11 samt
451 1071 42 16 justi-

42 1087 25 13 tie-
76 1087 26 13 och
111 1080 277 23 militieombudsmansexpeditionerna.

60 1104 75 13 Ordinarie
149 1104 88 16 tjänstemän
251 1105 68 12 tillsättas
332 1105 30 13 dels
375 1109 51 12 genom
440 1101 63 17 förord-
492 1095 12 32 |

32 1111 61 33 nande,
143 1125 51 12 genom
204 1122 67 13 fullmakt
280 1122 35 13 eller
325 1122 114 13 konstitutorial,
503 1134 1 10 |

60 1132 41 19 För
119 1139 41 13 följande
167 1139 104 16 befattningar,
279 1139 46 13 vilkas
332 1139 87 13 innehavare
427 1140 77 14 tillsättas
493 1128 14 34 |

41 1160 52 12 genom
98 1156 96 13 förordnande
198 1156 18 16 på
221 1157 29 12 viss
256 1156 26 16 tid,
286 1157 42 15 utgår
332 1157 53 16 arvode,
390 1157 23 12 för
417 1157 16 12 år
454 1157 41 14 räknat,

42 1173 33 13 med
82 1173 112 13 nedannämnda
202 1173 60 17 belopp:

41 1201 106 13 verkställande
164 1201 123 17 styrelseledamot
308 1201 25 14 vid
348 1202 35 13 riks-

58 1219 64 12 bankens
141 1218 136 17 avdelningskontor
290 1219 4 13 i
310 1219 73 16 Göteborg

57 1236 35 13 eller
105 1236 52 13 Malmö

42 1253 106 13 verkställande
161 1253 124 16 styrelseledamot
301 1253 24 13 vid
339 1255 45 11 annat

57 1270 94 13 riksbankens
165 1270 137 17 avdelningskontor

414 1240 49 12 15,000
473 1236 21 13 kr.

413 1274 48 12 12,000
476 1275 6 8 >

60 1298 27 13 För
97 1298 191 16 byråchefsbefattningarna
298 1298 24 13 vid
333 1299 60 16 justitie-
403 1298 27 13 och
439 1299 58 12 militie-

40 1315 226 16 ombudsmansexpeditionerna,
274 1316 46 12 vilkas
328 1316 87 12 innehavare
427 1316 69 12 tillsättas
504 1321 1 4 |

41 1336 52 12 genom
102 1332 96 14 förordnande
206 1333 29 13 tills
242 1333 54 15 vidare,
303 1333 41 16 utgår
354 1333 52 15 arvode,
413 1333 22 13 för
441 1333 16 13 år
464 1333 31 13 räk-

41 1351 30 15 nat,
84 1350 33 13 med
128 1350 36 16 lägst
175 1354 47 12 10,500
232 1350 51 13 kronor
292 1350 26 13 och
328 1350 41 16 högst
380 1354 48 12 11,940
437 1350 57 13 kronor.

59 1360 98 27 Tjänstemän,
166 1371 31 9 som
206 1368 67 12 tillsättas
282 1371 52 12 genom
342 1368 68 12 fullmakt
418 1368 34 12 eller
461 1367 34 13 kon-

40 1385 85 15 stitutorial,
150 1388 8 9 äro
167 1384 74 14 fördelade
249 1387 18 14 på
276 1385 25 12 två
310 1384 99 17 avdelningar,
417 1385 77 16 nämligen:

41 1402 17 13 A.
68 1395 64 23 Manliga
144 1402 88 20 tjänstemän
244 1402 26 13 och
282 1402 16 13 B.
310 1402 80 16 Kvinnliga
402 1402 93 20 tjänstemän.
504 1407 1 5 |

60 1419 44 12 Dessa
112 1419 105 20 avdelningar
214 1419 25 13 äro
246 1420 5 12 i
258 1419 22 13 sin
288 1419 62 20 ordning
357 1419 91 16 uppdelade
434 1409 18 34 i
456 1419 39 13 löne-

40 1435 57 16 grader:
107 1436 43 13 Avd.A.
163 1426 18 33 i
187 1440 17 9 20
210 1436 26 13 och
243 1436 37 13 Avd.
291 1436 16 13 B.
317 1436 5 13 i
331 1436 13 13 8.
364 1436 6 13 I
379 1435 116 14 statskalendern

40 1454 25 12 äro
72 1454 74 15 upptagna
154 1453 117 17 tjänstemännen
279 1453 31 13 från
318 1454 26 12 och
352 1453 32 13 med
391 1453 33 16 9:de
430 1454 65 15 lönegra-

40 1470 28 13 den
76 1471 4 12 i
89 1470 36 13 Avd.
134 1471 12 12 A

488 1515 24 13 149

841 65 119 21 [190-192]

534 106 27 13 Till
572 106 17 13 de
600 106 70 14 särskilda
680 107 102 16 lönegraderna
793 108 75 13 hänföras:

535 124 26 12 Vid
574 124 72 13 riksbanken:
685 124 22 13 o:de
713 117 97 24 lönegraden:
820 126 38 12 vissa
867 126 101 14 kammarskri-

516 145 38 12 vare;
569 141 45 13 ro:de:
626 145 38 9 vissa
675 139 129 16 kammarskrivare
817 143 25 13 vid
850 143 118 13 huvudkontoret

516 160 37 11 samt
560 159 5 13 i
574 158 71 17 Göteborg
653 159 26 13 och
687 159 58 15 Malmö;
755 161 42 11 11:te:
805 160 100 16 registratorer
913 161 25 13 vid
942 165 25 9 av-

516 175 136 20 delningskontoren
659 178 41 11 utom
706 177 72 16 Göteborg
783 177 26 13 och
815 170 58 23 Malmö;
881 182 43 9 12:te:
934 178 32 13 kas-

516 193 38 13 sörer
560 193 25 13 vid
591 197 55 9 samma
652 193 142 17 avdelningskontor;
801 194 48 21 14:de:
856 188 70 23 aktuarie,
932 196 34 12 kon-

517 210 64 16 trollant,
590 211 77 15 arkivarie,
676 212 88 15 registrator,
773 212 59 16 revisor,
838 202 55 32 kassör,
898 206 69 20 förestån-

516 227 34 13 dare
558 221 23 19 för
586 222 112 22 sedelräknings-
705 229 26 12 och
738 223 230 23 mynträkningsavdelningarna
959 217 9 33 ,

516 245 114 20 korrespondent
636 247 37 11 samt
680 246 82 13 bokhållare
769 246 24 13 vid
799 247 117 13 huvudkontoret
923 248 37 12 även

516 266 31 9 som
554 263 58 16 revisor,
619 263 89 16 registrator,
715 263 119 17 korrespondent,
842 264 49 13 kassör
898 265 26 13 och
932 265 34 13 bok-

516 274 141 22 hållare
571 270 14 33 i
584 274 73 22 Göteborg
666 281 26 12 och
703 280 52 13 Malmö
760 283 38 11 samt
804 282 80 13 kamrerare
894 282 25 13 vid
929 282 38 13 vissa

516 297 141 16 avdelningskontor;
666 298 45 16 15:de:
718 298 38 13 vissa
762 299 82 13 kamrerare
851 299 24 13 vid
881 299 85 13 huvudkon-

517 315 37 12 toret
567 316 37 11 samt
617 315 24 13 vid
654 318 38 9 vissa
702 315 142 17 avdelningskontor;
853 316 45 13 16:de:
905 317 62 12 sekrete-

516 335 36 12 rare,
558 332 80 13 statistiker
644 332 26 13 och
677 333 38 12 vissa
724 333 81 13 kamrerare
816 333 24 13 vid
848 333 118 14 huvudkontoret

516 342 38 20 samt
564 349 81 13 kamrerare
655 350 5 12 i
670 349 73 17 Göteborg
748 351 26 12 och
779 350 58 17 Malmö;
844 351 46 13 20:de:
896 351 69 13 bankose-

516 366 73 13 kreterare
597 367 27 12 och
633 367 95 13 ombudsman
737 369 37 12 samt
784 362 148 19 bankokommissarie
940 368 25 13 vid

516 383 122 14 huvudkontoret.

534 401 28 13 Vid
574 401 114 16 riksgäldskontoret:
717 402 33 16 g:de
762 402 34 13 eller
809 402 40 13 10:de
864 402 102 16 lönegraderna:

516 418 134 16 kammarskrivare;
662 423 15 12 14:de:
717 419 60 16 notarie,
787 419 54 16 kassör,
850 419 80 13 statistiker
939 420 27 12 och

516 435 83 13 bokhållare
608 438 38 11 samt
655 437 58 15 revisor;
725 436 45 13 16:de:
780 437 87 12 sekreterare
876 437 26 12 och
911 437 56 12 kamre-

515 457 37 11 rare;
559 453 45 15 17:de:
611 453 44 13 förste
660 454 59 16 revisor;
726 454 46 13 20:de:
777 454 158 16 riksgäldssekreterare
940 454 25 13 och

507 468 1 23 |
515 468 94 23 ombudsman
618 472 37 11 samt
664 471 173 16 riksgäldskommissarie.

534 487 27 13 Vid
576 488 135 15 riksdagsbiblioteket:
720 488 40 17 13:de
767 489 93 23 Iönegraden:

505 495 63 33 tekarie
636 509 21 9 1:e
662 505 90 14 bibliotekari

534 522 26 13 Vid
567 516 246 23 juslitieombudsmansexpeditionen:
826 523 40 16 15:de
873 523 93 16 lönegraden:

514 540 92 13 sekreterare.

514 574 9 13 a
533 557 27 13 Vid
569 557 243 17 mititteombudsmansexpeditionen:

524 576 29 12 lent.

532 592 23 12 Av
561 592 17 12 de
584 592 26 13 här
616 593 73 15 upptagna
696 592 104 17 lönegraderna
806 593 63 13 omfatta
875 592 39 16 grad.
921 596 43 12 g9—11

514 609 28 13 fem
548 609 26 13 och
581 609 39 16 grad.
629 613 51 10 12—20
687 610 31 16 fyra
724 610 92 13 löneklasser.
833 610 104 16 Uppflyttning
944 610 22 12 till

515 626 42 16 högre
567 627 70 13 löneklass
645 627 40 13 inom
694 627 107 13 vederbörande
809 627 69 16 lönegrad
887 627 32 13 sker
928 627 4 13 i
941 627 25 13 all-

514 644 59 12 mänhet
586 644 37 13 efter
636 644 25 13 det
675 644 152 15 befattningshavaren
842 644 55 13 tillhört
910 648 55 9 samma

514 661 71 13 löneklass
591 665 7 12 3
604 661 21 13 år.
640 661 33 13 Med
678 662 57 16 hänsyn
742 662 22 13 till
770 661 158 13 levnadskostnaderna
933 662 9 12 å
948 661 18 13 de

514 679 43 15 orter,
566 678 26 13 där
601 678 117 16 tjänstemännen
727 679 25 13 äro
761 679 79 16 placerade,
849 679 69 16 uppdelas
927 679 39 12 löne-

514 695 73 13 klasserna
596 696 5 13 i
611 698 8 13 7
628 697 92 15 ortsgrupper
731 696 61 16 (A—G).

531 712 28 14 Till
572 713 117 16 tjänstemännen
702 714 42 15 utgår
756 714 25 12 lön
794 714 45 16 enligt
852 714 29 12 viss
893 713 73 16 löneplan,

513 733 45 10 varav
566 730 26 14 hår
601 732 21 12 ett
631 730 101 17 sammandrag
740 731 77 13 meddelas.

828 557 45 17 15:de:
883 558 83 16 byråinten-

547 765 50 17 Avd.
631 779 2 3 ÅA.
658 765 40 17 För
709 765 84 22 manliga
805 765 119 21 tjänstemän.

667 793 79 17 Ortsgrupp
755 793 13 13 A
836 794 80 15 Ortsgrupp
926 793 12 13 G

810 797 59 31 RA
918 797 38 31 RR

656 822 36 16 lägst
704 811 12 31 =
735 822 42 16 högst
823 823 38 15 lägst
871 811 16 31 =
903 822 41 16 högst

541 848 34 12 Ög
589 836 20 29 iir
654 845 41 16 3,660
708 835 16 30 —
733 845 41 16 4,860
820 845 41 15 4,596
874 835 15 29 —
903 844 40 16 6,048

533 865 16 9 2ÖR
557 871 69 4 sråvår
654 862 41 16 3,960
704 852 20 30 —
734 862 40 16 5,160
820 865 41 13 4932
874 852 19 30 —
903 862 41 15 6,420

533 882 15 9 Tr
557 889 70 3 eera
654 879 41 16 4,260
734 882 40 13 5,520
822 883 40 12 5,304
905 879 40 15 6,816

533 899 27 10 12.
624 906 2 4 I
654 896 41 16 4860
711 885 16 31 —
734 896 40 16 5,880
821 896 41 16 5048
879 885 16 31 —
905 899 39 12 7212

533 917 15 12 öv
556 923 70 3 sr
655 914 40 15 5,160
707 904 15 29 —
734 914 40 15 5,300
821 914 41 15 6,420
905 913 40 15 7,668

532 934 27 12 4.
654 934 40 12 5,520
706 921 19 29 —
733 931 40 15 6,720
822 931 40 15 6,816
905 931 40 15 8.124

532 950 15 12 15
654 948 40 15 6,300
708 938 15 29 —
733 948 40 15 7,620
822 948 39 15 7,668
904 948 41 16 9,060

532 965 26 12 16.
654 967 40 13 7.140
708 955 15 29 —
733 965 40 15 8,580
821 965 40 15 8580
871 955 15 29 —
896 968 49 12 10,020

532 984 16 11 17
654 982 40 14 7,620
704 974 19 29 —
733 982 40 15 9,060
820 982 41 15 9.060
866 974 19 29 —
896 984 49 12 10,500

532 998 26 12 18.
654 998 40 15 Byroo
700 988 20 31 =
733 1001 40 13 9,540
820 1001 40 13 9,540
866 988 20 31 —
896 998 48 16 10,980

532 1019 93 12 Fan
654 1015 40 16 8580
725 1019 48 12 10,020
813 1019 48 11 10.020
896 1016 49 15 1I1,460

555 1042 70 3 ESV
654 1033 40 15 9,060
706 1023 12 29 —
725 1036 48 11 10,500
784 1023 19 29 =
813 1036 48 12 10.500
867 1023 23 29 =
896 1036 48 12 1IT,940

531 1076 172 17 Felräkningspenningar
711 1077 23 13 må
742 1077 32 16 utgå

528 1094 5 12 i
541 1094 110 12 riksbanken
661 1094 32 13 med
700 1097 39 13 r,500
749 1094 21 13 kr.
777 1094 23 13 till
805 1094 65 13 kassörer
876 1094 24 13 vid
906 1094 56 13 huvud-

512 1111 67 13 kontoret
588 1113 38 11 samt
634 1111 4 13 i
645 1111 73 16 Göteborg
728 1111 26 13 och
765 1111 53 13 Malmö
843 1115 50 10 ävensom
898 1112 22 13 till
926 1112 37 13 före-

512 1128 78 13 ståndarna
605 1128 22 13 för
641 1128 113 16 sedelräknings-
767 1128 26 13 och
802 1129 160 16 mynträkningsavdel-

511 1146 76 15 ningarna,
595 1145 33 13 med
637 1148 26 13 750
671 1146 22 13 kr.
702 1146 23 12 till
735 1146 65 13 kassörer
803 1136 34 32 vid
841 1146 121 16 avdelningskon-

513 1164 22 11 tor
546 1163 40 12 utom
597 1162 73 17 Göteborg
679 1163 26 12 och
719 1163 53 13 Malmö
782 1164 37 12 samt
829 1163 33 13 med
872 1164 26 12 600
908 1164 21 12 kr.
941 1164 22 12 till

512 1179 108 14 föreståndaren
627 1180 22 13 för
654 1180 138 16 bronsmyntkassan
797 1181 69 12 ävensom
871 1181 25 13 två
901 1181 61 16 tjänste-

513 1197 32 12 män
556 1197 5 12 i
571 1197 78 16 Göteborg,
659 1201 31 9 som
699 1197 60 13 förestår
766 1198 123 16 mynträkningen
896 1202 37 12 resp.
941 1198 21 12 bi-

513 1214 48 13 träder
568 1218 17 9 en
593 1218 18 9 av
618 1214 89 15 kassörerna;

530 1225 192 22 iriksgäldskontoret
735 1231 32 13 med
781 1231 41 16 högst
831 1235 38 12 1,200
868 1221 24 33 kr.
904 1232 21 12 till
932 1232 30 13 kas-

512 1248 46 13 sören.

532 1265 90 17 Uppdelning
635 1266 8 13 å
656 1266 23 13 lön
692 1266 27 13 och
733 1266 181 16 tjänstgöringspenningar
927 1267 36 12 före-

513 1282 64 13 kommer
586 1283 31 13 icke
627 1283 44 16 enligt
682 1283 40 13 detta
732 1284 165 19 avlöningsreglemente.

532 1299 60 13 Förmån
603 1304 18 9 av
631 1300 12 13 iri
659 1300 50 13 bostad
720 1300 94 13 förekommer
823 1301 5 12 i
838 1301 78 12 allmänhet
925 1301 31 13 icke

514 1318 34 11 utan
557 1317 35 13 skall
601 1318 80 15 ersättning
689 1318 63 15 erläggas
761 1318 21 12 för
791 1318 109 13 tjänstebostad.

531 1334 28 12 Vid
571 1334 44 13 skada
629 1334 22 13 till
690 1334 9 13 följd
707 1338 19 9 av
734 1335 73 16 olycksfall
816 1335 4 13 i
830 1335 63 16 tjänsten
902 1335 60 13 erhåller

513 1351 88 16 tjänsteman
610 1352 18 13 fri
636 1352 76 13 läkarvård
713 1341 51 33 jämte
771 1352 83 13 läkemedel.

531 1368 77 16 Angående
619 1369 114 16 kallortstillägg,
744 1369 54 15 avdrag
808 1369 8 13 A
828 1369 23 13 lön
863 1369 25 13 vid
899 1369 62 16 ledighet

513 1386 38 12 samt
562 1385 134 17 begravningshjälp
707 1390 19 9 m.
737 1390 19 9 m.
767 1386 37 16 gälla
814 1386 76 13 enahanda
900 1386 61 14 bestärn-

513 1403 51 12 melser
574 1406 30 10 som
614 1403 22 13 för
646 1403 142 16 befattningshavare
794 1403 25 13 vid
825 1403 136 17 statsdepartement

513 1423 19 9 m,
542 1420 15 12 fl.
566 1420 39 13 verk.

532 1436 60 13 Pension
600 1437 41 16 utgår
649 1437 45 16 enligt
703 1441 18 9 av
730 1441 32 12 1927
772 1438 22 12 års
802 1437 57 17 riksdag
867 1439 63 15 antagna
938 1438 22 13 be-

513 1454 88 13 stämmelser
615 1456 20 14 (se
646 1454 101 13 ovannämnda
756 1454 133 16 riksdagsskrivelse
897 1459 17 9 nr
923 1455 37 16 384).

512 1471 72 13 Särskilda
594 1472 135 16 pensionsunderlag
739 1472 24 13 äro
773 1472 75 13 bestämda
857 1472 21 13 till
886 1472 75 13 enahanda

509 1516 8 11 9
