1248 1882
583 46 117 25 Riksdagen

1139 43 66 19 17—7b

166 230 175 38 Riksdagen

79 329 11 23 1
159 337 53 19 Riksg.
222 337 10 15 I.
241 337 20 15 Pa
270 337 27 15 100
305 337 16 15 12
329 337 98 15 Stockholm.
434 337 32 15 Tel.
474 337 57 15 08-786
537 337 20 15 40
563 337 19 15 00

80 368 150 20 Regeringsformen
248 368 31 15 den
298 368 18 15 28
335 368 39 15 febr.
394 368 37 15 1974
449 368 25 19 (nr
494 368 34 17 152;
546 368 79 19 omtryckt

81 391 42 15 1988:
133 391 48 18 1444).
189 390 169 19 Riksdagsordningen
365 390 31 15 den
403 390 18 15 28
428 390 39 15 febr.
475 390 37 15 1974
518 391 26 18 (nr
551 390 34 17 153;
591 395 34 10 om-

79 413 50 19 tryckt
140 413 43 15 1988:
192 413 49 18 1446).
251 412 55 20 Vallag
315 412 31 16 den
356 413 8 15 8
374 412 34 15 dec.
419 413 37 14 1972
465 413 26 18 (nr
499 413 37 17 620;
546 412 79 19 omtryckt

81 436 43 14 1987:
133 436 44 16 1334;
185 435 62 15 ändrad
254 437 53 13 senast
316 435 43 15 1988:
368 435 37 18 161).

80 480 91 19 Riksdagen
177 480 17 15 är
199 480 26 15 det
231 479 65 16 främsta
302 479 124 20 representativa
431 482 105 17 statsorganet
542 479 25 16 för
572 484 53 11 svens-

79 502 20 15 ka
105 502 54 16 folket.
166 502 91 19 Riksdagen
264 502 51 15 stiftar
320 502 30 19 lag,
356 502 70 15 beslutar
431 506 26 11 om
464 502 41 15 skatt
510 502 22 15 till
539 504 50 13 staten
595 502 31 15 och

79 525 96 15 bestämmer
182 525 29 15 hur
218 527 59 13 statens
284 524 52 15 medel
343 524 40 15 skall
391 524 87 15 användas.

101 547 91 19 Riksdagen
200 547 52 15 består
259 551 19 11 av
286 547 29 15 349
323 547 93 18 ledamöter,
424 546 47 15 valda
478 546 52 16 direkt
537 551 19 10 av
564 546 50 16 folket
621 546 4 15 i

79 569 82 15 allmänna
168 569 29 15 val.
204 569 86 15 Ordinarie
296 569 98 19 riksdagsval
402 569 36 19 äger
445 573 33 11 rum
486 571 33 13 vart
526 569 50 19 tredje
582 569 17 15 år
605 569 21 19 på

79 591 50 19 tredje
136 591 83 19 söndagen
227 591 3 15 i
239 591 89 19 september
336 591 64 15 månad.
408 591 87 15 Allmänna
502 591 25 15 val
535 591 23 15 till
580 591 46 15 riksda-

79 618 30 14 gen
118 613 41 19 ägde
168 616 52 12 senast
230 618 34 10 rum
273 613 31 15 den
316 613 16 15 18
341 613 90 19 september
442 613 36 15 1988
488 613 30 15 och
528 618 45 10 avser
581 613 44 15 tiden

80 635 39 16 intill
129 635 36 16 dess
174 640 19 11 en
203 635 59 19 nyvald
271 635 64 20 riksdag
344 635 58 16 samlas
411 635 39 15 efter
459 635 98 20 riksdagsval
567 635 31 15 den
609 636 16 14 15

79 658 90 19 september
178 658 40 15 1991.

101 680 30 15 För
140 680 98 19 riksdagsval
248 681 17 14 är
274 680 39 15 riket
322 680 60 15 indelat
392 680 3 15 i
405 680 19 15 28
433 680 91 15 valkretsar.
534 680 24 15 Av
567 680 20 15 de
596 680 30 15 349

80 702 159 19 riksdagsmandaten
249 703 17 14 är
274 702 29 15 310
312 702 40 15 fasta
361 702 141 18 valkretsmandat,
511 707 35 10 som
556 702 70 15 fördelas

80 724 58 16 mellan
149 724 108 16 valkretsarna
267 724 39 15 efter
316 724 59 16 antalet
385 724 132 19 röstberättigade
527 724 4 15 i
542 724 42 19 varje
594 724 32 15 val-

80 747 45 15 krets.
133 747 45 15 Inom
185 746 42 20 varje
233 746 68 16 vaikrets
307 746 70 16 tillfaller
382 746 87 16 mandaten
475 747 20 15 de
501 746 4 15 i
512 746 114 20 riksdagsvalet

80 769 95 19 deltagande
182 769 80 19 partierna
280 769 112 19 proportionellt
398 769 21 19 på
424 769 78 19 grundval
509 773 19 11 av
535 769 91 15 valresulta-

80 794 21 12 tet
109 791 44 16 inom
162 791 94 15 valkretsen.
265 770 60 46 Övriga
333 792 19 14 39
361 791 66 15 mandat
436 792 17 14 är
461 791 165 20 utjämningsmandat

80 818 34 11 som
124 813 70 16 fördelas
203 814 17 15 så
230 816 22 13 att
261 813 42 20 varje
313 813 48 20 partis
370 813 122 20 sammanlagda
502 814 42 15 antal
555 814 58 19 platser
622 814 4 15 i

80 836 84 19 riksdagen
170 836 17 15 så
192 837 39 14 nära
236 840 34 11 som
276 836 61 19 möjligt
342 840 54 11 svarar
401 838 33 13 mot
439 836 60 15 antalet
503 836 69 19 avgivna
577 837 50 14 röster

80 858 25 15 för
112 858 57 19 partiet
176 858 3 15 i
187 858 36 15 hela
230 858 59 15 landet.

102 881 5 14 I
115 880 112 20 fördelningen
234 885 19 11 av
260 880 140 20 riksdagsmandat
406 880 51 15 deltar
463 880 57 15 endast
527 880 58 19 partier
591 885 35 11 som

80 903 29 15 har
117 902 28 16 fått
154 902 48 16 minst
210 902 35 20 fyra
253 905 67 17 procent
328 907 19 11 av
356 902 73 20 samtliga
438 903 4 14 i
451 902 36 16 hela
495 902 55 16 landet
558 902 68 20 avgivna

80 925 54 15 röster.
142 925 24 15 Ett
172 924 41 20 parti
219 929 35 11 som
261 925 32 15 inte
300 925 28 15 når
334 929 33 15 upp
374 925 22 15 till
403 924 179 20 fyraprocentsgränsen
590 929 36 11 men

80 951 34 11 som
123 947 28 15 har
159 947 62 15 erhållit
229 947 48 15 minst
284 947 33 15 tolv
325 949 67 17 procent
400 952 19 10 av
428 948 71 14 rösterna
507 947 3 15 i
519 947 32 15 viss
558 947 69 15 valkrets

80 969 51 15 deltar
139 969 42 15 dock
190 969 27 15 vid
227 969 112 19 fördelningen
349 974 19 10 av
377 969 20 15 de
406 969 41 15 fasta
456 969 156 15 valkretsmandaten
622 969 4 15 i

80 996 61 11 samma
148 991 73 16 valkrets.

102 1014 70 15 Rösträtt
178 1014 27 15 vid
212 1014 98 19 riksdagsval
317 1014 28 15 har
351 1014 58 15 svensk
416 1014 110 19 medborgare,
533 1019 35 10 som
575 1016 53 13 senast

80 1036 21 19 på
106 1036 78 20 valdagen
190 1036 35 19 fyllt
232 1037 16 15 18
254 1037 17 14 år
275 1036 51 16 under
331 1036 114 20 förutsättning
450 1039 22 12 att
477 1036 31 15 han
514 1037 17 14 är
536 1039 81 16 upptagen
623 1036 3 15 i

81 1058 86 20 röstlängd.

102 1081 30 14 För
138 1083 21 12 att
166 1080 55 16 kunna
227 1083 42 13 utses
275 1080 22 15 till
305 1080 144 20 riksdagsledamot
455 1080 49 20 gäller
510 1085 61 11 samma
578 1080 48 16 behö-

80 1102 97 20 righetskrav
184 1107 35 11 som
227 1102 25 16 för
259 1103 67 15 rösträtt.

102 1125 91 19 Riksdagen
202 1125 127 15 sammanträder
336 1125 23 15 till
368 1125 65 19 lagtima
441 1125 81 18 riksmöte,
531 1125 40 15 efter
579 1125 47 19 nyval

80 1147 21 19 på
108 1147 83 15 femtonde
199 1147 51 19 dagen
259 1147 39 15 efter
305 1147 46 18 valet,
359 1147 31 15 och
398 1147 55 19 övriga
460 1147 17 15 år
484 1147 50 15 första
542 1147 72 19 tisdagen
622 1147 4 15 i

80 1169 68 16 oktober
154 1169 64 15 månad.
226 1169 72 20 Lagtima
305 1169 75 16 riksmöte
387 1169 39 16 skall
434 1170 69 15 avslutas
510 1172 53 13 senast
570 1170 30 15 den
608 1170 16 15 31

80 1192 32 19 maj
122 1191 72 20 följande
204 1192 17 15 år
231 1196 36 11 men
278 1192 30 15 kan
319 1196 27 11 om
356 1192 91 19 synnerliga
456 1192 34 15 skäl
500 1192 85 19 föreligger
595 1192 31 15 för-

80 1214 55 19 längas
140 1214 23 15 till
169 1214 31 15 den
208 1214 15 15 15
228 1214 40 19 juni.
274 1214 55 15 Under
334 1214 23 15 tid
362 1214 21 15 då
389 1214 64 19 lagtima
459 1214 76 15 riksmöte
540 1214 32 15 inte
578 1214 49 19 pågår

80 1236 31 15 kan
119 1236 84 19 riksdagen
211 1236 58 15 samlas
276 1236 22 15 till
306 1236 58 15 urtima
371 1236 80 15 riksmöte.

102 1258 150 19 Riksdagsärenden
261 1258 56 15 bereds
326 1258 4 15 i
340 1259 48 18 något
397 1263 19 10 av
425 1258 93 20 riksdagens
529 1259 16 15 16
554 1258 40 16 fasta
604 1261 22 13 ut-

80 1280 42 15 skott
129 1280 30 15 och
167 1281 57 18 avgörs
230 1285 59 14 genom
296 1280 51 15 beslut
355 1280 3 15 i
366 1280 65 19 plenum
439 1281 112 18 (kammaren).

100 1302 102 15 Beträffande
212 1302 151 19 riksdagsledamots
373 1302 86 19 ersättning
468 1302 29 15 har
505 1302 120 15 bestämmelser

78 1327 53 13 senast
137 1324 56 20 givits
184 1320 15 28 i
201 1324 25 20 lag
232 1324 32 16 den
270 1324 19 16 26
296 1324 31 19 maj
336 1324 37 15 1988
380 1325 26 18 (nr
412 1324 36 19 589)
455 1329 26 10 om
488 1324 87 19 ersättning
582 1328 42 11 m.m.

78 1347 22 15 till
107 1347 92 19 riksdagens
206 1346 92 16 ledamöter.
304 1347 65 15 Arvode
375 1347 45 19 utgår
426 1346 36 15 med
468 1346 60 19 belopp
534 1346 25 15 för
565 1346 59 15 månad

78 1373 35 11 som
119 1371 88 13 motsvarar
212 1369 31 15 den
249 1368 130 20 genomsnittliga
384 1369 48 14 lönen
438 1368 25 15 för
468 1368 66 19 tjänster
539 1373 34 10 som
579 1368 45 19 byrå-

78 1391 54 15 chefer
139 1391 26 15 vid
173 1390 63 20 statliga
244 1390 110 20 myndigheter
361 1391 31 15 och
400 1395 34 11 som
443 1390 72 18 rådmän,
524 1390 100 15 hovrättsråd

78 1413 30 15 och
115 1413 145 15 kammarrättsråd.
267 1413 71 15 Arvodet
344 1415 88 13 motsvarar
438 1413 48 15 lönen
493 1412 22 16 till
522 1412 102 16 statstjänste-

79 1440 36 10 man
122 1435 4 15 i
133 1435 77 19 lönegrad
218 1435 14 15 N
239 1435 36 15 30:7
282 1435 25 19 (19
314 1435 28 15 275
350 1435 66 15 kr/mån
424 1435 3 15 i
434 1435 32 15 okt.
475 1435 48 18 1988).
531 1435 57 15 Därtill
594 1434 30 16 till-

78 1457 73 15 kommer
156 1457 166 19 kostnadsersättning
327 1462 34 10 som
367 1457 46 19 utgår
418 1457 36 15 med
460 1457 60 19 belopp
526 1459 99 13 motsvaran-

78 1479 20 15 de
104 1479 25 15 för
134 1480 16 14 år
156 1479 56 15 räknat
217 1480 19 14 70
242 1480 15 14 94
262 1484 19 10 av
286 1479 26 15 det
318 1479 26 15 vid
350 1480 41 14 årets
396 1479 59 19 ingång
460 1479 74 19 gällande
539 1479 85 19 basbelop-

79 1504 26 17 pet
112 1501 48 20 enligt
168 1502 46 19 lagen
222 1506 27 11 om
257 1502 59 14 allmän
325 1501 94 20 försäkring.
427 1501 30 15 Till
465 1501 71 15 ledamot
543 1506 35 10 som
586 1501 14 19 ej
608 1502 17 14 är

78 1524 88 19 berättigad
176 1524 22 15 till
208 1524 106 15 traktamente
323 1524 45 19 utgår
377 1523 166 20 kostnadsersättning
552 1523 36 15 med
598 1523 26 15 be-

79 1546 39 19 lopp
126 1550 34 11 som
170 1549 88 12 motsvarar
266 1546 32 15 helt
306 1546 94 19 basbelopp.
409 1546 46 15 Såväl
464 1545 66 16 arvodet
539 1550 35 11 som
582 1546 42 15 kost-

79 1568 148 19 nadsersättningen
236 1569 17 14 är
261 1568 108 19 skattepliktig
378 1568 74 15 inkomst.
462 1568 95 15 Ledamöter
565 1572 34 11 som
608 1569 17 14 är

78 1590 63 15 bosatta
148 1590 64 15 utanför
219 1590 176 15 Stockholmsområdet
401 1590 24 15 får
431 1590 105 15 traktamente
543 1590 39 15 efter
588 1592 36 13 stat-

79 1612 31 20 liga
117 1617 68 11 normer.
195 1613 30 15 För
233 1612 161 20 riksdagsledamöter
402 1617 34 11 som
444 1613 18 14 är
468 1612 64 15 bosatta
540 1612 58 15 mellan
608 1612 16 15 15

79 1635 30 15 och
117 1635 20 15 70
145 1635 26 15 km
180 1634 35 16 från
224 1635 84 19 riksdagen
317 1635 45 19 utgår
370 1635 82 15 reducerat
460 1635 110 15 traktamente.
580 1634 44 15 Riks-

79 1657 111 19 dagsledamot
197 1657 24 15 får
228 1657 20 19 på
255 1657 27 15 det
289 1657 90 15 allmännas
386 1657 89 15 bekostnad
483 1656 51 16 företa
541 1661 47 11 resor.

100 1679 93 15 Utskottens
201 1679 99 15 ordförande
308 1679 31 15 och
347 1679 35 15 vice
390 1679 99 15 ordförande
497 1679 87 18 redovisas,
593 1679 31 15 för-

79 1704 43 13 utom
132 1701 4 15 i
145 1701 120 15 nedanstående
274 1701 101 20 förteckning
383 1702 38 14 över
429 1701 93 19 riksdagens
531 1701 93 18 ledamöter,

79 1724 40 14 även
128 1724 50 15 under
186 1723 36 15 avd.
231 1728 18 10 nr
257 1724 14 15 8.
280 1723 130 16 Statskalendern
419 1723 82 16 redovisar
509 1723 115 19 riksdagsleda-

79 1747 72 14 möterna
159 1745 4 15 i
171 1745 31 16 den
211 1745 119 20 ordningsföljd
338 1746 4 14 i
350 1746 53 15 vilken
412 1746 19 15 de
439 1746 17 15 är
464 1748 82 17 upptagna
554 1745 4 15 i
566 1745 31 15 den
606 1750 19 10 av

631 1826 18 17 51

660 335 83 19 riksdagen
751 335 95 19 upprättade
854 335 125 19 förteckningen.
988 331 84 19 Årssiffror
1079 335 44 15 inom
1131 338 73 16 parentes

659 357 86 15 betecknar
755 357 66 20 tidigare
832 357 111 19 ledamotskap
954 362 19 10 av
984 357 84 20 riksdagen
1078 358 35 18 (FK
1128 364 12 5 =
1155 357 49 15 första

660 379 97 18 kammaren,
765 380 30 15 AK
806 387 13 5 =
829 380 51 15 andra
887 380 98 18 kammaren,
994 380 12 14 R
1017 387 12 5 =
1040 380 96 19 riksdagen).

739 432 156 21 Partiställningen
903 432 5 16 i
917 432 94 21 riksdagen

1012 473 47 15 Antal
1067 473 88 16 ledamöter

949 490 51 30 Män
1049 495 74 16 Kvinnor
1136 496 52 15 Totalt

661 512 177 29 Socialdemokraterna
970 518 20 14 94
1058 518 19 15 62
1139 519 27 14 156

662 538 84 16 Moderata
753 539 134 20 samlingspartiet
970 540 19 15 48
1060 541 17 14 18
1146 541 20 15 66

651 557 107 28 Folkpartiet
970 562 19 15 25
1060 563 17 15 19
1146 564 20 14 44

650 579 80 28 Centern
959 581 30 28 26
1060 585 17 15 16
1146 586 19 14 42

661 606 124 19 Vänsterpartiet
792 606 137 15 kommunisterna
972 607 16 15 13
1068 607 9 15 8
1146 608 17 14 21

661 627 105 20 Miljöpartiet
773 628 20 15 de
800 628 56 15 Gröna
972 625 9 28 1"
1068 630 9 14 9
1146 630 20 15 20

660 671 89 19 Riksdagen
756 672 46 14 totalt
959 672 30 15 217
1049 673 27 14 132
1135 673 30 15 349

739 723 112 17 Procentuell
863 723 100 22 fördelning
975 729 20 11 av
1006 724 89 22 kvinnliga
1108 724 97 18 ledamöter

739 755 47 17 inom
794 756 89 21 partierna

1039 795 55 29 Antal
1136 800 66 15 Procent

650 815 187 30 Socialdemokraterna
1057 822 19 14 62
1135 822 35 18 39,7

661 842 84 15 Moderata
752 842 134 20 samlingspartiet
1059 844 16 15 18
1135 844 34 18 27,3

649 860 108 27 Folkpartiet
1059 866 17 15 19
1135 866 35 18 43,2

649 882 80 28 Centern
1059 888 17 15 16
1135 889 32 17 38,1

660 908 124 20 Vänsterpartiet
791 909 137 16 kommunisterna
1067 911 8 14 8
1135 911 32 18 38,1

660 930 105 20 Miljöpartiet
772 931 20 15 de
799 931 56 16 Gröna
1066 933 9 14 9
1134 933 36 18 45,0

659 974 89 19 Riksdagen
755 975 46 14 totalt
1048 976 27 15 132
1134 976 36 18 37,8

659 1023 26 23 Ja
702 1019 25 38 —
739 1025 131 27 Riksdagen

737 1074 65 15 Talman

659 1096 73 15 Peterson
738 1097 53 18 Thage
799 1096 51 15 Edvin
857 1096 79 18 Gerhard,
943 1097 25 17 33,
976 1097 18 15 88
1002 1101 6 11 s

738 1140 53 14 Förste
797 1140 32 15 vice
835 1140 59 14 talman

658 1162 86 15 Troedsson
752 1162 79 19 Ingegerd,
839 1162 24 18 29,
871 1162 18 15 79
897 1167 14 10 m

738 1205 51 15 Andre
795 1205 32 15 vice
834 1205 58 15 talman

659 1227 65 15 Eirefelt
730 1227 29 15 Jan
767 1227 75 18 Christer,
850 1228 24 17 42,
882 1228 18 15 88
908 1227 17 19 fp

737 1270 55 19 Tredje
798 1270 32 15 vice
837 1271 58 14 talman

659 1292 69 18 Fiskesjö
736 1292 47 14 Bertil
791 1292 47 14 Allan
847 1292 40 17 Nils,
894 1292 24 17 28,
926 1292 19 15 86
952 1296 9 10 c

660 1342 28 23 7b

660 1393 69 14 Bohman
739 1393 22 15 Bo
769 1393 50 15 Gösta
827 1393 24 14 JK
860 1392 17 15 fd
886 1393 75 17 Statsråd,
972 1393 21 17 11,
1001 1393 37 18 (AK
1048 1393 59 15 58—69
1117 1394 27 14 FK
1153 1394 26 18 70)
1187 1394 15 14 71

680 1415 107 18 (Stockholm)
795 1419 14 10 m

660 1437 79 14 Lindkvist
746 1437 53 15 Oskar
806 1437 69 14 William
883 1437 79 19 Org.chef,
970 1437 24 17 21,
1001 1437 37 18 (AK
1046 1437 60 15 61—64
1112 1438 68 18 66—70)
1187 1438 16 14 71

680 1459 107 18 (Stockholm)
796 1459 54 15 BoU:s
857 1459 34 14 vice
898 1459 40 15 ordf.
946 1463 7 11 s

660 1481 63 15 Werner
730 1481 38 15 Lars
776 1481 49 19 Helge
832 1481 118 18 Ombudsman,
958 1481 24 18 35,
990 1481 35 19 (FK
1032 1482 67 18 65—70)
1107 1482 16 14 71
1132 1482 73 19 (Tyresö)

682 1503 82 15 Partiordf.
771 1503 32 19 vpk

660 1526 87 14 Andersson
753 1525 37 15 Sten
796 1526 45 14 Sture
847 1525 76 18 Statsråd,
929 1526 24 17 23,
959 1526 35 18 (FK
1000 1526 67 18 66—70)
1073 1526 16 15 71
1097 1526 108 19 (Stockholm)

680 1552 7 10 s

660 1570 95 14 Fridolfsson
763 1570 39 19 Filip
809 1570 69 15 William
886 1570 81 18 Fabrikör,
974 1570 25 18 23,
1006 1570 37 18 (AK
1050 1571 60 14 65—70
1118 1571 13 14 R
1138 1571 67 18 72—79)

680 1592 19 14 82
706 1592 108 18 (Stockholm)
821 1596 14 11 m

659 1614 84 19 Sigurdsen
752 1614 67 15 Gertrud
828 1614 81 15 Christina
918 1614 17 15 fd
944 1614 77 18 Statsråd,
1030 1614 24 18 23,
1063 1615 38 18 (AK
1110 1615 68 18 69—70)
1187 1615 15 15 71

680 1636 107 18 (Stockholm)
794 1641 7 10 s

660 1658 59 15 Gradin
729 1658 46 15 Anita
786 1658 76 19 Ingegerd
872 1658 75 18 Statsråd,
957 1659 25 17 33,
991 1659 38 18 (AK
1038 1659 67 18 69—70)
1115 1659 16 15 71
1142 1659 62 19 (Stock-

680 1680 51 19 holm)
738 1685 6 11 s

660 1703 85 15 Hellström
756 1703 43 15 Mats
808 1703 52 15 Johan
871 1703 75 18 Statsråd,
956 1703 25 18 42,
991 1703 37 19 (AK
1038 1704 67 18 69—70)
1115 1704 16 14 71
1142 1704 63 18 (Stock-

680 1725 51 18 holm)
738 1730 6 10 s

659 1747 66 15 Theorin
732 1747 48 15 Karin
787 1747 35 19 Maj
828 1747 39 15 Britt
873 1747 90 19 Margareta
969 1747 114 18 Ambassadör,
1089 1748 24 17 32,
1119 1748 16 15 71
1143 1748 62 19 (Stock-

680 1769 51 19 holm)
738 1774 6 10 s

739 1348 116 17 Stockholms
864 1348 97 17 kommuns
970 1348 78 17 valkrets
