1074 1572
114 227 61 24 [142]

131 266 49 34 V.
230 264 291 47 Riksdagen,
553 265 28 36 d

518 55 116 23 Riksdagen.

589 278 74 23 ess
695 264 329 38 Ombudsmän

446 318 89 37 och
566 318 140 36 Verk.

266 392 144 36 Riksdagen.
575 412 1 11 |

131 438 66 16 Lagtima
210 438 58 16 riksdag
281 438 53 16 skall,
324 430 9 31 i
347 438 40 13 kraft
400 442 19 10 av
432 438 44 14 rikets
489 438 77 16 regerings-

111 456 42 16 form,
165 456 109 13 sammanträda
286 456 41 16 varje
339 456 15 13 år
365 456 28 13 den
406 460 17 9 10
434 456 58 16 januari
488 448 48 31 eller,
542 448 25 31 om

112 474 61 15 helgdag
180 474 19 12 då
206 473 73 16 inträffar,
286 474 46 15 dagen
340 473 68 13 därefter.
575 486 1 4 I

130 492 50 12 Första
191 491 87 13 kammarens
290 491 72 13 ledamöter
373 492 26 12 äro
411 494 26 13 150
448 491 27 13 och
487 491 46 16 väljas
545 491 31 13 för
563 483 17 31 |

112 509 32 13 åtta
154 509 21 16 år,
184 509 64 13 räknade
257 509 33 13 från
299 509 27 13 och
336 509 33 13 med
379 509 57 16 januari
445 509 60 13 månads
515 509 51 17 början

112 527 30 13 året
152 528 33 12 näst
195 527 36 13 efter
241 527 29 16 det,
280 527 46 13 under
335 527 46 13 vilket
390 527 39 13 valet
439 527 43 16 skett,
490 531 18 9 av
519 527 47 13 lands-

112 545 56 15 tingens
177 545 80 13 ledamöter
265 545 27 13 och
301 545 58 13 särskilt
368 545 61 13 utsedda
439 545 70 13 elektorer
518 545 22 13 för
548 545 18 13 de

111 563 54 15 städer,
174 566 31 9 som
214 563 13 15 ej
237 562 58 16 deltaga
304 562 4 13 i
317 562 78 16 landsting.
414 562 28 13 För
451 562 24 14 val
485 562 21 13 till
515 563 51 12 Första

111 581 83 13 kammaren
203 581 16 12 är
226 580 38 13 riket
272 580 55 13 indelat
335 580 4 13 i
349 584 16 12 19
373 580 85 13 valkretsar.
475 580 91 13 Stockholms
574 579 2 21 |

111 599 33 12 stad
152 599 27 12 och
187 598 81 16 Göteborgs
276 598 32 13 stad
318 599 51 15 utgöra
377 602 27 9 var
412 598 22 13 för
442 598 21 16 sig
471 602 17 9 en
498 598 67 14 valkrets.
574 601 2 7 |

111 616 52 13 Annan
172 616 38 16 stad,
219 620 31 9 som
260 616 13 16 ej
282 616 64 16 deltager
355 616 5 13 i
369 616 77 16 landsting,
456 616 48 13 tillhör
510 620 56 9 samma

111 634 64 13 valkrets
186 638 31 9 som
228 634 26 13 det
266 633 143 16 landstingsområde,
421 634 32 13 vari
463 634 51 13 staden
526 634 39 13 förut
574 639 1 16 |

110 652 53 16 ingått.
185 651 41 13 Flera
238 651 149 16 landstingsområden
400 651 49 13 kunna
461 652 114 14 sammanföras
565 643 12 31 |

110 670 5 12 i
128 674 18 8 en
159 669 69 16 valkrets;
241 673 33 9 men
288 669 13 16 ej
315 669 24 13 må
352 669 139 16 landstingsområde
504 669 40 13 delas
557 670 9 12 å

110 687 47 13 skilda
168 687 86 13 valkretsar.
275 687 93 16 Indelningen
380 687 4 13 i
396 687 81 13 valkretsar
488 687 77 13 innehålles

110 706 4 12 i
126 705 70 16 vallagen.
218 705 27 13 För
256 705 40 16 varje
307 705 64 13 valkrets
382 705 45 16 väljes
438 705 37 13 efter
486 705 79 16 folkmäng-

110 723 28 13 den
150 723 39 13 inom
200 723 32 13 dess
244 723 59 13 område
314 727 17 9 en
343 723 99 16 riksdagsman
454 723 22 13 för
487 724 33 12 vart
532 723 43 13 fullt
565 715 12 31 |

111 741 25 16 tal,
143 741 103 13 motsvarande
254 741 28 15 '/150
289 745 19 9 av
314 740 45 14 rikets
364 740 89 16 folkmängd.
463 741 102 13 Valkretsarna

110 758 54 14 indelas
172 759 4 13 i
184 759 31 13 åtta
222 762 68 13 grupper,
296 758 48 14 vilken
352 758 73 16 indelning
432 758 78 14 fastställes
523 758 5 14 i
535 759 30 13 val-

110 777 45 15 lagen.
174 777 44 16 Varje
226 777 15 12 år
250 777 46 12 under
304 777 81 16 september
393 777 53 12 månad
455 776 36 13 skall
499 776 40 14 inom
547 781 17 9 en

110 798 18 9 av
137 794 64 13 nämnda
209 798 62 12 grupper
280 794 69 13 förrättas
358 794 23 13 val
390 794 22 13 för
421 794 97 16 nästföljande
527 794 38 14 åtta-

110 812 77 16 årsperiod.
211 812 28 13 Det
253 812 40 13 antal
307 812 99 16 riksdagsmän
420 812 18 13 de
451 812 70 13 särskilda
535 812 30 13 val-

110 830 74 13 kretsarna
199 830 40 13 skola
254 831 32 12 utse
301 830 86 13 bestämmes
402 830 46 15 enligt
463 830 102 13 ovannämnda

110 852 41 9 norm
162 852 19 9 av
192 848 80 16 Konungen
283 849 34 12 vart
328 851 30 10 10:e
369 848 16 13 år
396 848 25 16 (K.
432 848 44 16 kung.
484 848 50 13 härom
542 846 22 17 ""/;

110 866 47 16 1931).
179 866 71 12 Ledamot
263 870 19 8 av
295 866 51 13 Första
359 866 88 16 kammaren,
461 869 31 10 som
505 866 31 13 icke
549 867 16 12 är

110 884 49 12 bosatt
168 883 8 13 å
184 885 27 14 ort,
221 884 26 12 där
255 883 58 16 riksdag
322 883 49 16 hålles,
380 883 65 16 åtnjuter
454 887 18 9 av
480 884 84 13 statsmedel

110 901 94 13 resekostnad
216 901 22 13 till
244 901 27 13 och
278 901 32 13 från
317 901 75 16 riksdagen
400 901 46 16 jämte
452 902 22 12 ett
480 902 84 15 dagtrakta-

109 921 49 11 mente
174 923 19 9 av
209 922 17 12 25
239 919 22 13 kr.
276 919 23 13 för
308 919 62 13 vardera
379 923 42 9 resan
430 920 39 12 samt
479 920 21 12 ett
509 919 55 13 arvode

109 937 46 13 under
163 937 77 16 riksdagen
250 941 19 9 av
279 941 41 11 4,000
331 937 22 13 kr.
369 937 52 13 Annan
428 937 63 13 ledamot
498 941 19 9 av
524 937 39 13 kam-

108 958 50 10 maren
173 954 65 17 åtnjuter
252 955 54 13 arvode
320 958 19 9 av
355 958 40 12 3,000
404 955 22 13 kr.
445 955 76 16 Därjämte
531 956 33 15 äger

108 972 105 16 riksdagsman,
222 976 32 9 som
263 972 45 13 under
317 972 59 16 lagtima
386 972 58 16 riksdag
454 973 36 13 efter
500 973 63 16 beviljad

108 990 63 16 ledighet
186 990 60 13 besöker
260 990 79 16 hemorten,
354 991 23 12 att
390 994 19 9 av
421 990 84 14 statsmedel
518 991 45 13 undfå

108 1008 81 16 ersättning
202 1008 22 13 för
237 1008 46 13 därav
295 1008 75 13 föranledd
379 1008 98 16 resekostnad,
491 1008 37 13 dock
542 1009 21 13 för

108 1026 43 16 högst
165 1029 7 13 5
186 1029 39 10 resor
237 1026 39 13 fram
285 1026 26 13 och
322 1026 36 13 åter.
376 1026 63 13 Valbara
449 1026 38 13 äro
477 1018 17 31 i
497 1026 66 14 kommu-

108 1047 52 10 nernas
173 1043 74 14 allmänna
261 1043 120 17 angelägenheter
394 1044 122 16 röstberättigade
528 1045 35 12 män

108 1062 27 13 och
145 1061 67 16 kvinnor,
222 1065 31 10 som
262 1062 65 16 uppnått
337 1065 15 12 35
364 1062 23 12 års
396 1062 45 13 ålder.

127 1080 49 12 Andra
184 1079 87 13 kammarens
279 1080 73 12 ledamöter
359 1080 26 12 äro
394 1083 30 12 230,
433 1079 44 13 valda
485 1079 22 13 för
515 1083 17 9 en
542 1079 21 14 tid

108 1101 19 9 av
136 1097 32 16 fyra
177 1097 20 15 år,
206 1097 64 13 räknade
278 1097 32 13 från
319 1097 26 13 och
355 1097 32 13 med
397 1097 57 16 januari
461 1097 61 13 månads
531 1097 32 13 bör-

107 1115 25 16 jan
144 1115 30 13 året
184 1116 33 12 näst
227 1115 37 13 efter
274 1115 29 16 det,
314 1115 46 13 under
370 1115 45 13 vilket
425 1115 39 13 valet
475 1115 43 13 skett.
534 1115 28 13 För

107 1133 42 13 dessa
155 1132 24 14 val
185 1134 16 11 är
207 1133 37 13 riket
250 1133 54 13 indelat
311 1132 4 14 i
322 1133 17 13 28
345 1133 85 16 valkretsar,
436 1137 32 9 som
473 1133 39 17 välja
518 1133 45 13 minst

108 1154 8 13 3
121 1151 100 15 riksdagsmän
226 1154 32 10 var.
273 1151 43 16 Varje
321 1151 64 13 valkrets
390 1151 36 13 skall
431 1151 43 13 alltså
480 1151 18 13 ha
503 1155 17 9 en
526 1151 36 13 folk-

107 1169 58 15 mängd,
176 1172 31 9 som
217 1168 5 13 i
232 1168 38 16 regel
280 1170 42 14 utgör
331 1167 31 17 3/23
372 1172 19 10 av
401 1169 44 13 rikets
455 1169 107 13 invånarantal.

108 1186 51 13 Rikets
174 1186 74 16 indelning
262 1186 5 13 i
283 1186 80 14 valkretsar
377 1186 79 14 innehålles
471 1186 5 13 i
491 1187 71 16 vallagen.

108 1204 43 16 Varje
161 1204 23 13 län
194 1206 43 14 utgör
246 1208 18 9 en
274 1204 68 16 valkrets,
353 1206 41 12 utom
405 1202 78 18 Älvsborgs
492 1204 29 16 län,
531 1208 31 10 som

107 1223 16 12 är
136 1221 39 14 delat
188 1222 5 13 i
206 1226 7 9 2
227 1222 61 15 kretsar,
301 1222 72 16 varjämte
386 1222 64 17 följande
462 1223 48 12 städer
523 1222 39 14 bilda

107 1243 26 10 var
142 1240 21 13 sin
172 1239 69 14 valkrets:
251 1240 13 15 1)
273 1240 89 16 Stockholm,
371 1240 13 16 2)
395 1240 57 16 Malmö,
462 1240 100 16 Hälsingborg,
570 1246 1 17 |

108 1258 94 13 Landskrona
214 1258 27 12 och
254 1258 46 16 Lund,
314 1258 13 16 3)
340 1258 78 16 Göteborg.
434 1258 29 13 Det
475 1258 41 13 antal
526 1258 36 13 riks-

107 1275 74 16 dagsmän,
200 1275 40 17 varje
258 1275 64 14 valkrets
340 1277 33 14 äger
390 1277 37 14 utse,
445 1276 79 13 fastställes
540 1276 22 13 för

106 1293 41 26 varje
161 1293 107 17 fyraårsperiod
282 1297 19 9 av
317 1293 80 16 Konungen
412 1294 25 16 (K.
451 1294 45 16 kung.
510 1294 51 13 härom

107 1310 24 17 71/3
142 1311 47 16 1932).

125 1329 49 13 Andra
185 1329 91 13 kammarens
286 1328 80 14 ledamöter
376 1328 58 17 åtnjuta
444 1333 56 9 samma
510 1330 52 13 ersätt-

106 1346 35 16 ning
154 1350 30 9 som
198 1346 52 13 Första
263 1346 96 13 kammarens.
372 1353 19 3 —
404 1347 57 13 Valrätt
475 1347 87 13 tillkommer

106 1367 44 10 envar
162 1364 53 13 svensk
224 1367 33 10 man
266 1364 27 13 och
303 1364 58 16 kvinna,
371 1368 31 9 som
410 1366 49 11 senast
467 1365 46 12 under
523 1366 39 12 näst-

106 1381 86 16 föregående
204 1381 85 14 kalenderår
301 1382 33 16 fyllt
347 1385 16 13 23
377 1382 20 16 år,
410 1382 37 13 dock
459 1382 14 16 ej
485 1382 32 16 den,
530 1386 32 10 som

105 1400 32 12 står
149 1399 45 13 under
207 1399 120 17 förmyuderskap
339 1400 33 13 eller
385 1401 15 12 är
413 1400 5 13 i
427 1400 134 16 konkurstillstånd,

106 1417 13 16 ej
132 1417 43 13 heller
186 1417 33 16 den,
230 1421 31 9 som
268 1418 16 12 är
291 1421 19 9 av
317 1417 73 13 allmänna
396 1418 98 15 fattigvården
502 1418 60 13 omhän-

105 1435 69 16 dertagen
183 1435 22 12 för
213 1435 67 16 varaktig
287 1435 92 16 försörjning,
387 1435 34 13 eller
428 1436 34 15 den,
469 1439 32 10 som
508 1437 16 12 är
529 1436 32 13 från

106 1452 72 14 valrätten
188 1452 73 14 utesluten
272 1453 19 16 på
300 1453 47 16 grund
357 1457 20 9 av
386 1453 54 13 honom
450 1453 53 13 ådömd
512 1454 50 13 straff-

106 1470 61 16 påföljd.
191 1470 62 13 Valbara
265 1472 25 11 äro
302 1472 33 11 män
345 1472 27 11 och
382 1471 67 15 kvinnor,
459 1475 30 9 som
497 1472 27 15 äga
531 1472 30 12 val-

586 398 30 12 rätt
629 397 40 13 inom
679 396 82 14 valkretsen
771 397 38 16 eller,
819 397 27 13 där
854 397 41 16 fråga
905 398 16 13 är
929 401 25 10 om
961 398 39 16 stad,
1009 402 31 10 som

586 414 48 14 består
643 418 19 10 av
671 414 36 14 flera
716 415 86 16 valkretsar,
811 415 40 13 inom
860 415 48 16 någon
918 419 19 10 av
944 416 46 13 dessa.

604 433 27 13 Till
639 433 38 13 båda
685 433 77 13 kamrarna
770 433 25 13 ske
803 433 42 14 valen
853 434 33 13 med
894 434 110 16 proportionellt
1009 434 31 13 val-

585 451 35 12 sätt.

603 467 77 14 Allmänna
689 468 25 13 val
723 468 21 13 till
753 468 50 13 Andra
811 468 84 14 kammaren
904 469 54 13 skedde
966 471 49 11 senast
1024 469 16 13 år

586 489 40 12 1932,
635 485 40 13 vilka
683 485 24 13 val
715 485 38 16 gälla
760 485 23 14 för
791 486 69 16 perioden
869 487 97 16 1933—1936.

704 532 75 18 Första
793 532 123 19 kammaren.

724 569 115 18 Stockholms
850 570 48 17 stad.

666 598 125 21 (Mandattiden
804 599 49 22 utgår
865 599 19 17 år
898 600 58 22 1937.)

584 633 84 20 Klefbeck,
685 635 51 16 Ernst
748 635 66 20 Alarik,
827 636 78 21 Kyrkoh.
919 634 52 23 [713],
984 637 12 15 f.
1010 637 28 18 66;

608 659 22 15 29
643 657 42 21 (adr.
699 658 112 21 Stockholm).

584 682 82 21 Trygger,
679 683 56 19 Ernst,
749 683 121 16 Univ.kansler
882 681 53 23 [716],
949 685 10 15 f.
974 683 28 20 57;
1016 685 22 15 29

607 704 42 21 (adr.
663 705 112 21 Stockholm).

583 729 83 20 Stendahl,
675 731 45 19 Sten,
730 731 160 21 Bankofullmäktig
898 729 53 23 [195],
961 732 10 16 f.
981 730 27 21 76;
1016 732 22 16 29

607 752 42 21 (adr.
663 753 111 21 Stockholm).

583 777 73 20 Lindley,
674 778 71 16 Charles
759 779 65 19 Gustaf,
837 779 28 16 Sv.
879 780 160 20 transportarbetar-

607 802 101 16 förbundets
726 803 144 19 förtroendeman,
889 803 11 16 f.
918 803 28 19 65;
960 803 22 16 29
995 801 43 22 (adr.

607 822 121 24 Äppelviken).

583 848 77 20 Forssell,
674 850 39 16 Carl
726 850 94 20 Abraham,
830 850 88 16 Professor
926 848 53 23 [723],
988 851 11 16 f.
1009 851 28 19 81;

620 874 9 15 9
642 871 42 22 (adr.
698 872 112 22 Stockholm).

583 896 80 21 Hagman,
676 897 45 16 Emil
735 898 62 19 Oskar,
810 898 18 15 tf.
841 897 87 21 Byråchef
935 896 40 23 [88],
987 899 12 15 f.
1008 899 28 19 80;

619 921 10 15 9
642 919 42 21 (adr.
698 919 99 21 Ulvsunda).

582 944 75 21 Löfgren,
673 945 53 20 Jonas
745 945 50 20 Eliel,
815 946 81 15 Advokat
914 943 53 23 [194],
982 946 12 16 f.
1008 945 28 20 72;

607 969 21 15 29
641 967 42 21 (adr.
697 967 112 21 Stockholm).

581 991 61 20 Ström,
654 993 41 15 Otto
708 993 78 19 Fredrik,
799 993 93 19 Redaktör,
906 994 10 15 f.
926 993 28 20 80;
964 994 22 16 29
993 992 43 21 (adr.

606 1015 99 20 Ulvsunda).

581 1039 82 19 Carlsson,
676 1040 45 19 Olof,
735 1041 43 15 Led.
792 1046 20 10 av
821 1040 165 22 Försäkringsrådet
995 1039 40 23 [91],

605 1064 11 15 f.
630 1063 28 20 72;
672 1064 22 16 30
706 1062 43 21 (adr.
763 1063 111 21 Stockholm).

581 1086 75 20 Nerman,
675 1088 50 19 Ture,
745 1088 33 16 Fil.
797 1088 28 20 K.,
841 1088 127 20 Skriftställare,
982 1089 11 16 f.
1007 1089 28 19 86;

606 1111 20 16 31
640 1109 42 22 (adr.
696 1110 112 22 Stockholm).

581 1134 85 22 Branting,
684 1136 64 20 Georg,
765 1136 15 20 J.
800 1136 27 19 K.,
847 1136 85 20 Advokat,
946 1137 11 15 f.
970 1135 29 21 87;
1013 1137 21 16 31

604 1157 42 22 (adr.
660 1157 113 22 Stockholm).

580 1182 62 21 Bagge,
658 1183 53 16 Gösta
729 1184 100 19 Adolfsson,
849 1184 87 16 Professor
954 1182 53 22 [721],
1023 1185 11 15 f.

605 1207 28 19 82;
647 1207 22 16 32
682 1205 42 21 (adr.
737 1206 112 21 Stockholm).

581 1257 129 25 [143—144]

628 1289 115 18 Stockholms
755 1290 32 17 län
800 1290 32 17 och
848 1290 84 22 Uppsala
944 1291 38 17 län.

660 1318 125 22 (Mandattiden
798 1319 50 23 utgår
860 1319 19 18 år
894 1319 57 23 1938.)

580 1348 62 20 Möller,
659 1349 46 16 Fritz
718 1350 70 19 Gustav,
801 1349 76 17 Statsråd
890 1348 40 23 [52],
943 1351 12 16 f.
969 1351 28 19 84;
1011 1352 22 16 30

603 1371 42 21 (adr.
659 1372 112 21 Stockholm).

580 1396 57 19 Borell,
656 1397 43 16 Karl
718 1397 63 16 Gustaf
797 1397 86 20 Theodor,
897 1398 69 16 Hhövd.
979 1396 54 23 [216],

604 1421 11 15 f.
629 1421 27 18 69;
671 1420 22 17 30
705 1418 43 22 (adr.
761 1419 108 23 Storängen).

580 1443 98 19 Wahlmark,
698 1444 39 16 Carl
752 1445 71 19 Primus,
837 1445 23 15 fd.
874 1445 92 21 Typograf,
979 1446 11 15 f.
1004 1446 29 18 83;

616 1468 10 15 0
639 1466 41 21 (adr.
695 1467 86 21 Uppsala).

552 1515 29 15 154
