1078 1574
452 67 115 22 Riksdagen.

50 192 61 24 [142]

68 230 49 35 V.
167 228 289 47 Riksdagen,
488 228 109 37 dess
629 227 326 38 Ombudsmän

382 282 89 37 och
502 282 138 36 Verk.

203 360 143 28 Riksdagen.

69 403 67 16 Lagtima
148 403 58 15 riksdag
219 402 53 16 skall,
263 392 9 33 i
285 402 39 13 kraft
337 406 19 9 av
368 402 45 13 rikets
426 402 77 16 regerings-

50 421 42 15 form,
104 421 108 13 sammanträda
224 421 40 15 varje
276 420 16 13 år
303 421 27 12 den
344 424 16 9 10
372 420 57 16 januari
435 420 37 16 eller,
480 424 24 9 om

51 439 60 16 helgdag
118 439 19 13 då
144 438 73 16 inträffar,
224 439 45 15 dagen
278 438 67 13 därefter.

69 457 49 13 Första
130 457 86 13 kammarens
227 456 73 13 ledamöter
311 458 25 11 äro
349 460 25 12 150
385 456 27 13 och
424 456 46 16 väljas
481 456 22 13 för

51 475 31 13 åtta
95 475 18 15 år,
122 475 64 12 räknade
196 474 32 13 från
237 475 27 12 'och
274 474 33 13 med
316 474 57 16 januari
382 474 61 13 månads
452 474 51 16 början

51 493 30 12 året
91 494 33 11 näst
133 493 37 12 efter
179 492 29 16 det,
218 493 45 12 under
273 492 45 13 vilket
328 492 38 13 valet
376 492 43 16 skett,
427 496 19 9 av
457 492 46 13 lands-

51 511 56 15 tingens
116 510 79 13 ledamöter
203 510 27 13 och
239 510 58 13 särskilt
306 510 61 13 utsedda
376 510 70 13 elektorer
455 510 22 12 för
486 510 17 13 de

50 529 54 15 städer,
113 532 31 9 som
153 528 13 16 ej
176 528 57 16 deltaga
242 528 5 12 i
255 528 78 15 landsting.
352 528 27 12 För
388 528 25 13 val
422 528 22 12 till
453 528 51 13 Första

51 547 83 12 kammaren
142 547 16 12 är
165 546 37 13 riket
210 546 55 13 indelat
273 546 5 12 i
287 549 16 13 19
311 546 85 13 valkretsar.
413 546 90 13 Stockholms

50 564 33 13 stad
92 564 26 13 och
127 564 79 15 Göteborgs
215 564 33 12 stad
256 565 51 14 utgöra
316 567 26 9 var
350 564 22 12 för
380 564 22 15 sig
409 568 17 8 en
436 564 67 12 valkrets.

50 582 52 13 Annan
112 582 37 15 stad,
158 586 32 9 som
199 582 12 15 ej
221 581 64 16 deltager
294 581 4 13 i
308 581 76 16 landsting,
394 581 48 13 tillhör
448 585 55 9 samma

50 600 64 12 valkrets
125 603 31 9 som
168 600 25 12 det
204 599 143 16 landstingsområde,
359 599 32 13 vari
401 599 51 13 staden
464 599 39 13 förut

50 618 52 15 ingått.
124 618 41 12 Flera
178 617 148 16 landstingsområden
339 617 48 13 kunna
399 617 104 13 sammanföras

50 635 4 13 i
68 639 17 9 en
99 635 68 16 valkrets;
181 639 32 9 men
227 635 12 16 ej
254 635 23 13 må
291 635 138 15 landstingsområde
443 635 39 13 delas
495 635 8 13 å

50 653 46 13 skilda
108 653 85 13 valkretsar.
214 653 93 15 Indelningen
318 653 5 13 i
335 653 79 13 valkretsar
426 653 77 13 innehålles

50 671 4 13 i
66 671 70 16 vallagen.
157 671 27 12 För
195 671 40 15 varje
246 671 64 12 valkrets
321 671 45 16 väljes
377 671 36 12 efter
424 671 79 15 folkmäng-

50 689 28 13 den
89 689 40 13 inom
140 689 32 12 dess
183 689 58 12 område
253 693 17 8 en
282 689 98 15 riksdagsman
392 689 23 12 för
426 690 32 11 vart
471 689 32 12 fullt

51 707 25 16 tal,
83 707 102 13 motsvarande
194 707 28 15 '/1s0
228 710 19 9 av
253 707 45 12 rikets
304 706 87 16 folkmängd.
402 707 102 13 Valkretsarna

50 725 66 13 indelas
103 714 14 33 i
124 725 31 13 åtta
162 728 67 13 grupper,
236 724 48 13 vilken
291 724 73 16 indelning
371 725 78 12 fastställes
462 725 4 12 i
474 725 29 12 val-

50 743 46 16 lagen.

51 764 18 10 av
78 761 63 12 nämnda
150 764 61 13 grupper
220 760 69 13 förrättas
298 760 23 13 val
330 760 22 13 för
360 760 97 16 nästföljande
466 760 38 13 åtta-

51 778 77 16 årsperiod.
151 779 29 12 Det
193 778 40 13 antal
247 778 99 16 riksdagsmän
359 778 18 13 de
390 778 71 13 särskilda
474 779 30 12 val-

51 797 74 12 kretsarna
140 796 40 13 skola
195 798 31 11 utse
241 796 87 13 bestämmes
342 796 46 16 enligt
402 797 102 12 ovannämnda

51 818 41 9 norm
107 818 19 9 av
137 814 80 16 Konungen
227 815 34 12 vart
272 818 30 9 10:e
313 814 16 13 år
341 814 23 16 (K.
376 814 43 16 kung.
430 814 51 13 härom
486 813 18 17 9/s

52 832 46 16 1924).
121 832 70 13 Ledamot
204 836 18 9 av
235 832 52 13 Första
299 832 89 16 kammaren,
401 836 31 9 som
445 832 31 13 icke
489 833 16 12 är

51 850 49 13 bosatt
109 850 8 12 å
126 851 27 15 ort,
162 850 26 12 där
196 850 58 16 riksdag
262 849 49 16 hålles,
321 850 64 16 åtnjuter
394 854 18 9 av
420 850 85 13 statsmedel

51 868 93 13 resekostnad
155 868 22 12 till
188 868 26 12 och
225 867 32 13 från
269 868 75 15 riksdagen
356 869 38 11 samt
405 868 5 12 i
420 868 84 16 dagtrakta-

51 887 48 11 mente
112 889 17 12 32
142 886 28 15 kr.,
183 885 44 13 vilket
239 886 127 15 dagtraktamente
378 885 13 16 ej
404 885 22 13 får
433 886 72 15 överstiga

51 903 96 16 sammanlagt
158 906 42 13 4,500
210 903 23 13 kr.
253 903 52 13 Annan
316 903 64 13 ledamot
391 907 18 9 av
421 903 83 13 kammaren

51 921 53 13 undfår
111 921 4 12 i
123 921 126 15 dagtraktamente
256 925 18 11 24
281 921 27 16 kr.,
315 921 38 13 dock
359 921 96 16 sammanlagt
462 921 42 16 högst

52 942 41 13 3,400
102 939 22 12 kr.
142 939 75 16 Därjämte
226 940 34 14 äger
268 939 104 15 riksdagsman,
381 943 32 8 som
422 939 45 13 under
476 939 28 15 lag-

52 957 35 13 tima
97 957 58 15 riksdag
164 956 37 13 efter
210 957 64 16 beviljad
284 957 62 15 ledighet
356 957 59 12 besöker
425 957 79 15 hemorten,

52 976 22 11 att
83 978 19 9 av
110 974 84 13 statsmedel
203 974 45 13 undfå
257 974 80 16 ersättning
346 974 22 12 för
376 975 45 12 därav
430 975 74 12 föranledd

51 992 98 15 resekostnad,
163 991 37 13 dock
213 991 22 13 för
249 991 42 16 högst
304 995 8 9 2
326 995 38 9 resor
377 992 38 12 fram
428 992 27 12 och
469 992 35 12 åter.

52 1009 62 13 Valbara
126 1010 26 12 äro
163 1010 34 12 män
209 1009 27 13 och
248 1009 62 13 kvinnor
321 1013 31 9 som
364 1009 33 16 fyllt
410 1012 16 13 35
439 1009 16 13 år
466 1011 38 11 samt

52 1028 26 15 äga
88 1027 27 13 och
125 1027 44 13 minst
180 1031 7 12 3
198 1027 16 13 år
223 1027 31 13 före
263 1027 39 13 valet
313 1028 25 15 ägt
345 1027 73 16 fastighet,
426 1027 78 16 taxerings-

52 1045 70 13 värderad
131 1045 22 12 till
161 1045 87 13 åtminstone
257 1048 50 12 50,000
316 1045 22 13 kr.
347 1045 33 13 eller
388 1045 27 13 ock
424 1045 22 13 till
456 1046 47 12 staten

51 1063 49 13 skatta
112 1064 38 11 samt
162 1063 45 12 under
218 1063 44 15 sagda
275 1063 21 13 tid
308 1063 56 13 skattat
376 1063 22 12 för
409 1063 64 13 inkomst
485 1067 18 9 av

52 1081 45 12 minst
107 1084 41 12 3,000
157 1081 58 12 kronor.

69 1104 50 13 Andra
127 1104 86 13 kammarens
221 1104 72 13 ledamöter
301 1105 25 12 äro
335 1108 31 12 230,
375 1104 43 13 valda
426 1104 22 13 för
456 1108 17 9 en
483 1104 21 13 tid

52 1126 18 8 av
78 1122 33 16 fyra
120 1122 20 15 år,
149 1122 63 13 räknade
220 1122 32 12 från
261 1122 27 13 och
297 1122 33 13 med
338 1122 58 16 januari
403 1122 60 13 månads
472 1122 32 13 bör-

51 1140 25 16 jan
87 1140 30 12 året
127 1141 33 11 näst
170 1139 36 13 efter
216 1140 29 15 det,
256 1140 46 13 under
312 1140 45 12 vilket
367 1140 39 13 valet
416 1140 44 13 skett.
475 1140 28 12 För

51 1158 41 12 dessa
98 1157 24 13 val
128 1159 16 11 är
149 1158 38 12 riket
193 1157 54 13 indelat
253 1157 4 13 i
264 1158 16 12 28
287 1158 85 15 valkretsar,
378 1161 31 9 som
415 1158 39 16 välja
460 1158 44 12 minst

52 1179 7 12 3
65 1175 98 16 riksdagsmän
170 1179 31 9 var.
215 1175 43 16 Varje
263 1175 64 13 valkrets
332 1175 36 13 skall
373 1175 42 13 alltså
421 1176 18 12 ha
445 1179 17 9 en
468 1175 36 13 folk-

51 1193 58 16 mängd,
119 1197 32 9 som
160 1193 5 13 i
175 1193 37 16 regel
222 1194 43 15 utgör
274 1192 30 16 3/23
314 1197 19 9 av
343 1193 44 13 rikets
397 1193 106 13 invånarantal.

52 1211 50 13 Rikets
117 1211 73 16 indelning
205 1211 5 13 i
225 1211 80 13 valkretsar
320 1211 78 13 innehålles
413 1211 5 13 i
433 1211 71 16 vallagen.

51 1228 44 16 Varje
105 1228 23 13 län
138 1230 42 14 utgör
190 1232 16 9 en
217 1229 68 15 valkrets,
295 1230 42 12 utom
347 1227 78 18 Älvsborgs
434 1229 29 16 län,
473 1233 31 9 som

51 1247 16 12 är
80 1246 39 13 delat
132 1246 4 13 i
149 1250 8 9 2
171 1246 60 16 kretsar,
244 1247 72 15 varjämte
328 1246 64 16 följande
404 1247 49 12 städer
465 1247 39 12 bilda

51 1268 26 8 var
86 1264 21 12 sin
116 1264 68 13 valkrets:
194 1264 12 16 1)
217 1264 87 16 Stockholm,
314 1264 13 16 2)
337 1264 57 15 Malmö,
404 1264 100 16 Hälsingborg,

52 1282 93 12 Landskrona
151 1282 27 12 och
185 1282 46 15 Lund,
238 1282 13 16 3)
259 1282 77 16 Göteborg.
352 1282 29 13 Det
387 1282 40 13 antal
433 1282 71 16 riksdags-
513 1295 1 3 |

52 1301 38 14 män,
100 1300 40 15 varje
148 1300 64 12 valkrets
220 1301 34 14 äger
262 1301 36 14 utse,
308 1300 78 13 fastställes
394 1300 22 13 för
421 1300 40 16 varje
466 1300 38 16 fyra-

52 1317 73 16 årsperiod
135 1321 18 9 av
165 1317 84 16 Konungen.

70 1335 50 13 Andra
130 1335 90 13 kammarens
231 1335 78 13 ledamöter
320 1335 57 16 åtnjuta
388 1339 55 9 samma
453 1337 51 11 ersätt-

52 1352 34 16 ning
99 1357 31 9 som
143 1353 51 13 Första
207 1353 95 13 kammarens,
316 1360 19 2 —
347 1353 57 13 Valrätt
418 1353 87 13 tillkommer

51 1374 44 10 envar
107 1371 52 13 svensk
168 1375 33 9 man
210 1371 27 13 och
247 1371 58 16 kvinna,
314 1375 31 9 som
354 1372 48 12 senast
410 1371 46 13 under
466 1372 39 12 näst-

52 1388 85 16 föregående
149 1388 84 13 kalenderår
245 1389 33 16 fyllt
291 1393 16 11 23
320 1389 21 16 år,
353 1389 37 13 dock
402 1389 13 16 ej
429 1389 31 15 den,
474 1393 30 9 som

51 1407 31 12 står
94 1407 46 12 under
151 1407 120 16 förmynderskap
283 1407 33 13 eller
329 1408 16 12 är
356 1407 6 13 i
370 1407 134 16 konkurstillstånd,

52 1424 12 16 ej
78 1424 42 13 heller
132 1425 32 15 den,
175 1428 31 9 som
212 1426 17 11 är
235 1428 19 9 av
261 1424 73 14 allmänna
340 1425 98 16 fattigvården
446 1425 59 13 omhän-

51 1442 69 16 dertagen
129 1442 21 13 för
158 1443 67 15 varaktig
232 1443 91 16 försörjning,
331 1443 34 13 eller
372 1443 33 15 den,
413 1446 31 10 som
442 1435 24 30 är
473 1435 32 30 från

52 1460 72 13 valrätten
134 1460 72 13 utesluten
217 1460 19 16 på
246 1461 46 15 grund
302 1464 19 9 av
330 1461 54 12 honom
394 1461 53 12 ådömd
456 1461 49 12 straff-

52 1478 60 16 påföljd,
122 1478 13 16 ej
144 1478 43 13 heller
197 1478 92 16 värnpliktig,
300 1482 31 9 som
340 1478 31 13 icke
380 1478 65 17 fullgjort
453 1479 18 12 de
480 1479 25 13 ho-

115 743 43 16 Varje
166 743 16 12 år
190 743 45 12 under
243 742 81 16 september
332 742 53 13 månad
394 742 36 13 skall
438 743 40 12 inom
486 747 17 8 en
512 743 1 6 |

841 64 129 25 [142—143]

522 364 35 9 nom
571 362 10 11 t.
596 365 13 9 o.
619 365 19 8 m.
653 361 74 15 utgången
737 364 19 9 av
765 360 98 13 sistförflutna
872 360 101 13 kalenderåret

522 378 75 16 åliggande
611 378 158 17 värnpliktsövningar.
792 378 62 13 Valbara
866 379 25 12 äro
902 379 33 12 män
946 378 26 13 och

522 397 66 15 kvinnor,
595 400 32 9 som
634 398 26 14 äga
668 396 54 13 valrätt
727 396 39 13 inom
772 396 81 13 valkretsen
858 396 38 16 eller,
901 396 27 13 där
932 396 41 16 fråga

522 416 15 11 är
546 418 24 9 om
578 414 37 16 stad,
625 418 31 9 som
666 414 48 13 består
720 418 19 9 av
746 414 36 13 flera
789 414 85 16 valkretsar,
880 414 39 13 inom
925 414 47 16 någon

522 436 18 9 av
548 433 45 12 dessa.

539 450 28 13 Till
575 450 37 13 båda
620 450 76 13 kamrarna
704 450 25 13 ske
737 450 42 13 valen
787 450 33 13 med
827 450 109 17 proportionellt
943 450 30 13 val-

522 470 34 11 sätt.

540 486 76 13 Allmänna
625 486 24 13 val
658 486 21 13 till
688 486 49 13 Andra
746 486 82 13 kammaren
838 486 53 13 skedde
900 487 47 12 senast
957 486 15 13 år

523 504 39 16 1928,
571 504 39 13 vilka
618 504 25 13 val
651 504 37 16 gälla
695 504 23 13 för
726 504 67 16 perioden
804 508 94 12 1929—1932.

640 539 74 18 Första
728 539 121 18 kammaren.

512 578 1 7 I
660 570 114 17 Stockholms
786 570 47 17 stad.

603 599 124 21 (Mandattiden
740 599 48 22 utgår
801 599 18 17 år
833 599 57 22 1937.)

521 629 84 19 Klefbeck,
622 631 50 15 Ernst
684 630 65 20 Alarik,
763 631 76 20 Kyrkoh.
853 628 52 23 [713],
919 631 11 15 f.
944 631 28 17 66;

546 655 21 15 29
580 652 42 22 (adr.
636 652 110 21 Stockholm).

522 679 22 15 H.
555 679 40 15 Exc.
604 677 76 21 Trygger
689 676 28 23 [5],
726 679 11 15 f.
747 678 28 19 57;
783 679 22 15 29
812 676 41 22 (adr.
862 676 110 22 Stockholm).

522 701 88 22 Thorberg,
617 703 54 20 Johan
681 703 53 15 Arvid
740 703 81 20 Justinus,
829 703 144 20 Landsorganisa-

546 727 66 15 tionens
620 724 98 23 ordf.[501],
726 727 10 15 f.
746 726 27 19 77;
781 727 21 15 29
812 725 41 21 (adr.
861 725 111 21 Stockholm).

522 749 81 19 Stendahl,
623 750 45 19 Sten,
688 750 112 16 Grosshandl.
816 748 52 22 [968],
884 751 11 15 f.
910 750 27 19 76;
951 751 22 15 29

512 772 2 14 |
545 773 42 21 (adr.
601 772 110 21 Stockholm).

522 797 72 20 Lindley,
612 798 71 16 Charles
696 798 65 19 Gustaf,
775 798 27 16 Sv.
816 798 158 21 transportarbetar-

546 822 100 15 förbundets
664 822 142 19 förtroendeman,
826 823 10 15 f.
854 822 27 19 65;
896 822 22 16 29
931 820 42 21 (adr.

546 843 120 23 Äppelviken).

522 869 77 19 Forssell,
612 870 40 15 Carl
665 870 92 19 Abraham,
767 870 87 15 Professor
863 867 51 23 [723],
924 870 11 15 f.
945 869 28 20 81;

547 894 21 15 29
581 892 43 21 (adr.
637 891 111 22 Stockholm).

522 916 80 21 Hagman,
621 917 45 16 Emil
686 917 61 19 Oskar,
767 916 123 22 Byråassistent
908 915 40 22 [88],
962 918 11 15 f.

547 941 27 18 80;
588 941 22 15 29
623 939 42 21 (adr.
678 939 98 21 Ulvsunda).

522 969 31 11 von
566 964 65 20 Sydow,
649 965 54 15 Adolf
720 965 82 20 Hjalmar,
816 965 42 15 Led.
871 971 21 9 av
904 965 69 15 Arbets-

546 987 48 16 rådet
605 986 40 21 [89],
659 988 11 15 f.
684 988 27 18 62;
725 988 22 15 29
760 986 41 21 (adr.
816 986 110 21 Stockholm).

522 1010 75 21 Löfgren,
613 1011 52 21 Jonas
684 1011 49 19 Eliel,
753 1012 80 15 Advokat
851 1009 52 22 [194],
920 1012 11 15 f.
945 1010 27 20 72;

559 1036 9 15 9
580 1034 43 21 (adr.
636 1033 111 22 Stockholm).

522 1058 59 19 Ström,
594 1059 40 16 Otto
647 1059 77 19 Fredrik,
738 1060 86 18 Direktör,
838 1060 10 14 f.
862 1059 27 19 80;
900 1059 21 16 29
931 1057 43 21 (adr.

546 1080 120 23 Äppelviken).

521 1105 100 20 Samuelson,
639 1107 32 15 Per
689 1107 61 19 Oskar,
770 1107 131 19 Ekonomichef,
918 1107 10 15 f.
945 1106 28 19 85;

546 1131 22 15 29
580 1128 42 22 (adr.
636 1128 110 22 Stockholm).

523 1168 128 24 [143—144]

569 1200 114 18 Stockholms
696 1201 32 16 län
741 1200 31 18 och
789 1200 83 22 Uppsala
884 1201 38 17 län.

602 1229 124 21 (Mandattiden
739 1230 48 22 utgår
800 1230 18 17 år
833 1229 57 22 1930.)

512 1259 2 12 |
522 1259 62 19 Möller,
597 1261 45 15 Fritz
655 1261 69 18 Gustav,
733 1259 67 21 (förutv.
810 1260 86 20 Statsråd),
907 1261 67 15 Redak-

546 1286 30 17 tör,
590 1285 11 15 f.
615 1284 27 19 84;
657 1285 21 15 22
691 1282 41 22 (adr.
746 1283 111 21 Stockholm).

522 1307 111 21 Lagerbjelke,
643 1308 55 21 Johan
712 1308 64 19 Gustaf,
787 1308 60 19 Greve,
856 1309 23 15 fd.
889 1307 87 22 Byråchef

546 1329 52 23 [937],
611 1332 11 15 f.
637 1332 27 18 60;
678 1332 22 15 22
712 1330 42 21 (adr.
768 1329 41 19 Älvs

522 1355 118 19 Reuterskiöld,
659 1356 39 15 Carl
714 1356 68 21 Ludvig
794 1356 66 21 August
872 1356 49 19 Axel,
935 1356 39 16 Pro-

513 1383 1 16 |
546 1380 54 15 fessor
612 1377 52 22 [717],
677 1380 11 15 f.
702 1378 27 20 70;
744 1380 21 15 22
778 1378 42 21 (adr.
834 1378 85 22 Uppsala).

513 1401 1 25 |
522 1401 98 25 Wahlmark,
640 1403 38 16 Carl
694 1404 70 19 Primus,
779 1404 91 20 Typograf,
883 1404 11 15 f.
909 1403 27 19 83;
951 1404 22 15 22

546 1425 41 21 (adr.
601 1425 86 23 Uppsala).

523 1450 134 21 Hammarskjöld,
671 1451 47 16 Knut
730 1451 77 21 Hjalmar
816 1451 84 19 Leonard,
909 1452 65 15 Lands-

547 1475 76 20 hövding
635 1472 51 23 [476],
700 1475 11 15 f.
725 1475 28 19 62;
767 1475 22 15 22
802 1473 41 21 (adr.
857 1473 86 23 Uppsala).

497 1522 33 16 143
