1058 1570
110 49 128 24 [142—143]

513 50 114 21 Riksdagen.

110 180 60 24 [142]

128 219 48 34 V.
226 216 287 48 Riksdagen,
545 216 109 37 dess
686 215 326 38 Ombudsmän

439 270 89 37 och
559 270 138 36 Verk.

262 349 142 27 Riksdagen.

128 391 66 16 Lagtima
206 391 58 15 riksdag
277 390 52 16 skall,
320 381 8 32 i
342 390 39 13 kraft
395 394 18 9 av
426 390 44 13 rikets
483 390 77 16 regerings-

109 409 41 16 form,
163 409 107 13 sammanträda
282 409 40 15 varje
334 409 15 12 år
361 409 27 12 den
401 412 17 9 10
430 408 56 16 januari
492 408 37 16 eller,
536 412 24 9 om

109 427 60 16 helgdag
177 427 18 13 då
202 427 72 15 inträffar,
282 427 45 15 dagen
335 427 67 12 därefter.

127 445 49 13 Första
188 445 86 12 kammarens
285 445 72 12 ledamöter
368 445 25 12 äro
406 448 25 11 150
443 444 26 13 och
481 445 46 12 väljas
538 444 22 13 för

109 462 32 13 åtta
151 462 20 16 år,
180 462 64 13 räknade
254 462 31 13 från
295 462 27 12 och
331 462 33 12 med
374 462 57 15 januari
440 462 59 12 månads
510 462 50 15 början

109 480 30 13 året
149 481 33 12 näst
191 480 37 13 efter
237 480 29 15 det,
276 480 45 12 under
330 479 45 13 vilket
385 480 39 12 valet
433 480 44 15 skett,
484 483 18 9 av
513 479 47 13 lands-

110 498 55 16 tingens
174 498 78 13 ledamöter
261 498 27 12 och
297 498 57 12 särskilt
363 498 62 12 utsedda
433 497 70 13 elektorer
512 497 22 13 för
543 497 17 13 de

109 516 53 15 städer,
171 519 31 10 som
211 516 12 16 ej
233 515 58 16 deltaga
300 515 4 13 i
314 515 76 16 landsting.
409 515 28 13 För
446 515 24 13 val
479 515 21 13 till
510 515 50 13 Första

109 534 82 13 kammaren
200 535 16 11 är
223 534 37 12 riket
268 533 54 13 indelat
330 533 5 13 i
344 537 16 12 19
368 533 85 13 valkretsar.
470 533 90 13 Stockholms

109 552 33 13 stad
150 552 26 13 och
185 551 79 16 Göteborgs
273 551 32 13 stad
314 552 51 15 utgöra
373 555 26 9 var
408 551 22 13 för
437 551 22 16 sig
467 555 16 9 en
492 551 68 13 valkrets.

109 570 51 12 Annan
170 570 37 15 stad,
217 573 30 9 som
257 569 12 16 ej
279 569 63 16 deltager
351 569 5 12 i
365 569 76 15 landsting,
452 569 47 12 tillhör
506 572 54 9 samma

109 588 63 12 valkrets
183 591 31 9 som
226 587 24 13 det
262 587 142 15 landstingsområde,
416 587 32 12 vari
459 587 50 12 staden
521 587 39 12 förut

108 605 53 16 ingått.
182 605 42 13 Flera
236 605 148 15 landstingsområden
396 605 49 12 kunna
457 605 103 12 sammanföras

108 623 5 13 i
126 627 17 9 en
157 623 68 16 valkrets;
239 627 32 9 men
285 623 12 16 ej
311 623 24 12 må
348 622 139 16 landstingsområde
500 622 39 13 delas
552 622 8 13 å

108 641 46 13 skilda
166 641 85 13 valkretsar.
272 641 92 15 Indelningen
376 641 4 12 i
392 640 80 13 valkretsar
483 640 77 13 innehålles

108 659 5 13 i
124 659 69 16 vallagen.
214 659 28 12 För
253 659 40 16 varje
304 659 63 12 valkrets
378 658 45 16 väljes
434 658 36 13 efter
481 658 79 16 folkmäng-

108 677 27 13 den
147 677 39 13 inom
197 677 32 13 dess
240 677 59 12 område
310 680 17 9 en
338 676 99 16 riksdagsman
449 676 23 13 för
482 678 33 11 vart
527 676 32 13 fullt

109 695 24 15 tal,
141 695 102 13 motsvarande
252 695 27 15 '/:so
286 698 19 9 av
311 694 45 13 rikets
361 694 87 16 folkmängd.
459 694 102 13 Valkretsarna

108 713 54 13 indelas
169 713 5 12 i
181 713 32 12 åtta
220 716 66 13 grupper,
293 712 48 13 vilken
348 712 73 16 indelning
428 712 77 13 fastställes
519 712 5 12 i
531 712 29 12 val-

108 731 46 16 lagen.
172 730 43 17 Varje
224 731 15 12 år
248 730 45 13 under
301 730 80 16 september
389 730 54 12 månad
451 730 36 13 skall
495 730 39 12 inom
543 734 17 9 en

109 753 18 9 av
135 749 63 12 nämnda
207 752 62 12 grupper
277 748 69 13 förrättas
355 748 24 13 val
387 748 22 12 för
418 748 96 16 nästföljande
523 748 37 12 åtta-

109 766 77 16 årsperiod.
209 766 29 13 Det
251 766 41 13 antal
304 766 99 15 riksdagsmän
417 766 17 12 de
447 765 70 13 särskilda
531 765 29 13 val-

108 784 75 13 kretsarna
197 784 41 13 skola
252 785 32 12 utse
299 784 86 12 bestämmes
399 783 46 16 enligt
459 783 101 13 ovannämnda

108 806 42 9 norm
165 806 18 9 av
195 802 79 16 Konungen
285 803 33 11 vart
329 805 30 9 10:e
370 801 15 13 år
398 801 24 17 (K.
433 801 43 16 kung.
487 801 50 13 härom
543 800 17 17 9/s

110 820 45 16 1924).
178 820 70 13 Ledamot
261 824 19 8 av
293 820 51 12 Första
357 819 87 16 kammaren,
458 823 30 9 som
501 819 31 13 icke
545 820 16 12 är

109 838 48 13 bosatt
166 838 8 12 å
183 839 27 14 ort,
219 838 26 12 där
253 838 58 15 riksdag
320 837 48 16 hålles,
378 837 64 16 åtnjuter
450 841 19 9 av
477 837 83 13 statsmedel

108 856 93 13 resekostnad
213 856 21 12 till
245 856 27 12 och
283 855 31 13 från
326 855 75 16 riksdagen
413 856 37 12 samt
461 855 5 12 i
477 855 83 15 dagtrakta-

108 875 48 11 mente
169 877 16 12 32
199 874 27 15 kr.,
239 873 45 13 vilket
297 873 126 16 dagtraktamente
435 873 12 16 ej
461 873 21 12 får
489 873 72 15 överstiga

108 892 96 15 sammanlagt
215 895 41 12 4,500
268 891 22 13 kr.
310 891 52 12 Annan
373 891 63 13 ledamot
448 895 18 8 av
478 891 82 12 kammaren

109 910 52 12 undfår
168 910 4 12 i
180 909 126 16 dagtraktamente
313 913 17 11 24
338 909 27 15 kr.,
372 909 37 12 dock
416 908 95 16 sammanlagt
519 909 41 15 högst

109 931 40 12 3,400
159 927 21 13 kr.
199 927 75 16 Därjämte
283 928 33 14 äger
325 927 103 15 riksdagsman,
438 930 31 9 som
478 926 45 13 under
532 926 28 16 lag-

109 945 35 13 tima
154 945 58 16 riksdag
221 945 37 13 efter
268 945 62 16 beviljad
340 944 63 16 ledighet
413 945 59 12 besöker
482 945 78 15 hemorten,

109 965 22 11 att
140 967 19 9 av
167 963 84 13 statsmedel
260 963 45 12 undfå
313 962 81 16 ersättning
402 963 22 12 för
432 963 46 12 därav
486 962 74 13 föranledd

108 981 98 15 resekostnad,
220 981 37 12 dock
270 981 22 12 för
306 981 41 15 högst
361 984 7 9 2
382 984 39 9 resor
434 980 37 13 fram
484 980 27 13 och
525 980 35 13 åter,

109 999 62 13 Valbara
183 1000 26 11 äro
220 1000 34 11 män
266 999 27 12 och
305 998 62 13 kvinnor
378 1002 31 9 som
421 998 33 16 fyllt
467 1001 15 13 35
496 998 15 13 år
523 999 37 12 samt

109 1018 27 15 äga
145 1017 27 13 och
182 1017 44 13 minst
237 1020 7 12 3
255 1016 16 13 år
281 1016 30 13 före
321 1016 39 13 valet
370 1017 24 15 ägt
401 1016 73 16 fastighet,
483 1016 77 15 taxerings-

108 1035 71 13 värderad
188 1035 22 12 till
218 1034 88 13 åtminstone
315 1038 49 12 50,000
373 1034 21 13 kr.
403 1034 34 13 eller
445 1034 27 13 ock
481 1034 21 12 till
513 1035 47 12 staten

108 1053 49 13 skatta
169 1054 38 11 samt
219 1053 45 12 under
276 1052 44 16 sagda
332 1052 21 13 tid
364 1052 57 13 skattat
432 1052 23 13 för
466 1052 63 13 inkomst
540 1055 19 9 av

109 1070 46 13 minst
165 1074 41 12 3,000
215 1070 58 13 kronor.

127 1094 48 13 Andra
184 1094 86 13 kammarens
278 1094 72 13 ledamöter
358 1094 25 12 äro
392 1097 30 12 230,
431 1093 43 13 valda
482 1093 22 13 för
512 1097 17 9 en
539 1093 21 13 tid

109 1116 18 9 av
136 1112 32 16 fyra
176 1112 21 16 år,
206 1112 63 12 räknade
277 1111 32 13 från
318 1112 27 12 och
353 1112 33 12 med
395 1111 56 16 januari
460 1111 60 13 månads
529 1111 31 13 bör-

108 1130 25 16 jan
144 1130 30 13 året
184 1131 33 11 näst
227 1130 36 12 efter
273 1130 29 15 det,
313 1129 45 13 under
368 1129 45 13 vilket
423 1129 39 13 valet
472 1129 43 13 skett.
531 1129 28 12 För

108 1148 41 12 dessa
155 1148 24 12 val
185 1149 16 11 är
206 1148 37 12 riket
249 1147 54 13 indelat
310 1147 4 13 i
321 1147 16 13 28
344 1147 84 16 valkretsar,
435 1151 31 9 som
471 1147 39 16 välja
516 1147 44 13 minst

109 1169 7 12 3
121 1166 99 15 riksdagsmän
226 1169 31 9 var.
272 1165 43 16 Varje
320 1165 63 13 valkrets
389 1165 36 13 skall
430 1165 42 12 alltså
478 1165 18 13 ha
502 1168 17 9 en
525 1164 35 13 folk-

108 1183 58 16 mängd,
176 1187 31 9 som
217 1183 5 13 i
231 1183 38 16 regel
279 1184 42 14 utgör
331 1182 30 16 3/23
371 1187 18 8 av
399 1183 45 12 rikets
453 1182 106 13 invånarantal,

109 1201 50 13 Rikets
174 1201 73 16 indelning
262 1201 5 12 i
282 1201 80 13 valkretsar
377 1201 78 12 innehålles
470 1200 5 13 i
490 1200 70 16 vallagen.

108 1219 43 16 Varje
161 1219 23 12 län
194 1220 43 15 utgör
246 1223 18 8 en
274 1219 67 15 valkrets,
352 1220 41 11 utom
403 1217 78 17 Älvsborgs
491 1218 28 16 län,
529 1222 31 9 som

108 1238 16 12 är
137 1237 38 13 delat
188 1237 5 12 i
206 1240 7 10 2
227 1237 61 15 kretsar,
301 1237 71 15 varjämte
385 1236 64 16 följande
461 1236 48 13 städer
522 1236 38 13 bilda

108 1259 26 8 var
142 1255 22 12 sin
173 1254 67 13 valkrets:
251 1255 12 15 1)
273 1254 87 16 Stockholm,
370 1255 13 15 2)
393 1254 57 16 Malmö,
461 1254 98 16 Hälsingborg,

108 1273 94 12 Landskrona
208 1273 26 12 och
242 1273 45 15 Lund,
295 1272 13 16 3)
316 1272 76 16 Göteborg.
408 1273 29 12 Det
443 1272 40 13 antal
489 1272 71 16 riksdags-

108 1292 38 14 män,
156 1291 40 15 varje
205 1290 63 13 valkrets
277 1291 33 15 äger
319 1292 36 14 utse,
364 1290 78 13 fastställes
451 1290 21 13 för
478 1290 39 16 varje
522 1290 38 16 fyra-

108 1308 73 16 årsperiod
191 1312 19 9 av
221 1308 84 16 Konungen.

127 1326 49 13 Andra
186 1326 90 13 kammarens
287 1326 78 12 ledamöter
376 1326 57 16 åtnjuta
443 1329 55 9 samma
508 1327 52 11 ersätt-

108 1344 35 15 ning
155 1348 31 9 som
200 1344 50 12 Första
264 1344 95 13 kammarens,
372 1351 18 1 —
403 1343 57 13 Valrätt
474 1344 86 12 tillkommer

108 1365 44 9 envar
164 1362 51 12 svensk
224 1365 33 9 man
267 1362 26 12 och
303 1361 57 16 kvinna,
370 1365 31 9 som
410 1362 48 12 senast
467 1361 44 13 under
521 1362 39 11 näst-

108 1379 84 16 föregående
205 1379 84 13 kalenderår
301 1379 33 16 fyllt
346 1383 17 12 23
376 1379 20 15 år,
409 1379 37 13 dock
459 1379 12 16 ej
484 1379 32 15 den,
529 1382 31 9 som

108 1398 30 12 står
150 1397 45 13 under
207 1397 120 16 förmynderskap
339 1397 33 13 eller
384 1398 16 11 är
412 1397 5 12 i
426 1397 133 15 konkurstillstånd,

108 1415 13 16 ej
133 1415 43 13 heller
188 1415 32 15 den,
231 1419 30 9 som
268 1416 16 12 är
301 1419 9 8 av
317 1415 72 12 allmänna
396 1415 97 15 fattigvården
501 1415 59 12 omhän-

108 1433 68 16 dertagen
184 1433 22 12 för
214 1433 66 15 varaktig
299 1433 79 16 försörjning,
387 1433 33 12 eller
428 1433 32 15 den,
468 1436 31 9 som
507 1437 16 8 är
529 1432 30 13 från

108 1451 72 13 valrätten
190 1451 72 13 utesluten
273 1451 18 16 på
301 1451 47 15 grund
357 1455 19 8 av
386 1451 53 12 honom
449 1451 53 12 ådömd
512 1450 47 13 straff-

108 1469 60 16 påföljd,
178 1469 12 16 ej
200 1469 43 12 heller
252 1469 93 15 värnpliktig,
355 1472 31 9 som
395 1468 31 13 icke
436 1468 64 16 fullgjort
508 1469 17 12 de
535 1468 24 13 ho-

579 353 34 8 nom
628 350 10 11 t.
652 352 13 9 o.
676 352 19 9 m.
710 348 73 16 utgången
794 352 18 9 av
822 348 97 13 sistförflutna
929 347 100 14 kalenderåret

579 366 75 16 åliggande
668 366 157 16 värnpliktsövningar.
848 366 62 12 Valbara
922 367 25 12 äro
974 370 17 8 män
1002 366 26 12 och

579 384 66 16 kvinnor,
652 388 31 9 som
690 385 27 15 äga
724 384 54 13 valrätt
784 384 39 13 inom
828 384 81 13 valkretsen
915 383 37 16 eller,
957 384 27 12 där
988 383 40 16 fråga

579 403 16 12 är
603 406 24 9 om
635 402 37 16 stad,
682 406 31 9 som
723 402 47 13 består
777 406 18 9 av
803 402 35 13 flera
845 402 85 16 valkretsar,
937 402 39 12 inom
981 401 47 16 någon

579 424 19 9 av
605 420 45 13 dessa.

597 438 27 12 Till
632 438 37 13 båda
677 438 76 13 kamrarna
761 438 25 12 ske
794 437 41 13 valen
843 437 34 13 med
885 437 108 17 proportionellt
999 436 30 14 val-

579 457 34 11 sätt.

597 473 75 13 Allmänna
681 473 25 13 val
715 473 21 13 till
745 473 49 13 Andra
803 473 82 12 kammaren
895 473 53 12 skedde
956 474 48 11 senast
1014 472 15 13 år

580 495 39 12 1924,
628 491 39 13 vilka
675 491 24 13 val
708 491 36 16 gälla
753 491 22 13 för
783 491 67 16 perioden
860 491 93 16 1925—1928.

697 538 74 17 Första
785 538 121 17 kammaren.

716 574 115 17 Stockholms
842 574 47 17 stad.

660 603 124 22 (Mandattiden
796 604 49 22 utgår
857 604 19 17 år
891 603 56 22 1929.)

579 634 83 20 Klefbeck,
679 635 50 16 Ernst
741 635 65 19 Alarik,
820 635 77 21 Kyrkoh.
911 632 51 23 [713],
976 635 11 15 f.
1001 634 27 18 66;

603 659 21 16 21
637 658 42 21 (adr.
693 657 110 21 Stockholm).

579 683 81 20 Trygger,
673 683 55 19 Ernst,
742 683 121 16 Univ.kansler
875 680 52 23 [716],
941 683 10 15 f.
966 681 27 20 57;
1007 682 21 16 21

602 706 41 20 (adr.
658 705 110 21 Stockholm).

579 730 72 20 Lindley,
669 731 70 15 Charles
753 730 64 20 Gustaf,
831 730 27 16 Sv.
872 730 157 21 transportarbetar-

602 755 100 15 förbundets
721 755 141 18 förtroendeman,
882 754 11 16 f.
911 754 27 19 65;
952 753 21 16 21
987 751 42 22 (adr.

603 776 120 23 Äppelviken).

579 801 84 22 Berglund,
680 803 31 20 Jan
731 802 46 19 Erik,
797 802 65 16 Kassör
881 799 39 22 [88],
937 802 11 15 f.
965 802 27 18 64;
1007 801 21 16 21

602 825 41 20 (adr.
658 824 90 22 Enskede).

578 849 82 19 Stendahl,
679 850 45 19 Sten,
745 850 110 15 Grosshandl.
872 847 52 22 [972],
940 850 11 15 f.
966 848 27 20 76;
1007 849 21 15 21

602 872 41 21 (adr.
657 872 110 21 Stockholm).

579 897 88 21 Thorberg,
673 898 55 20 Johan
738 898 53 15 Arvid
797 897 80 21 Justinus,
886 896 143 21 Landsorganisa-

603 922 66 15 tionens
680 922 42 15 ordf.
733 919 40 22 [90],
783 922 11 15 f.
803 920 27 20 77;
838 921 21 15 21
869 920 41 20 (adr.
918 918 110 22 Stockholm).

579 945 118 18 Hederstierna,
710 945 40 16 Carl
763 945 71 16 Fredrik
847 945 87 18 Wilhelm,
945 942 83 18 Överståt-

603 968 64 17 hållare
680 967 51 22 [474],
745 969 11 15 f.
770 969 27 18 61;
812 969 20 15 21
846 967 42 21 (adr.
902 966 110 22 Stockholm).

579 993 61 19 Lamm,
659 993 76 16 Herman
754 993 77 19 Fredrik,
845 993 117 18 Grosshandl.,
976 993 11 15 f.
1001 992 28 19 53;

603 1018 21 15 21
638 1016 41 21 (adr.
693 1015 110 20 Stockholm).

578 1045 32 12 von
622 1040 65 21 Sydow,
706 1041 54 16 Adolf
777 1041 82 20 Hjalmar,
873 1041 41 15 Led.
928 1046 21 10 av
961 1040 68 16 Arbets-

603 1064 47 17 rådet
662 1063 40 22 [89],
715 1065 11 15 f.
740 1065 28 18 62;
782 1065 20 15 21
816 1063 42 21 (adr.
872 1062 110 19 Stockholm).

579 1088 96 21 Magnuson,
694 1089 40 15 Paul
754 1089 51 19 Knut,
825 1088 89 19 Fabrikör,
934 1088 11 16 f.
965 1087 27 20 76;
1007 1088 22 15 24

602 1111 41 21 (adr.
657 1110 110 22 Stockholm).

579 1135 95 22 Ljunglund,
693 1137 79 15 Leonard
785 1136 76 16 Kristian
874 1136 73 19 Vinfrid,
960 1136 70 16 Huvud-

602 1161 79 15 redaktör
694 1158 52 23 [950],
760 1160 11 16 f.
786 1159 26 20 67;
827 1160 22 16 26
862 1158 41 21 (adr.
918 1157 110 22 Stockholm).

580 1205 127 24 [143—144]

626 1236 114 18 Stockholms
752 1237 32 16 län
796 1236 32 18 och
844 1236 83 22 Uppsala
940 1236 38 17 län.

658 1266 124 21 (Mandattiden
795 1266 49 22 utgår
856 1266 18 17 år
890 1265 56 22 1930.)

578 1297 62 18 Möller,
653 1297 44 16 Fritz
711 1297 69 19 Gustav,
789 1295 67 21 (förutv.
866 1295 86 21 Statsråd),
963 1297 65 15 Redak-

603 1323 30 17 tör,
646 1322 11 15 f.
671 1321 27 19 84;
713 1321 21 16 22
747 1319 42 21 (adr.
803 1319 110 21 Stockholm).

579 1344 109 21 Lagerbjelke,
707 1345 55 20 Johan
782 1345 64 18 Gustaf,
866 1345 60 18 Greve,
946 1343 85 21 Byråchef

602 1366 51 23 [139],
667 1369 11 15 f.
692 1368 27 19 60;
734 1368 21 16 22
769 1366 41 21 (adr.
824 1365 70 24 Älvsjö).

578 1391 117 19 Reuterskiöld,
715 1392 39 16 Carl
771 1392 66 21 Ludvig
850 1393 66 20 August
928 1392 48 18 Axel,
990 1392 38 15 Pro-

602 1417 53 15 fessor
667 1414 51 22 [716],
732 1417 11 15 f.
758 1415 26 20 70;
799 1416 21 15 22
833 1414 42 21 (adr.
889 1414 85 22 Uppsala).

579 1441 21 15 H.
615 1440 40 16 Exc.
668 1439 62 17 Ekman
742 1438 28 23 [5],
790 1441 10 15 f.
822 1439 26 19 72;
868 1440 22 15 22
909 1438 41 21 (adr.
971 1439 57 16 Stock:

602 1462 57 21 holm).

551 1512 32 15 142
