1068 1570
52 224 62 26 [148]

913 55 62 25 148]

70 264 48 35 V.
168 262 290 47 Riksdagen,
490 262 110 37 dess
632 262 327 37 Ombudsmän

384 316 89 37 och
504 316 139 37 Verk.
793 314 2 2 ;

204 395 145 27 Riksdagen.

69 437 67 16 Lagtima
147 437 60 16 riksdag
218 436 43 16 skall,
272 437 5 12 i
288 436 40 14 kraft
341 440 19 9 av
371 436 46 13 rikets
429 436 79 16 regerings-

50 455 44 16 form,
103 455 110 13 sammanträda
223 455 41 16 varje
274 455 16 13 år
300 455 28 13 den
340 458 16 10 10
366 454 59 17 januari
433 454 41 17 eller,
483 458 25 9 om

51 473 61 16 helgdag
121 473 20 13 då
149 473 75 16 inträffar,
233 473 46 16 dagen
289 473 70 13 därefter.

69 491 50 13 Första
130 491 88 13 kammarens
228 491 74 13 ledamöter
313 492 25 12 äro
351 494 26 12 150
388 491 27 13 och
427 490 47 17 väljas
485 490 23 13 för

51 509 32 13 åtta
93 509 22 16 år,
123 509 65 13 räknade
197 509 32 13 från
239 509 27 13 och
276 509 33 13 med
318 509 59 16 januari
385 509 61 13 månads
456 509 51 16 början

51 527 31 13 året
91 529 33 11 näst
133 527 38 13 efter
179 527 30 15 det,
219 527 47 13 under
273 527 47 13 vilket
329 527 40 13 valet
378 527 45 15 skett,
432 530 19 9 av
460 526 47 13 lands-

51 545 50 16 tingen
115 545 26 13 och
154 545 133 16 stadsfullmäktige
300 545 5 12 i
317 545 18 13 de
348 545 55 15 städer,
414 549 32 9 som
457 544 13 17 ej
478 544 29 13 del-

51 564 34 15 taga
97 563 5 13 i
118 563 78 16 landsting.
214 563 28 13 För
255 563 25 13 val
291 563 25 12 till
328 563 51 13 Första
393 563 85 12 kammaren
491 563 17 12 är

50 581 39 13 riket
101 581 56 13 indelat
170 581 5 13 i
189 585 17 12 19
219 581 87 13 valkretsar.
329 581 92 13 Stockholms
434 581 34 12 stad
480 581 27 12 och

51 599 81 16 Göteborgs
144 599 34 13 stad
190 600 53 14 utgöra
255 602 27 10 var
293 598 24 13 för
328 598 22 16 sig
362 602 18 9 en
391 598 70 13 valkrets.
478 598 29 13 An-

51 621 29 9 nan
92 617 39 16 stad,
144 620 32 10 som
189 617 13 16 ej
216 617 65 16 deltager
292 617 3 12 i
306 616 79 16 landsting,
394 616 50 13 tillhör
452 620 55 9 samma

50 635 65 13 valkrets
126 639 31 9 som
168 635 26 13 det
204 635 146 15 landstingsområde,
361 634 33 13 vari
405 634 51 13 staden
467 634 40 13 förut

50 653 53 15 ingått.
125 652 95 17 Indelningen
236 653 5 12 i
258 653 81 13 valkretsar
354 652 80 13 innehålles
452 652 5 13 i
477 652 30 13 val-

51 670 46 16 lagen.
114 671 28 13 För
158 671 40 16 varje
214 670 65 14 valkrets
294 670 46 17 väljes
356 671 37 12 efter
404 670 103 16 folkmängden

50 688 40 14 inom
104 689 33 13 dess
148 689 59 13 område
218 692 18 10 en
246 689 101 15 riksdagsman
359 689 23 12 för
393 690 34 11 vart
438 688 34 13 fullt
482 688 26 16 tal,

51 707 103 13 motsvarande
166 706 30 16 !/150
208 711 19 9 av
238 707 46 13 rikets
295 706 91 16 folkmängd.
403 706 104 13 Valkretsarna

50 724 56 14 indelas
114 725 4 12 i
126 725 32 13 åtta
165 728 68 13 grupper,
239 725 50 13 vilken
296 724 75 17 indelning
378 724 79 14 fastställes
465 724 5 13 i
477 725 31 12 val-

50 743 47 16 lagen.
112 743 44 16 Varje
164 743 17 12 år
189 743 47 13 under
243 743 83 16 september
333 743 54 12 månad
396 742 37 14 skall
440 742 41 14 inom
489 747 18 8 en

50 764 19 9 av
77 761 64 12 nämnda
150 764 63 13 grupper
220 761 70 13 förrättas
299 760 24 13 val
331 760 23 13 för
362 760 98 17 nästföljande
469 761 38 12 åtta-

50 778 79 17 årsperiod.
148 779 29 12 Det
191 778 41 13 antal
244 778 101 16 riksdagsmän
359 778 18 13 de
391 778 72 14 särskilda
477 778 30 13 val-

50 796 77 13 kretsarna
141 796 41 13 skola
196 798 32 12 utse
243 796 87 13 bestämmes
344 796 46 16 enligt
404 797 103 13 ovannämnda

50 818 42 9 norm
102 818 19 9 av
133 814 80 16 Konungen
224 816 34 11 vart
269 818 30 9 10:e
310 814 16 13 år
336 814 25 16 (K.
372 815 44 15 kung.
426 815 51 12 härom
483 814 24 15 12/s

52 832 46 16 1941).
117 832 64 13 Valbara
195 834 26 11 äro
233 832 5 13 i
250 833 112 12 kommunernas
376 832 74 13 allmänna
465 836 42 12 ange-

50 850 84 16 lägenheter
142 850 123 16 röstberättigade
274 852 34 11 män
318 851 27 12 och
355 850 69 16 kvinnor,
433 854 31 9 som
470 854 37 13 upp-

51 868 33 13 nått
94 871 16 13 35
121 868 24 13 års
155 868 44 13 ålder.
512 879 2 4 I

68 886 50 13 Andra
126 886 87 13 kammarens
220 886 74 13 ledamöter
301 887 26 12 äro
336 890 31 12 230,
376 886 44 13 valda
428 886 23 13 för
458 890 18 9 en
485 886 22 13 tid

50 907 19 9 av
77 904 33 16 fyra
119 904 21 16 år,
148 904 64 13 räknade
220 904 32 13 från
261 904 27 13 och
297 904 33 13 med
338 904 59 16 januari
405 904 61 13 månads
474 904 33 13 bör-

50 922 25 16 jan
85 922 32 13 året
127 923 33 12 näst
170 922 38 13 efter
217 922 30 16 det,
257 922 47 13 under
313 922 47 13 vilket
369 922 40 13 valet
419 922 44 13 skett.
479 922 28 12 För

50 940 42 13 dessa
99 939 24 14 val
129 941 17 12 är
151 940 39 13 riket
196 940 55 13 indelat
258 940 5 13 i
270 940 17 13 28
294 940 87 13 valkretsar.
394 940 29 13 För
428 940 42 16 varje
476 940 31 13 val-

50 958 40 12 krets
96 958 45 16 väljes
147 958 38 13 efter
189 958 103 16 folkmängden
298 958 40 13 inom
344 958 32 13 dess
382 958 59 13 område
447 962 17 9 en
470 958 37 13 riks-

49 975 70 15 dagsman
114 967 26 31 för
143 967 38 31 vart
188 976 34 12 fullt
227 976 26 15 tal,
257 976 104 12 motsvarande
364 975 30 15 !/2s0
398 975 67 13 avrikets
470 975 37 13 folk-

50 993 58 15 mängd.
124 993 52 13 Rikets
184 993 75 16 indelning
268 993 5 13 i
282 993 83 13 valkretsar
373 993 80 12 innehålles
462 992 5 13 i
476 993 31 12 val-

50 1010 47 16 lagen.
109 1011 44 16 Varje
160 1011 24 13 län
191 1012 44 15 utgör
241 1014 17 10 en
266 1011 70 15 valkrets,
343 1012 41 12 utom
392 1009 79 17 Älvsborgs
477 1011 30 15 län,

49 1032 32 9 som
89 1030 17 11 är
112 1028 40 14 delat
160 1029 4 13 i
173 1033 7 9 2
189 1029 62 16 kretsar,
258 1029 73 16 varjämte
338 1029 65 16 följande
410 1029 50 13 städer
467 1028 40 13 bilda

50 1050 27 9 var
83 1047 22 12 sin
114 1046 70 14 valkrets:
193 1047 13 16 1)
215 1046 90 16 Stockholm,
314 1047 13 16 2)
337 1047 59 15 Malmö,
405 1046 102 16 Hälsingborg,

50 1064 95 13 Landskrona
156 1065 28 13 och
196 1065 47 15 Lund,
256 1065 13 15 3)
282 1065 78 15 Göteborg.
378 1065 29 12 Det
419 1064 40 13 antal
470 1064 37 13 riks-

50 1082 75 16 dagsmän,
134 1082 41 16 varje
184 1082 65 13 valkrets
258 1084 34 14 äger
300 1084 38 14 utse,
347 1082 79 13 fastställes
436 1082 22 13 för
467 1082 41 16 varje

49 1100 107 16 fyraårsperiod
165 1104 19 9 av
192 1100 81 16 Konungen
282 1100 25 16 (K.
317 1101 44 15 kung.
370 1100 51 13 härom
428 1099 23 17 !?/s
461 1100 46 16 1944).

49 1118 59 13 Valrätt
117 1118 90 13 tillkommer
215 1122 46 9 envar
269 1118 53 13 svensk
330 1122 34 9 man
374 1119 26 12 och
409 1118 60 16 kvinna,
476 1122 31 9 som

49 1137 49 12 senast
107 1136 47 13 under
162 1136 119 16 nästföregående
288 1136 86 13 kalenderår
379 1136 35 16 fyllt
420 1140 17 12 23
444 1136 21 15 år,
470 1136 38 13 dock

50 1154 13 16 ej
68 1154 34 15 den,
108 1158 31 8 som
146 1154 31 13 står
183 1154 46 13 under
235 1154 121 16 förmynderskap
362 1154 36 13 eller
403 1155 17 12 är
426 1154 4 13 i
437 1154 70 13 konkurs-

50 1171 72 16 tillstånd,
127 1172 13 16 ej
149 1172 45 13 heller
202 1172 33 16 den,
243 1176 31 9 som
283 1173 17 12 är
306 1176 18 8 av
329 1172 75 13 allmänna
408 1172 107 20 fattigvården
506 1164 12 32 |

50 1190 123 15 omhändertagen
179 1190 23 12 för
206 1190 68 16 varaktig
278 1190 93 16 försörjning.
378 1190 63 13 Valbara
445 1191 25 12 äro
474 1191 33 11 män
513 1201 2 3 |

49 1208 26 12 och
87 1207 68 16 kvinnor,
164 1211 32 10 som
206 1208 64 16 uppnått
280 1211 17 12 25
308 1208 24 13 års
342 1208 41 12 ålder
392 1209 38 12 samt
440 1209 27 14 äga
477 1208 31 13 val-

50 1226 31 12 rätt
90 1225 40 13 inom
140 1225 84 13 valkretsen
234 1225 40 16 eller,
284 1226 28 12 där
321 1226 41 15 fråga
372 1227 17 11 är
398 1229 24 9 om
431 1226 39 15 stad,
476 1229 31 9 som

50 1243 50 13 består
109 1247 19 9 av
137 1243 37 13 flera
184 1243 87 16 valkretsar,
280 1243 40 13 inom
330 1244 47 15 någon
388 1247 19 9 av
416 1243 47 13 dessa.

67 1261 93 13 Gemensamt
169 1261 23 13 för
201 1261 38 13 båda
249 1261 85 13 kamrarnas
342 1261 81 13 ledamöter
428 1261 51 16 gäller,
485 1262 23 12 att

49 1278 204 17 riksdagsmannabefattning
265 1280 27 12 kan
304 1281 53 11 utövas
366 1279 51 13 endast
427 1283 19 9 av
454 1279 54 13 svensk

50 1296 98 16 medborgare.

67 1314 30 13 Till
111 1315 38 13 båda
163 1315 78 13 kamrarna
255 1315 25 13 ske
294 1315 43 13 valen
351 1315 33 13 med
396 1315 112 16 proportionellt

50 1332 61 13 valsätt.

67 1350 94 13 Beträffande
175 1350 99 17 ersättningen
288 1351 23 13 för
324 1350 184 17 riksdagsmannauppdra-

50 1369 31 14 gets
95 1368 91 16 fullgörande
203 1369 39 12 hava
258 1368 109 14 bestämmelser
381 1369 45 15 givits
439 1369 4 12 i
458 1372 17 9 en
489 1372 19 9 av

50 1386 81 16 Konungen
146 1387 27 12 och
187 1386 77 16 riksdagen
278 1387 9 13 å
299 1390 46 13 )1941
361 1386 65 14 samfällt
441 1386 67 13 beslutad

49 1404 58 16 stadga.
127 1404 131 13 Bestämmelserna
272 1406 25 11 äro
311 1404 5 13 i
328 1405 58 16 princip
395 1404 83 14 utformade
487 1404 21 16 så,

49 1423 23 11 att
87 1422 54 13 arvode
155 1422 44 16 utgår
213 1422 51 13 endast
279 1423 9 12 å
301 1422 44 16 tider,
360 1423 19 12 då
394 1423 69 15 ärenden,
477 1426 32 9 som

50 1440 81 16 Konungen
147 1440 62 16 förelagt
223 1440 81 16 riksdagen,
319 1442 25 11 äro
359 1441 70 12 beroende
441 1441 19 15 på
474 1440 35 13 den-

50 1461 27 10 nas
92 1458 72 16 prövning
179 1458 34 13 eller
224 1458 18 13 då
252 1458 79 16 riksdagen
340 1458 42 17 eljest
392 1459 118 12 sammanträder

49 1476 23 13 för
87 1476 95 16 mottagande
200 1480 19 9 av
233 1476 95 13 meddelande
338 1476 45 16 enligt
393 1477 6 15 $
410 1477 17 15 56
436 1476 73 16 riksdags-

523 394 80 17 ordningen
617 395 5 12 i
636 394 124 17 utrikespolitiskt
773 395 35 13 eller
817 396 46 12 annat
873 395 57 13 ärende.
950 395 28 13 Vid

522 413 61 15 lagtima
599 413 59 16 riksdag
672 413 38 12 skall
726 413 53 13 arvode
794 413 38 13 dock
847 413 35 15 utgå
898 413 22 13 för
932 413 46 13 minst

522 431 33 16 fyra
563 431 74 15 månader,
647 431 16 13 så
672 431 45 13 framt
726 431 13 16 ej
748 431 77 15 riksdagen
835 431 99 13 dessförinnan
941 435 37 13 upp-

522 448 41 14 löses.
575 438 9 34 —
588 449 64 13 Arvodet
666 449 46 13 under
727 449 60 16 lagtima
803 449 27 13 och
844 449 54 13 urtima
912 449 66 16 riksdags

522 467 65 13 faktiska
596 467 154 13 sammanträdestider
758 467 43 16 utgår
809 467 33 13 med
852 470 27 12 750
888 467 22 13 kr.
919 467 24 13 för
948 467 31 13 må-

522 485 30 13 nad
561 485 23 13 för
596 485 105 16 riksdagsman,
715 489 31 9 som
760 486 16 12 är
789 485 50 13 bosatt
852 485 4 13 i
865 485 112 16 riksdagsorten,

523 503 27 13 och
560 507 40 12 1,000
609 503 22 13 kr.
642 503 22 13 för
673 503 53 13 månad
736 503 22 13 för
768 506 47 10 annan
825 503 105 16 riksdagsman.
950 503 28 13 Vid

523 525 31 9 resa
563 521 25 13 till
600 521 27 13 och
640 521 32 13 från
686 521 76 16 riksdagen
775 521 25 13 vid
809 521 33 13 dess
852 521 50 16 början
912 521 27 13 och
949 521 29 13 slut

513 539 1 17 |
523 540 16 12 är
547 539 106 16 riksdagsman,
662 543 32 9 som
706 539 13 16 ej
729 540 17 12 är
754 539 50 13 bosatt
814 539 8 13 å
831 539 113 15 riksdagsorten,
954 539 24 13 be-

523 557 64 16 rättigad
601 557 23 13 till
637 557 81 16 ersättning
732 557 22 13 för
767 557 46 13 därav
823 557 76 13 föranledd
908 557 71 13 resekost-

522 575 34 13 nad.
575 575 76 16 Därjämte
665 576 33 15 äger
711 575 105 15 riksdagsman,
826 578 31 10 som
867 575 45 13 under
922 575 27 16 tid,
959 575 19 13 då

523 593 53 13 arvode
589 593 44 15 utgår
646 592 24 13 till
682 593 59 15 honom,
755 593 37 12 efter
804 592 65 17 beviljad
881 592 64 16 ledighet
955 593 24 12 be-

523 611 42 13 söker
573 611 80 15 hemorten,
664 611 58 16 åtnjuta
732 611 81 15 ersättning
822 611 23 12 för
851 611 45 12 därav
902 610 77 14 föranledd

523 629 98 15 resekostnad,
635 629 37 13 dock
686 629 42 15 högst
741 629 22 13 för
772 629 25 12 det
806 628 41 13 antal
856 632 40 9 resor
904 629 37 13 fram
951 629 27 13 och

523 647 36 15 åter,
568 650 31 10 som
608 648 82 12 motsvarar
699 650 17 9 en
727 651 26 9 var
761 647 75 13 femtonde
845 647 33 15 dag.

542 665 87 13 Kamrarnas
643 664 55 14 talmän
709 664 55 14 erhålla
772 665 47 13 under
828 664 27 16 tid,
864 665 20 12 då
893 664 53 13 arvode
956 664 23 13 till

522 682 34 14 dem
570 683 48 15 utgår,
631 683 174 16 representationsbidrag
818 683 33 13 med
866 686 40 12 1,000
921 683 21 13 kr.
956 683 23 12 för

523 701 58 15 månad,
595 701 38 13 dock
641 701 43 16 högst
693 701 33 13 med
736 704 41 13 5,000
786 701 22 13 kr.
818 701 46 13 under
873 702 22 11 ett
904 701 27 13 och
941 704 38 10 sam-

522 723 24 9 ma
556 719 88 13 kalenderår.

541 737 54 13 Genom
605 740 17 10 en
632 737 17 13 år
659 740 34 13 1941
703 737 74 16 företagen
787 736 63 16 ändring
859 736 5 13 i
866 726 5 31 $
871 737 30 15 30
906 736 73 16 riksdags-

522 755 80 16 ordningen
615 755 27 13 har
657 754 76 17 möjlighet
748 755 55 12 beretts
819 756 23 11 att
857 755 25 12 vid
897 754 33 16 krig
944 754 36 13 eller

522 772 71 16 krigsfara
602 772 81 17 uppskjuta
692 772 25 13 val
728 772 24 13 till
759 772 82 16 riksdagen,
851 772 42 13 såväl
902 772 23 13 till
933 772 46 13 första

522 794 31 10 som
563 791 45 13 andra
617 791 89 13 kammaren.
725 790 80 16 Konungen
818 790 27 13 och
854 790 76 16 riksdagen
940 790 39 13 hava

522 808 73 16 nämligen
614 809 87 15 berättigats
718 810 22 11 att
754 809 90 15 gemensamt
858 808 62 16 besluta,
936 809 23 12 att
974 808 5 13 i

522 827 64 12 nämnda
600 826 25 13 fall
638 826 25 13 val
677 826 23 13 till
712 826 77 16 riksdagen
803 826 43 16 skall,
860 830 23 9 om
897 826 25 13 det
931 826 48 13 finnes

522 844 115 17 oundgängligen
650 844 96 16 nödvändigt,
756 844 92 16 uppskjutas,
858 844 38 13 dock
905 844 42 16 högst
957 845 21 12 ett

522 862 17 13 år
547 870 19 2 —
575 862 62 14 beslutet
646 862 29 13 kan
685 862 80 13 emellertid
774 866 73 12 upprepas
856 868 18 3 —
883 862 32 13 från
922 862 25 13 det
954 865 25 10 va-

522 880 20 13 let
551 881 34 13 bort
594 881 26 15 äga
630 884 38 12 rum,
677 881 27 12 och
714 882 23 11 att
744 880 81 16 valperiod,
830 884 30 9 som
868 880 48 13 skolat
922 880 56 16 utlöpa,

522 898 72 16 förlänges
607 898 33 13 med
654 899 22 12 ett
688 898 21 13 år.
728 898 56 13 Härvid
793 898 24 13 må
826 898 49 13 tillika
885 898 93 15 bestämmas,

522 918 23 11 att
554 916 115 16 giltighetstiden
683 916 23 13 för
718 916 25 13 det
753 916 29 15 val,
791 920 31 9 som
832 917 34 14 äger
874 920 32 9 rum
901 912 17 26 i
930 916 50 13 stället

522 934 23 13 för
553 934 25 13 det
592 934 95 16 uppskjutna,
701 934 38 13 skall
752 934 73 13 förkortas
837 934 34 13 med
880 935 22 12 ett
912 934 20 13 år.
951 934 29 13 För

521 952 85 16 riksdagens
617 952 24 13 del
649 952 73 13 erfordras
731 952 81 13 emellertid
821 952 23 12 för
853 951 47 14 beslut
909 956 24 9 om
943 956 37 12 upp-

521 970 37 13 skov
571 974 19 8 av
604 970 24 12 val
641 970 27 13 och
682 970 91 15 förlängning
786 974 19 8 av
819 970 77 15 valperiod
907 970 45 12 minst
961 969 18 15 5/4

521 987 75 16 majoritet
609 987 5 13 i
627 987 61 13 vardera
701 987 89 13 kammaren.
808 987 29 12 Det
854 991 30 12 nya
893 987 87 15 stadgandet

522 1009 24 9 om
555 1005 91 16 förlängning
659 1008 19 10 av
691 1004 74 17 valperiod
779 1004 57 14 medför
852 1004 42 16 ingen
903 1005 77 12 inskränk-

522 1023 35 16 ning
566 1023 4 13 i
581 1023 87 16 Konungens
677 1024 30 12 rätt
717 1024 23 12 att
748 1023 68 13 förordna
826 1026 24 10 om
861 1026 29 13 nya
899 1022 29 13 val.

541 1041 77 13 Allmänna
627 1041 24 13 val
660 1041 24 13 till
691 1041 50 13 Andra
750 1041 86 12 kammaren
845 1041 54 12 skedde
908 1042 49 11 senast
964 1040 16 13 år

524 1063 40 12 1944,
574 1059 40 13 vilka
624 1059 25 13 val
658 1059 37 16 gälla
705 1059 23 13 för
737 1059 69 16 perioden
817 1059 96 16 1945—1948.

643 1111 75 18 Första
731 1111 122 18 kammaren.

664 1148 115 17 Stockholms
791 1148 47 18 stad.

606 1177 126 22 (Mandattiden
745 1178 48 22 utgår
805 1178 19 17 år
839 1178 57 21 1945.)

523 1208 89 19 Wistrand,
624 1209 43 16 Karl
676 1209 94 19 Knutsson,
779 1209 24 16 fd.
813 1209 83 15 Direktör
905 1206 52 23 [976],
967 1209 11 15 f.

548 1233 28 18 89;
590 1232 22 16 38
624 1231 43 21 (adr.
681 1230 111 21 Stockholm).

523 1255 61 20 Ström,
596 1257 40 15 Otto
647 1256 77 20 Fredrik,
734 1256 124 16 Skriftställare
866 1254 53 23 [851],
930 1257 9 15 f.
950 1256 28 19 80;

548 1281 22 15 38
583 1279 44 20 (adr.
639 1278 101 22 Ulvsunda).

523 1303 76 20 Ewerlöf,
618 1304 48 16 Knut
683 1304 83 20 Gerhard,
781 1303 76 17 Statsråd
869 1301 41 23 [48],
924 1304 11 16 f.
949 1304 28 19 90;

548 1328 22 16 88
582 1326 43 22 (adr::
639 1326 112 22 Stockholm).

524 1351 82 19 Carlsson,
618 1352 47 19 Olof,
681 1352 24 16 fd.
722 1352 153 19 Förtroendeman,
889 1352 11 16 f.
914 1350 28 21 72;
956 1351 22 16 38

547 1374 43 21 (adr.
604 1374 112 22 Stockholm).

524 1399 57 19 Gärde,
594 1400 87 21 Johannes
690 1400 89 19 Natanael,
789 1400 24 15 fd.
820 1398 98 22 Justitieråd
926 1397 54 22 [928],

549 1424 11 16 f.
573 1424 28 19 80;
615 1424 23 16 38
650 1422 43 22 (adr.
707 1421 111 22 Stockholm).

524 1447 85 21 Branting,
628 1448 63 21 Georg,
709 1448 15 20 J.
743 1448 28 19 K.,
791 1447 85 19 Advokat,
889 1447 11 15 f.
914 1446 28 19 87;
957 1446 22 16 38

548 1470 42 21 (adr.
604 1470 113 21 Stockholm).

498 1520 34 15 219
