1260 1904
53 77 24 19 30
84 88 12 2 -
103 77 37 19 30b

562 77 112 24 Riksdagen

53 161 25 23 30
100 157 20 39 —
132 162 133 29 Riksdagen

131 199 44 19 The
184 198 91 20 Swedish
284 199 123 19 Parliament

132 235 54 20 Riksg.
195 235 12 15 1.
215 236 21 14 Pa
244 235 52 16 10012
303 235 100 16 Stockholm.
410 235 34 15 Tel.
450 235 55 16 08-786
512 235 20 15 40
537 235 24 15 00.

53 266 155 20 Regeringsformen
225 266 33 15 den
274 266 20 15 28
311 266 40 15 febr.
369 266 40 15 1974
426 265 26 20 (nr
469 266 35 18 152;
520 266 81 20 omtryckt

54 288 44 15 1998:
104 288 44 18 1437;
154 288 62 15 ändrad
222 290 54 13 senast
282 288 44 15 1998:
333 287 51 21 1700).
391 288 172 20 Riksdagsordningen
569 288 32 15 den

53 311 19 15 28
78 310 40 16 febr.
125 311 39 15 1974
170 310 26 20 (nr
202 311 34 17 153;
241 311 81 19 omtryckt
328 310 44 16 1998:
378 310 52 20 1450).
436 310 58 20 Vallag
499 310 31 16 den
537 310 18 16 17
561 310 40 20 april

54 333 39 15 1997
100 332 26 20 (nr
133 333 34 18 157;
174 333 62 15 ändrad
242 335 55 13 senast
304 333 44 15 1999:
354 332 42 20 129).

76 355 95 20 Riksdagen
181 356 17 14 är
207 355 28 15 det
244 355 67 15 främsta
321 355 127 20 representativa
458 357 108 18 statsorganet
576 355 25 15 för

53 378 69 15 svenska
128 377 56 16 folket.
190 377 94 20 Riksdagen
290 377 52 16 stiftar
348 378 30 19 lag,
384 377 71 15 beslutar
460 382 28 10 om
494 377 42 15 skatt
541 377 23 15 till
570 380 31 12 sta-

53 402 28 13 ten
87 400 30 15 och
124 400 100 15 bestämmer
230 400 30 15 hur
266 402 61 13 statens
334 399 53 16 medel
394 399 40 16 skall
441 399 87 16 användas.

76 422 95 20 Riksdagen
177 422 54 15 består
237 427 20 10 av
263 422 30 15 349
299 422 96 17 ledamöter,
401 422 47 15 valda
454 422 53 15 direkt
513 426 19 11 av
539 422 62 15 folket
590 418 14 28 i

53 444 81 15 allmänna
140 444 30 15 val.
177 444 87 16 Ordinarie
270 444 99 20 riksdagsval
375 445 38 19 äger
418 449 36 10 rum
460 446 34 13 vart
500 444 51 20 fjärde
558 444 17 15 år
580 444 21 20 på

53 466 51 20 tredje
111 466 84 21 söndagen
202 466 4 16 i
212 466 94 21 september
312 466 64 16 månad.
384 466 89 16 Allmänna
479 466 25 16 val
510 466 23 16 till
540 466 61 16 riksda-

53 494 31 15 gen
92 489 41 20 ägde
141 491 54 13 senast
203 493 36 11 rum
247 489 32 15 den
286 489 20 15 20
314 489 94 20 september
416 489 40 15 1998
463 489 32 15 och
503 493 45 11 avser
556 489 45 15 tiden

53 511 40 16 intill
102 511 36 16 dess
147 516 21 11 en
176 511 59 20 nyvald
243 511 65 20 riksdag
316 511 59 16 samlas
384 511 41 16 efter
433 511 99 20 riksdagsval
541 511 31 15 den
581 511 20 15 22

53 534 94 20 september
152 534 45 15 2002.

76 556 32 15 För
115 556 99 20 riksdagsval
223 557 17 14 är
248 556 41 15 riket
298 556 60 15 indelat
366 556 5 15 i
379 556 19 15 29
406 556 93 15 valkretsar.
508 556 26 15 Av
542 556 21 15 de
571 556 30 15 349

53 578 162 20 riksdagsmandaten
223 580 18 14 är
248 579 30 15 310
286 578 42 16 fasta
335 578 143 19 valkretsmandat,
486 583 35 11 som
529 578 72 16 fördelas

53 601 59 15 mellan
121 601 111 15 valkretsarna
240 601 42 15 efter
290 601 61 15 antalet
359 600 136 20 röstberättigade
504 600 4 16 i
516 600 44 20 varje
569 601 32 15 val-

53 623 48 15 krets.
109 623 47 15 Inom
162 623 44 20 varje
213 623 70 15 valkrets
290 623 71 15 tillfaller
367 623 88 15 mandaten
462 623 21 15 de
490 623 4 15 i
501 623 100 20 riksdagsva-

53 645 21 16 let
82 645 98 20 deltagande
187 645 82 20 partierna
277 645 126 22 proportionellt
410 645 20 20 på
438 645 78 20 grundval
524 650 19 10 av
550 645 51 15 valre-

53 668 65 15 sultatet
129 668 44 15 inom
184 668 96 15 valkretsen.
292 664 60 23 Övriga
362 668 20 15 39
392 667 67 16 mandat
469 669 18 14 är
497 667 104 20 utjämnings-

53 690 67 15 mandat
129 695 36 10 som
174 690 71 15 fördelas
255 690 17 15 så
282 692 23 13 att
314 690 43 20 varje
367 690 50 20 partis
426 690 122 20 sammanlagda
558 690 43 15 antal

53 712 60 20 platser
120 712 4 16 i
131 712 85 20 riksdagen
224 712 17 16 så
248 714 39 14 nära
294 717 35 11 som
336 712 62 20 möjligt
405 717 54 10 svarar
466 714 34 13 mot
507 712 61 15 antalet
575 717 26 10 av-

53 735 47 20 givna
106 736 52 14 röster
165 735 25 15 för
196 735 59 19 partiet
261 735 5 15 i
273 735 36 15 hela
316 735 59 15 landet.

76 757 7 15 I
89 757 114 20 fördelningen
209 761 19 11 av
233 757 141 20 riksdagsmandat
380 757 52 15 deltar
437 757 58 15 endast
500 757 60 20 partier
565 761 36 11 som

53 779 29 15 har
90 779 29 15 fått
128 779 48 15 minst
184 779 34 19 fyra
227 782 68 17 procent
303 784 19 10 av
331 779 73 19 samtliga
412 779 5 15 i
425 779 36 15 hela
470 779 55 15 landet
533 779 68 19 avgivna

53 802 56 14 röster.
115 801 28 14 Ett
148 801 41 19 parti
195 805 35 10 som
236 801 33 14 inte
275 800 29 16 når
309 805 33 15 upp
348 801 22 14 till
376 801 182 19 fyraprocentsgränsen
563 805 38 10 men

53 827 35 11 som
96 822 29 16 har
132 822 63 16 erhållit
202 822 49 16 minst
258 822 33 16 tolv
298 825 68 18 procent
374 827 19 11 av
400 824 74 14 rösterna
481 822 4 16 i
493 822 31 16 viss
531 822 70 16 valkrets

53 845 52 15 deltar
113 845 43 15 dock
164 845 26 15 vid
199 845 114 20 fördelningen
322 850 20 10 av
350 845 20 15 de
378 845 42 15 fasta
428 845 160 15 valkretsmandaten
597 845 4 15 i

53 872 62 10 samma
121 867 75 15 valkrets.

77 890 73 14 Rösträtt
159 889 27 15 vid
195 889 99 20 riksdagsval
304 889 29 15 har
342 889 58 15 svensk
409 889 114 20 medborgare,
532 894 36 10 som
577 894 24 10 se-

53 914 36 13 nast
94 911 21 21 på
120 912 79 20 valdagen
205 912 35 19 fyllt
246 912 19 15 18
271 911 17 16 år
294 911 52 16 under
351 911 116 20 förutsättning
472 914 23 13 att
501 911 31 16 han
538 913 18 14 är
561 916 40 15 upp-

53 936 49 18 tagen
108 934 4 15 i
119 934 87 20 röstlängd.

76 956 32 15 För
116 958 22 13 att
147 956 54 15 kunna
210 958 43 13 utses
261 956 23 15 till
292 956 147 20 riksdagsledamot
446 956 50 20 gäller
504 961 62 10 samma
574 956 27 15 be-

53 978 124 20 hörighetskrav
182 983 36 11 som
225 978 25 16 för
256 980 71 14 rösträtt.

77 1000 94 20 Riksdagen
177 1001 130 15 sammanträder
314 1001 22 15 till
343 1000 83 19 riksmöte,
433 1000 41 16 efter
480 1000 47 20 nyval
534 1000 20 20 på
561 1000 40 16 fem-

53 1023 51 15 tonde
112 1023 53 20 dagen
172 1023 42 15 efter
221 1023 48 17 valet,
277 1023 31 15 och
316 1023 54 20 övriga
379 1023 17 15 år
403 1023 5 15 i
415 1023 58 15 mitten
481 1027 20 11 av
508 1023 94 20 september

53 1045 64 15 månad.

77 1067 154 20 Riksdagsärenden
238 1067 59 15 bereds
304 1067 5 15 i
316 1067 49 20 något
373 1072 19 10 av
399 1067 95 20 riksdagens
501 1067 62 15 utskott
570 1067 31 15 och

53 1091 58 18 avgörs
117 1094 60 15 genom
184 1090 53 15 beslut
243 1089 4 16 i
254 1089 67 20 plenum
328 1089 116 20 (kammaren).
451 1089 103 20 Regeringen
561 1089 40 16 skall

53 1111 75 16 samråda
134 1112 38 15 med
177 1112 122 15 EU-nämnden
306 1112 4 15 i
316 1112 54 19 frågor
376 1116 35 11 som
417 1112 40 15 skall
463 1112 90 15 behandlas
559 1111 4 15 i
569 1112 32 15 Eu-

53 1134 76 20 ropeiska
136 1134 85 15 Unionens
228 1134 41 15 Råd.
276 1134 151 15 Utrikesnämnden
433 1135 17 14 är
456 1134 79 15 samråds-
541 1134 31 15 och
578 1134 23 15 in-

53 1156 149 20 formationsorgan
207 1156 60 15 mellan
272 1156 96 20 regeringen
373 1156 31 15 och
409 1156 87 20 riksdagen
501 1156 4 15 i
511 1156 90 20 betydelse-

53 1178 39 16 fulla
99 1178 138 20 utrikespolitiska
244 1178 77 16 ärenden.

77 1201 60 19 Regler
147 1205 28 11 om
185 1200 155 21 riksdagsledamots
351 1200 89 20 ersättning
450 1200 78 16 återfinns
539 1200 4 16 i
554 1200 47 20 lagen

54 1222 105 20 (1994:1065)
166 1228 27 10 om
200 1223 108 15 ekonomiska
314 1223 58 15 villkor
378 1223 26 15 för
410 1223 94 20 riksdagens
510 1223 92 15 ledamöter

54 1245 69 19 (ändrad
130 1247 55 13 senast
193 1245 44 15 1998:
243 1244 52 21 1717).
303 1245 102 20 Riksdagens
413 1245 91 15 ledamöter
511 1245 29 15 har
547 1247 23 13 ett
577 1250 24 10 ar-

53 1267 42 15 vode
104 1272 35 10 som
148 1267 62 20 uppgår
218 1267 23 15 till
250 1267 54 15 38000
312 1267 19 15 kr
339 1272 29 15 per
376 1267 64 15 månad.
449 1267 83 15 Arvodets
540 1267 62 15 storlek

53 1290 72 15 bestäms
131 1294 19 11 av
157 1294 20 11 en
184 1289 35 16 från
226 1290 86 19 riksdagen
319 1289 88 16 fristående
413 1290 66 15 nämnd.
486 1290 63 15 Utöver
556 1294 45 11 arvo-

53 1312 28 15 det
86 1312 80 15 utbetalas
172 1316 20 11 en
198 1312 168 20 kostnadsersättning
371 1312 21 20 på
397 1312 9 15 3
410 1312 31 15 477
446 1312 19 15 kr
470 1316 29 16 per
503 1312 65 15 månad.
574 1312 27 15 Så-

53 1334 26 15 väl
87 1334 67 15 arvodet
162 1339 36 10 som
206 1334 190 20 kostnadsersättningen
405 1335 47 19 utgör
460 1334 111 20 skattepliktig
578 1334 23 15 in-

53 1356 59 15 komst.
118 1356 102 16 Ledamoten
225 1356 50 20 begär
280 1356 39 20 själv
325 1356 59 20 avdrag
389 1356 5 15 i
399 1356 24 16 sin
428 1356 142 20 självdeklaration
576 1356 26 16 för

53 1378 21 16 de
79 1378 70 16 faktiska
155 1378 115 16 kostnaderna.
276 1379 26 15 De
308 1383 45 11 resor
357 1383 21 11 en
384 1379 72 15 ledamot
461 1380 29 18 gör
495 1378 44 16 inom
545 1383 56 11 ramen

53 1401 26 15 för
87 1400 26 16 sitt
122 1400 148 21 riksdagsuppdrag
279 1402 17 14 är
305 1401 109 19 tjänsteresor.
424 1401 110 15 Ledamotens
543 1401 58 15 bostad

53 1423 20 20 på
80 1423 87 15 hemorten
173 1423 83 15 betraktas
262 1428 35 10 som
304 1423 110 20 tjänsteställe.
421 1423 103 15 Ledamoten
530 1423 72 15 beslutar

53 1445 39 20 själv
101 1450 27 10 om
138 1445 34 15 sina
181 1445 60 15 inrikes
250 1445 105 20 tjänsteresor
364 1445 31 15 och
404 1445 50 15 vilket
463 1445 68 15 färdsätt
539 1450 36 10 som
584 1447 18 13 är

53 1467 95 20 lämpligast.
156 1467 80 15 Ledamot
244 1467 29 15 har
280 1469 30 13 rätt
318 1467 22 15 till
347 1467 109 15 traktamente
463 1472 27 11 om
498 1467 103 20 förrättning-

53 1494 20 11 en
80 1489 37 16 sker
123 1489 21 20 på
150 1490 42 19 plats
198 1494 35 11 som
240 1490 50 19 ligger
296 1494 35 11 mer
337 1491 20 14 än
363 1490 20 15 50
390 1490 27 15 km
423 1489 36 16 från
466 1490 135 20 bostaden/tjäns-

53 1512 70 15 testället
129 1512 32 15 och
167 1512 46 15 krävt
219 1512 119 20 övernattning.
344 1512 124 15 Traktamentet
474 1512 62 20 uppgår
542 1512 23 15 till
571 1512 30 15 300

53 1534 57 20 kr/dag
115 1534 31 15 och
152 1535 18 14 är
175 1534 118 20 skattepliktigt
299 1535 39 14 över
343 1534 49 15 nivån
397 1534 26 15 för
428 1534 140 20 schablonavdrag
574 1539 27 10 en-

53 1556 28 20 ligt
86 1556 66 15 allmänt
158 1556 75 20 gällande
239 1556 56 20 regler.
302 1557 37 15 Den
345 1556 72 16 ledamot
423 1561 35 11 som
464 1556 40 16 varit
509 1556 21 20 på
536 1556 65 20 tjänste-

53 1583 35 11 resa
94 1578 55 20 längre
155 1579 37 15 bort
198 1580 20 14 än
224 1579 20 15 50
249 1579 27 15 km
283 1579 31 15 och
320 1580 39 14 över
364 1579 35 19 fyra
405 1579 64 15 timmar
475 1581 39 13 utan
519 1580 82 14 övernatt-

53 1600 38 20 ning
97 1600 29 16 har
132 1602 31 14 rätt
169 1601 23 15 till
198 1603 23 13 ett
228 1601 160 20 förrättningstillägg
394 1600 38 20 (130
438 1600 69 21 kr/dag).
514 1601 87 20 Riksdags-

53 1623 91 15 ledamöter
152 1623 60 15 utifrån
221 1623 55 15 landet
285 1623 25 15 får
318 1623 89 20 ersättning
415 1623 26 15 för
449 1623 152 20 övernattningsbo-

53 1645 41 18 stad,
100 1645 42 15 dock
149 1645 47 20 högst
202 1645 43 15 4200
251 1645 90 15 kr/månad.

76 1667 98 15 Utskottens
181 1667 100 15 ordförande
288 1667 31 15 och
326 1667 34 15 vice
367 1667 100 15 ordförande
474 1667 88 18 redovisas,
569 1667 32 16 för-

53 1691 46 13 utom
106 1689 4 15 i
118 1689 122 16 nedanstående
248 1689 103 20 förteckning
357 1691 40 14 över
404 1689 94 20 riksdagens
505 1689 96 19 ledamöter,

53 1712 41 14 även
101 1711 52 15 under
160 1711 56 15 avd.nr
222 1712 24 15 33.
254 1711 132 16 Statskalendern
394 1712 83 15 redovisar
484 1712 117 20 riksdagsleda-

53 1735 75 13 möterna
135 1733 4 15 i
147 1733 32 16 den
187 1733 119 20 ordningsföljd
313 1734 4 15 i
325 1734 54 15 vilken
387 1734 20 15 de
415 1735 18 14 är
440 1736 82 18 upptagna
530 1734 4 15 i
542 1734 32 15 den
582 1738 19 11 av

53 1755 86 21 riksdagen
144 1756 98 20 upprättade
247 1756 129 20 förteckningen.
382 1751 88 20 Årssiffror
475 1756 45 15 inom
525 1758 76 18 parentes

605 1839 24 18 54

634 162 89 16 betecknar
733 162 67 20 tidigare
812 162 114 20 ledamotskap
936 167 20 11 av
967 162 85 20 riksdagen
1064 162 35 20 (FK
1110 169 11 6 =
1131 162 51 16 första

634 185 100 18 kammaren,
741 185 32 15 AK
780 192 10 5 =
797 185 50 15 andra
854 185 101 17 kammaren,
962 185 15 15 R
983 191 11 6 =
1001 184 99 21 riksdagen).

712 224 142 20 Partiställningen
859 224 6 15 i
871 224 87 20 riksdagen

990 246 52 15 Antal
1048 246 91 15 ledamöter

966 269 40 15 Män
1028 268 74 16 Kvinnor
1116 268 54 16 Totalt

634 286 180 30 Socialdemokraterna
971 286 30 30 64
1060 291 20 15 67
1129 291 27 15 131

634 313 86 15 Moderata
727 313 136 20 samlingspartiet
981 313 20 15 56
1060 313 20 15 26
1138 313 20 15 82

624 331 140 29 Vänsterpartiet
969 331 32 29 26
1061 335 18 15 17
1138 335 20 15 43

622 353 183 30 Kristdemokraterna
981 358 20 14 24
1061 358 19 15 18
1138 358 20 14 42

624 376 82 29 Centern
992 380 9 15 8
1061 380 19 15 10
1140 380 18 15 18

634 402 100 20 Folkpartiet
740 402 97 15 liberalerna
982 402 19 15 10
1070 402 9 15 7
1140 402 18 15 17

622 420 118 29 Miljöpartiet
992 425 9 15 7
1071 424 9 16 9
1140 424 18 15 16

634 447 94 20 Riksdagen
734 447 48 15 totalt
972 446 29 16 195
1050 446 30 16 154
1128 446 30 16 349

712 486 104 15 Procentuell
822 486 93 20 fördelning
920 490 20 11 av
946 486 83 20 kvinnliga
1034 486 92 15 ledamöter
1132 486 45 15 inom

712 508 82 20 partierna

1040 530 50 16 Antal
1109 531 69 15 Procent

623 549 191 28 Socialdemokraterna
1055 553 19 15 67
1126 553 34 16 512

634 575 87 16 Moderata
727 575 136 20 samlingspartiet
1055 575 19 15 26
1126 575 34 18 31,7

622 594 142 27 Vänsterpartiet
1056 598 18 14 17
1126 597 34 18 39,5

622 616 183 29 Kristdemokraterna
1056 620 19 15 18
1125 620 35 17 40,5

624 638 82 29 Centern
1056 642 19 15 10
1126 642 34 17 55,6

634 664 99 20 Folkpartiet
740 664 97 16 liberalerna
1065 664 9 15 7
1126 664 34 18 35,3

622 682 119 29 Miljöpartiet
1066 687 9 15 9
1126 686 34 18 56,3

634 794 37 22 30a
687 790 20 37 —
712 795 133 27 Riksdagen

711 842 69 15 Talman

634 864 43 15 Dahl
684 864 33 15 Rut
724 864 73 20 Birgitta,
803 864 25 18 37,
834 864 20 15 94
860 869 7 10 s

712 903 56 15 Förste
775 903 35 15 vice
816 903 61 15 talman

634 925 61 20 Björck
701 925 66 16 Anders
773 925 90 18 Per-Arne,
869 925 25 17 44,
900 925 20 15 94
926 930 16 10 m

712 964 58 15 Andre
776 964 35 16 vice
817 964 61 15 talman

634 987 97 20 Zetterberg
737 986 54 20 Ingrid
798 987 34 15 Eva
839 987 98 19 Margareta,
943 987 25 17 47,
974 986 20 16 98
1000 991 10 10 v

712 1025 60 20 Tredje
779 1025 34 16 vice
819 1026 62 15 talman

634 1048 71 15 Frebran
712 1048 79 19 Ingegärd
798 1048 111 17 Rose-Marie,
915 1048 25 18 48,
947 1048 19 15 98
973 1048 21 15 kd

634 1095 38 23 J30b
713 1100 117 18 Stockholms
837 1100 100 17 kommuns
944 1100 80 17 valkrets

634 1134 94 15 Fleetwood
736 1134 83 15 Elisabeth
826 1134 50 15 Alma
883 1133 77 16 Fredrika
968 1133 128 16 Swantesdotter
1103 1133 79 20 Adjunkt,

657 1156 51 18 27,79
715 1155 110 21 (Stockholm)
832 1160 17 11 m

634 1178 44 16 Bildt
684 1178 34 15 Nils
725 1178 60 15 Daniel
791 1178 38 16 Carl
836 1178 17 15 fd
859 1178 122 18 Statsminister,
987 1178 25 18 49,
1018 1178 20 15 79
1045 1177 110 21 (Stockholm)
1163 1183 15 10 m

634 1201 46 15 Narti
687 1201 38 15 Ana
731 1200 53 16 Maria
790 1200 93 18 Journalist,
889 1200 25 18 36,
921 1200 19 16 99
947 1199 111 21 (Stockholm)
1065 1200 17 20 fp

634 1223 81 20 Schyman
722 1223 45 15 Gerd
775 1223 70 15 Gudrun
852 1223 52 15 Maria
912 1223 93 18 Socionom,
1012 1223 25 17 48,
1044 1223 20 15 88
1071 1222 111 20 (Stockholm)

658 1245 84 15 Partiordf.
749 1250 10 10 v

634 1267 97 20 Zetterberg
738 1267 54 20 Ingrid
800 1267 34 15 Eva
841 1267 99 20 Margareta,
947 1267 24 17 47,
979 1267 18 15 91
1006 1266 111 21 (Stockholm)
1125 1267 57 15 Andre

658 1290 34 15 vice
698 1290 61 15 talman
766 1294 9 10 v

634 1312 90 20 Odenberg
730 1312 62 15 Mikael
799 1312 43 15 I:son
848 1312 104 20 Företagare,
958 1312 24 18 53,
989 1312 18 15 91
1016 1311 110 20 (Stockholm)
1133 1316 16 11 m

634 1334 128 20 Papadopoulos
772 1334 52 16 Nikos
835 1334 103 20 Företagare,
949 1334 25 18 39,
985 1333 23 21 (R
1018 1334 58 20 96-98)
1088 1334 19 15 98
1119 1334 63 20 (Stock-

658 1356 52 20 holm)
717 1361 7 11 s

634 1379 82 15 Wistrand
723 1379 68 20 Birgitta
798 1379 64 15 Helena
869 1379 93 20 Margareta
970 1379 27 15 FK
1004 1379 40 18 Dir.,
1052 1379 24 16 39,
1083 1379 19 15 91
1111 1378 71 21 (Uppsa-

658 1400 22 20 la)
686 1405 16 11 m

633 1423 53 16 Järrel
692 1423 65 15 Henrik
764 1423 55 16 Stefan
827 1423 129 18 Mediekonsult,
963 1423 25 17 48,
995 1423 23 20 (R
1025 1423 58 20 91-94)
1091 1423 19 16 95
1119 1423 63 20 (Stock-

658 1445 52 20 holm)
717 1450 15 10 m

634 1468 82 19 Lindgren
722 1467 54 20 Sylvia
782 1468 56 15 Astrid
844 1467 87 19 Tidn.bud,
937 1468 25 17 45,
969 1468 19 15 92
995 1467 111 20 (Stockholm)
1113 1472 7 11 s

634 1490 84 15 Cederfelt
725 1490 93 20 Margareta
826 1490 84 15 Elisabeth
917 1490 87 20 Sjuksköt.,
1012 1490 24 18 59,
1044 1490 19 15 00
1071 1490 110 20 (Stockholm)

657 1517 16 10 m

634 1534 36 16 Ask
675 1534 34 15 Eva
714 1534 50 16 Carin
770 1534 74 16 Beatrice
849 1534 17 15 fd
872 1534 77 18 Statsråd,
955 1534 24 18 56,
985 1534 23 20 (R
1013 1534 27 20 88)
1046 1534 20 16 94
1071 1534 111 20 (Stockholm)

658 1557 57 15 UbU:s
722 1557 50 15 andre
779 1556 34 16 vice
820 1557 41 15 ordf.
868 1561 16 11 m

633 1579 86 15 Josefsson
730 1579 40 15 Rolf
780 1574 37 20 Åke
829 1579 76 20 Ingemar
915 1579 17 15 fd
943 1579 97 20 Borgarråd,
1052 1579 24 18 39,
1087 1579 20 15 94
1118 1579 64 20 (Stock-

657 1600 52 20 holm)
717 1606 6 10 s

634 1618 104 25 Åbjörnsson
745 1623 41 16 Rolf
790 1624 69 15 Tarnow
865 1623 51 20 Björn
922 1624 49 17 Adv.,
977 1624 24 18 41,
1008 1624 20 15 94
1034 1623 60 21 (Täby)
1101 1624 43 15 LU:s
1150 1624 32 15 för-

657 1648 24 13 ste
688 1646 34 14 vice
729 1646 41 15 ordf.
777 1646 22 15 kd

634 1668 70 15 Larsson
711 1668 39 15 Ewa
756 1667 84 16 Elisabeth
846 1668 66 18 Lärare,
918 1668 25 18 52,
949 1668 20 15 94
976 1668 110 19 (Stockholm)
1093 1673 28 15 mp

634 1690 62 20 Pekgul
702 1690 74 15 Melahat
782 1690 49 15 Nalin
837 1690 88 20 Sjuksköt.,
931 1690 25 18 67,
963 1690 19 15 94
989 1689 111 21 (Stockholm)
1107 1695 6 11 s

634 1712 79 15 Ruwaida
719 1712 76 18 Yvonne,
801 1712 25 18 70,
833 1712 19 15 94
859 1711 111 21 (Stockholm)
976 1717 28 15 mp

634 1734 99 20 Segelström
739 1734 48 20 Inger
793 1735 65 19 Agneta
864 1734 25 15 JK
896 1734 95 20 Miljösekr.,
998 1734 24 18 52,
1029 1734 19 16 95
1055 1734 111 20 (Stockholm)
1173 1739 7 11 s

634 1756 78 16 Hedlund
718 1756 38 16 Carl
763 1756 39 16 Erik
809 1756 89 19 Civ.ekon.,
905 1757 25 18 36,
936 1757 19 15 95
963 1756 110 20 (Stockholm)
1080 1761 16 11 m
