1020 1584
432 50 115 22 Riksdagen.

889 46 62 26 [148]

29 171 63 26 [148]

46 217 49 35 V.
145 214 289 47 Riksdagen,
466 213 110 37 dess
608 212 327 38 Ombudsmän

362 274 89 37 och
481 273 139 37 Verk.

181 360 144 26 Riksdagen.

45 408 82 16 Riksdagen
136 407 43 16 skall,
188 408 3 12 i
200 408 40 12 kraft
246 411 19 9 av
271 408 46 12 rikets
323 407 115 16 regeringsform,
444 410 37 9 sam-

25 427 79 13 manträda
114 426 41 17 varje
165 426 16 13 år
191 426 28 13 den
230 430 17 8 10
257 426 57 15 januari
319 425 40 15 eller,
365 429 24 9 om
396 425 60 15 helgdag
462 424 19 13 då

25 445 75 16 inträffar,
109 445 46 15 dagen
162 444 70 13 därefter.
242 444 81 16 Riksdagen
332 444 36 12 skall
374 447 35 9 vara
415 443 67 13 avslutad

26 464 29 12 den
65 467 16 12 31
91 463 79 13 december.
187 466 34 12 1949
233 462 91 13 avskaffades
333 462 81 16 begreppen
422 461 60 16 lagtima

25 482 28 12 och
67 481 53 13 urtima
134 481 57 15 riksdag
205 481 26 12 och
245 481 61 12 ersattes
319 483 19 9 av
351 479 82 15 vårsession,
443 479 40 12 höst-

26 499 54 13 session
89 499 27 13 och
125 500 41 11 extra
176 498 57 13 session.
243 498 100 13 Vårsessionen
352 497 35 14 skall
394 497 4 13 i
405 497 36 16 regel
448 500 34 10 vara

26 517 69 13 avslutad
104 517 28 13 den
142 520 16 13 31
168 517 35 15 maj.

46 538 50 13 Första
107 538 87 12 kammarens
205 537 73 13 ledamöter
289 538 26 11 äro
327 539 26 13 150
364 536 27 13 och
403 536 46 16 väljas
461 536 22 12 för

27 556 33 13 åtta
70 556 21 15 år,
100 556 64 12 räknade
173 555 33 13 från
216 555 27 13 och
252 554 33 13 med
294 554 59 16 januari
361 554 61 13 månads
432 554 51 16 början

27 574 32 13 året
68 575 33 12 näst
110 574 37 12 efter
156 573 30 16 det,
196 573 46 13 under
250 572 46 13 vilket
306 572 39 13 valet
354 572 45 15 skett,
408 576 19 9 av
435 572 48 12 lands-

27 592 50 16 tingen
91 592 28 13 och
131 591 133 15 stadsfullmäktige
277 590 4 13 i
294 590 18 13 de
325 590 54 16 städer,
391 594 31 9 som
420 583 26 30 ej
446 590 37 16 del-

27 611 35 15 taga
73 610 5 12 i
94 609 79 16 landsting.
191 609 28 13 För
232 608 24 14 val
269 608 23 13 till
304 608 51 13 Första
369 608 85 13 kammaren
467 609 17 11 är

26 628 39 13 riket
77 628 56 12 indelat
147 628 5 12 i
166 631 17 12 19
196 627 86 13 valkretsar.
305 626 92 13 Stockholms
410 626 34 13 stad
456 626 27 13 och

26 646 82 16 Göteborgs
121 646 33 12 stad
167 646 52 15 utgöra
232 648 27 10 var
270 644 23 13 för
305 644 21 16 sig
339 648 17 9 en
367 644 70 13 valkrets.
454 644 29 12 An-

27 668 29 9 nan
69 664 39 15 stad,
122 667 31 9 som
166 664 13 15 ej
193 663 65 16 deltager
269 662 4 13 i
283 662 79 16 landsting,
370 662 50 13 tillhör
428 666 55 9 samma

27 682 65 13 valkrets
103 685 31 10 som
145 682 25 12 det
181 680 146 17 landstingsområde,
338 680 33 13 vari
381 680 51 13 staden
443 680 41 13 förut

27 700 53 16 ingått.
103 699 94 16 Indelningen
213 699 5 13 i
235 699 81 13 valkretsar
331 698 79 13 innehålles
429 698 4 13 i
453 698 31 13 val-

28 718 46 16 lagen.
92 718 28 12 För
135 718 41 16 varje
191 717 65 13 valkrets
272 716 45 17 väljes
333 717 37 12 efter
381 716 102 16 folkmängden

27 736 40 13 inom
82 736 32 13 dess
125 736 60 12 område
196 739 17 9 en
224 735 100 15 riksdagsman
336 735 23 12 för
370 736 33 11 vart
414 734 34 13 fullt
458 734 27 16 tal,

28 754 103 13 motsvarande
143 753 30 16 !/150
186 757 18 9 av
215 753 46 13 rikets
273 753 89 15 folkmängd.
380 752 104 13 Valkretsarna

27 772 56 13 indelas
91 772 5 12 i
104 772 31 13 åtta
143 775 68 13 grupper,
217 771 49 13 vilken
274 771 74 15 indelning
356 770 78 13 fastställes
442 770 4 13 i
454 770 30 13 val-

28 790 47 16 lagen.
90 790 44 16 Varje
142 790 17 12 år
167 790 47 12 under
221 789 82 16 september
311 789 54 13 månad
373 788 37 13 skall
418 788 40 13 inom
466 792 18 9 en

28 812 19 9 av
56 808 64 13 nämnda
128 811 63 13 grupper
198 808 70 12 förrättas
277 807 24 13 val
309 807 23 13 för
340 807 98 16 nästföljande
446 807 38 12 åtta-

28 826 79 16 årsperiod.
126 826 29 13 Det
169 826 41 12 antal
222 825 101 16 riksdagsmän
337 825 18 13 de
368 825 72 13 särskilda
454 824 30 13 val-

28 844 77 13 kretsarna
119 844 41 12 skola
174 845 33 11 utse
221 843 87 13 bestämmes
322 843 46 15 enligt
382 843 102 13 ovannämnda

28 866 42 9 norm
80 866 19 9 av
111 862 80 15 Konungen
202 862 34 12 vart
247 865 30 9 10:e
288 861 16 13 år
314 861 25 16 (K.
350 861 44 15 kung.
404 861 50 13 härom
460 860 24 16 90/5

29 880 48 16 1952).
96 879 63 13 Valbara
174 881 25 11 äro
212 879 5 13 i
229 879 112 13 kommunernas
355 878 73 13 allmänna
442 882 43 12 ange-

28 898 85 15 lägenheter
121 897 122 16 röstberättigade
253 898 33 12 män
296 897 27 12 och
333 897 69 15 kvinnor,
411 900 31 9 som
448 900 36 12 upp-

28 916 34 12 nått
75 919 17 12 35
102 916 23 12 års
135 915 40 13 ålder
185 915 41 16 (1949
236 915 23 13 års
268 915 57 15 riksdag
334 916 44 15 antog
388 918 31 10 som
428 915 63 21 vilande
481 905 9 35 |

27 935 23 12 ett
59 933 52 17 förslag
120 937 25 9 om
154 933 101 13 valbarhetens
264 933 70 15 sänkning
344 933 22 12 till
375 936 16 12 23
402 932 26 16 år).

46 952 50 12 Andra
104 952 87 12 kammarens
199 951 73 13 ledamöter
280 952 25 11 äro
314 954 32 12 230,
354 950 44 13 valda
406 951 23 12 för
436 954 18 9 en
463 950 22 13 tid

28 973 19 9 av
55 970 33 15 fyra
97 969 21 16 år,
126 969 64 13 räknade
198 969 33 13 från
239 969 27 12 och
275 969 33 12 med
316 968 59 16 januari
383 968 60 13 månads
452 969 33 12 bör-

28 987 25 16 jan
63 987 32 13 året
105 988 33 12 näst
148 987 38 12 efter
195 987 30 15 det,
236 987 46 12 under
291 986 47 13 vilket
348 986 39 13 valet
397 986 44 13 skett.
457 986 28 12 För

27 1005 42 12 dessa
76 1004 25 13 val
107 1006 17 11 är
128 1005 39 12 riket
174 1004 66 13 indelat
229 996 16 30 i
249 1004 16 13 28
273 1004 86 13 valkretsar.
372 1004 29 12 För
407 1004 41 15 varje
454 1003 31 13 val-

28 1023 39 12 krets
73 1022 46 17 väljes
125 1022 38 13 efter
167 1022 112 16 folkmängden
276 1025 40 10 inom
322 1022 32 13 dess
360 1021 59 13 område
426 1025 17 9 en
448 1021 43 15 riks-
483 1017 8 26 |

27 1041 71 15 dagsman
92 1032 25 31 för
121 1032 38 31 vart
166 1040 34 13 fullt
205 1040 26 16 tal,
236 1040 102 13 motsvarande
342 1039 30 16 !/2s0
377 1040 66 13 avrikets
448 1040 36 13 folk-

28 1059 58 15 mängd.
102 1058 51 13 Rikets
162 1050 74 24 indelning
246 1058 5 13 i
261 1058 81 13 valkretsar
350 1058 80 13 innehålles
440 1058 5 12 i
455 1057 30 14 val-

28 1076 46 16 lagen.
87 1077 44 15 Varje
138 1076 23 13 län
169 1077 44 15 utgör
219 1080 17 9 en
244 1076 69 15 valkrets,
320 1077 42 11 utom
370 1074 78 17 Älvsborgs
456 1076 28 15 län,

27 1098 32 9 som
67 1095 16 12 är
90 1094 40 13 delat
137 1094 5 13 i
151 1098 7 9 2
166 1094 63 15 kretsar,
236 1094 73 16 varjämte
316 1093 64 17 följande
388 1094 49 12 städer
444 1093 40 13 bilda

28 1116 27 9 var
62 1112 21 13 sin
92 1112 70 13 valkrets:
171 1112 13 16 1)
193 1111 90 16 Stockholm,
292 1112 13 16 2)
315 1111 58 16 Malmö,
383 1111 101 16 Hälsingborg,

28 1130 95 13 Landskrona
135 1130 26 13 och
174 1130 47 16 Lund,
234 1130 12 16 3)
260 1130 78 15 Göteborg.
355 1130 29 12 Det
396 1129 41 13 antal
447 1130 37 12 riks-

27 1148 76 16 dagsmän,
112 1148 41 16 varje
162 1148 65 13 valkrets
236 1149 34 14 äger
278 1149 38 14 utse,
324 1147 80 13 fastställes
413 1148 23 12 för
444 1148 41 15 varje

27 1166 108 16 fyraårsperiod
147 1170 18 9 av
174 1166 80 15 Konungen
264 1166 24 15 (K.
298 1166 43 15 kung.
351 1166 50 12 härom
411 1164 17 17 /s
438 1166 46 15 1948).

28 1184 58 13 Valrätt
96 1184 89 13 tillkommer
194 1187 45 9 envar
247 1183 53 13 svensk
308 1187 34 9 man
351 1184 27 12 och
386 1183 60 16 kvinna,
453 1187 31 9 som

27 1203 50 12 senast
86 1202 46 13 under
140 1202 120 15 nästföregående
266 1201 86 13 kalenderår
358 1201 33 16 fyllt
398 1205 16 9 21
422 1201 20 16 år,
447 1201 38 13 dock

28 1220 14 16 ej
50 1220 33 15 den,
90 1224 31 9 som
127 1220 32 13 står
164 1220 47 13 under
216 1220 126 16 förmynderskap.
352 1219 63 13 Valbara
420 1220 25 12 äro
450 1221 34 11 män

27 1238 27 13 och
65 1238 69 15 kvinnor,
143 1242 31 9 som
184 1238 64 16 uppnått
258 1241 18 13 23
286 1238 23 12 års
319 1237 41 13 ålder
369 1239 38 11 samt
417 1238 27 15 äga
454 1238 30 12 val-

28 1257 31 12 rätt
69 1256 40 13 inom
119 1256 83 13 valkretsen
212 1255 41 16 eller,
262 1256 27 12 där
298 1255 41 16 fråga
349 1256 17 12 är
375 1259 24 9 om
408 1256 39 15 stad,
453 1259 31 9 som

28 1274 50 13 består
88 1278 19 8 av
116 1274 37 13 flera
162 1274 88 15 valkretsar,
258 1273 40 13 inom
308 1273 47 16 någon
365 1277 19 9 av
393 1273 46 13 dessa.

46 1292 55 13 Genom
110 1295 17 9 en
138 1292 16 13 år
164 1295 34 12 1941
208 1292 74 15 företagen
292 1292 63 15 ändring
364 1291 4 13 i
370 1284 8 30 $
375 1292 31 15 30
412 1291 72 16 riksdags-

27 1310 80 15 ordningen
121 1310 26 12 har
162 1309 76 17 möjlighet
253 1310 55 12 beretts
324 1311 23 11 att
362 1309 15 13 vid
402 1309 33 16 krig
450 1309 35 12 eller

27 1327 71 16 krigsfara
108 1327 80 16 uppskjuta
197 1327 25 13 val
234 1327 24 13 till
265 1327 81 16 riksdagen,
356 1326 42 14 såväl
407 1327 24 13 till
438 1327 46 13 första

28 1349 31 9 som
68 1345 46 13 andra
122 1345 89 13 kammaren.

45 1363 93 13 Gemensamt
147 1363 23 13 för
178 1363 38 13 båda
226 1363 85 13 kamrarnas
318 1362 81 14 ledamöter
405 1362 50 16 gäller,
461 1364 23 11 att

27 1381 203 16 riksdagsmannabefattning
242 1381 28 13 kan
281 1382 53 12 utövas
343 1381 51 13 endast
404 1384 19 10 av
431 1381 53 13 svensk

28 1400 99 15 medborgare.

46 1418 30 12 Till
89 1418 38 13 båda
141 1418 78 12 kamrarna
233 1418 25 12 ske
272 1417 42 13 valen
328 1417 33 13 med
373 1417 112 16 proportionellt

28 1436 62 13 valsätt.

46 1453 94 13 Beträffande
144 1453 99 16 ersättningen
248 1454 22 12 för
276 1452 209 17 riksdagsmannauppdragets

28 1471 91 17 fullgörande
128 1472 38 13 hava
175 1471 109 14 bestämmelser
293 1471 44 16 givits
344 1471 4 13 i
355 1475 17 9 en
379 1475 19 9 av
404 1471 80 15 Konungen

496 358 27 13 och
532 358 76 16 riksdagen
618 358 16 13 år
641 362 34 12 1941
683 357 64 14 samfällt
753 357 67 14 beslutad
826 357 52 16 stadga
885 357 22 16 (21
914 357 37 13 febr.

498 380 33 12 1941
546 376 33 13 med
592 376 40 13 ändr.
647 377 49 12 senast
711 376 45 16 1951).
772 376 106 16 Riksdagsman
887 375 66 17 åtnjuter

497 394 53 13 arvode
566 394 32 13 från
614 395 27 12 och
655 394 33 13 med
702 394 28 13 den
744 394 32 16 dag,
791 394 19 13 då
824 394 29 13 han
864 395 40 14 tager
914 394 38 16 plats

497 413 5 12 i
516 413 76 15 riksdagen
606 412 21 13 till
640 413 27 12 och
676 412 33 13 med
718 413 28 12 den
755 412 33 16 dag,
798 412 18 13 då
826 412 125 16 riksdagsmanna-

498 431 80 16 uppdraget
596 431 60 16 upphör.
675 430 58 13 Arvode
751 430 42 16 utgår
811 430 33 13 med
861 431 22 12 ett
899 430 53 16 belopp

498 448 101 14 motsvarande
613 452 41 13 9,000
663 448 22 14 kr.
699 448 23 13 för
735 448 20 16 år,
765 452 24 9 om
798 448 128 16 riksdagsmannen
936 449 16 12 är

498 467 49 12 bosatt
561 467 9 12 å
583 468 28 14 ort,
625 467 26 12 där
663 467 58 15 riksdag
731 466 48 16 hålles,
789 466 34 13 eller
832 466 42 16 eljest
883 466 33 13 med
928 466 24 13 be-

498 485 35 16 lopp
541 485 102 12 motsvarande
653 488 49 12 12,000
712 485 21 12 kr.
743 484 23 13 för
775 484 19 13 år.
806 484 106 16 Riksdagsman
919 485 34 14 äger

498 503 19 16 på
530 503 25 12 det
567 502 81 13 allmännas
661 502 81 13 bekostnad
751 502 66 16 företaga
826 506 39 9 resor
875 502 8 13 å
892 502 60 16 statliga

498 521 27 12 och
540 521 66 12 enskilda
617 521 81 15 järnvägar.
715 520 111 16 Riksdagsman,
836 524 32 9 som
877 521 16 11 är
902 520 50 13 bosatt

499 539 8 12 å
517 542 48 9 annan
575 540 22 11 ort
607 539 19 12 än
637 539 26 12 där
672 538 77 16 riksdagen
759 538 51 16 hålles,
820 539 34 15 äger
863 538 55 16 jämväl
927 538 26 12 vid

499 557 93 15 begagnande
605 560 18 9 av
636 558 45 11 annat
694 556 80 13 färdmedel
786 557 17 12 än
816 556 5 12 i
834 556 46 13 första
894 556 58 16 stycket

499 576 40 14 sagts
553 574 18 16 på
585 574 25 13 det
622 574 81 13 allmännas
717 574 80 13 bekostnad
810 577 31 10 resa
851 574 24 12 till
883 574 27 12 och
920 574 33 12 från

499 592 77 16 riksdagen
586 593 38 12 samt
632 592 46 13 under
688 592 27 16 tid,
725 592 18 13 då
751 592 54 13 arvode
811 592 25 13 till
844 592 54 13 honom
904 592 48 16 utgår,

499 610 53 13 mellan
562 610 107 16 riksdagsorten
678 610 27 13 och
715 610 79 13 hemorten.

518 628 108 16 Riksdagsman,
639 632 31 9 som
679 628 55 13 tillhört
743 628 75 16 riksdagen
827 628 44 12 minst
881 628 7 12 8
899 628 15 12 år
924 628 29 13 före

499 647 45 16 fyllda
552 647 17 15 65
576 646 20 16 år,
606 648 33 15 äger
648 647 30 12 rätt
688 646 21 13 till
719 646 63 17 pension,
791 650 14 9 se
812 646 22 13 SF
840 645 55 17 464/47,
903 646 49 16 507/51

499 669 14 9 0.
524 664 56 16 788/51.

518 683 87 12 Kamrarnas
615 682 54 13 talmän
678 682 55 13 erhålla
742 682 172 16 representationsbidrag
920 681 33 13 med

499 701 43 16 högst
551 704 41 13 5,000
602 700 21 13 kr.
633 700 22 13 för
664 700 20 13 år.

518 719 77 12 Allmänna
603 718 25 13 val
636 718 24 13 till
667 718 50 13 Andra
726 718 84 13 kammaren
819 718 55 13 skedde
882 719 49 12 senast
938 718 16 13 år

500 740 41 13 1952,
550 737 23 13 för
582 737 68 16 perioden
661 737 95 16 1953—1956.

615 792 72 16 Första
699 792 132 16 kammaren.

641 827 113 17 Stockholms
766 827 47 17 stad.

490 858 1 15 I
582 856 125 22 (Mandattiden
720 857 48 21 utgår
780 856 19 17 år
814 856 57 22 1953.)

500 890 76 19 Ewerlöf,
588 891 48 15 Knut
648 890 78 16 Gerhard
737 889 68 21 (förutv.
814 888 89 21 Statsråd),
911 890 14 21 J.
936 895 16 11 o.

525 915 31 15 Fil.
566 915 28 19 K.,
608 915 88 18 Direktör,
709 914 67 16 Kmstk
783 914 37 19 NO,
830 914 55 19 KVO,
896 914 58 16 KFinl

524 939 55 19 VRO,
593 939 11 15 f.
615 939 28 19 90;
657 939 23 16 46
692 936 43 22 (adr.
748 936 113 22 Stockholm).

500 962 65 19 Strand,
588 963 43 15 Axel
652 963 87 18 Wilhelm,
761 962 192 21 Riksgäldsfullmäktig

524 984 53 22 [211],
594 987 60 15 Förste
670 987 35 15 vice
721 987 71 18 talman,
809 986 11 15 f.
834 986 27 18 93;
875 986 23 16 46
910 984 43 21 (adr.

525 1008 112 21 Stockholm).

490 1027 1 19 |
500 1033 82 21 Bergvall,
592 1034 45 21 John
649 1034 77 19 Helmer,
736 1032 97 22 Borgarråd
841 1030 53 24 [501],
904 1033 11 16 f.
925 1033 27 19 92;

490 1051 1 31 |.
525 1059 21 15 46
559 1056 42 22 (adr.
615 1056 113 21 Stockholm).

500 1081 85 21 Branting,
603 1082 64 20 Georg,
684 1082 14 21 J.
713 1082 28 19 K.,
761 1081 84 19 Advokat,
864 1081 63 18 NFIK,
942 1081 11 15 f.

525 1106 28 18 87;
566 1107 23 15 46
601 1104 42 21 (adr.
658 1103 113 21 Stockholm).

500 1129 98 19 Nordenson,
610 1130 71 19 Harald,
698 1129 81 16 Direktör
791 1126 52 23 [829],
863 1129 12 15 f.
889 1128 27 20 86;
930 1128 23 16 46

523 1148 43 29 (adr.
580 1138 111 39 Stockholm).

500 1172 59 24 Åman,
573 1178 55 15 Oskar
641 1178 64 19 Valter,
719 1177 87 19 Direktör,
819 1177 12 15 f.
840 1177 28 18 05;
879 1177 22 15 46
910 1174 42 22 (adr.

525 1200 92 21 Enskede).

500 1225 88 19 Wistrand,
607 1226 42 15 Karl
668 1226 93 18 Knutsson,
780 1225 24 15 M.
818 1225 28 18 D.,
857 1225 15 20 J.
886 1225 27 18 K.,
927 1224 24 16 fd.

524 1250 86 19 Direktör,
623 1250 54 18 KVO,
688 1249 54 19 RNO,
752 1249 95 18 KFinlLO,
858 1244 30 30 Off
893 1244 59 30 FrHL,

525 1274 141 18 RFinlVRO1kl,
682 1274 11 15 f.
707 1273 28 18 89;
749 1273 22 16 46
783 1270 38 22 (adr.
839 1270 113 21 Stockholm).

500 1297 74 19 Nerman,
591 1299 51 18 Ture,
660 1298 32 15 Fil.
706 1297 28 19 K.,
747 1297 128 18 Skriftställare,
889 1296 63 19 NFrK,

524 1323 11 14 f.
549 1322 27 18 86;
590 1322 22 16 46
624 1320 43 21 (adr.
681 1318 113 22 Stockholm).

500 1342 67 22 Öhman,
585 1346 42 15 Lars
644 1345 76 19 Gunnar,
734 1345 115 18 Sekreterare,
864 1344 11 16 f.
889 1344 27 18 04;
930 1344 22 15 46

523 1368 43 21 (adr.
580 1367 92 21 Enskede).

500 1393 80 21 Englund,
600 1394 41 15 Erik
659 1393 88 19 Wilhelm,
764 1392 33 16 Fil.
811 1392 28 19 D.,
855 1391 14 21 J.
882 1391 28 20 K.,

525 1418 88 19 Aktuarie,
626 1418 12 15 f.
652 1418 27 17 89;
693 1418 23 15 46
728 1415 43 21 (adr.
784 1414 113 20 Stockholm).

500 1441 99 20 Lindström,
617 1442 38 16 Ulla
669 1441 76 19 Gunilla,
759 1441 11 15 f.
783 1440 78 19 Wohlin,
879 1439 32 16 Fil.
924 1439 28 19 K.,

525 1466 93 19 Redaktör,
631 1466 12 15 f.
656 1466 28 18 09;
698 1466 22 15 46
732 1463 42 21 (adr.
788 1462 112 21 Stockholm).

929 1391 24 16 fd.

474 1512 33 16 261
