1258 1896
598 42 119 25 Riksdagen

1155 42 66 19 7—7b

94 228 13 28 I
194 226 176 39 Riksdagen

95 326 11 23 1
176 335 27 15 100
211 335 16 14 12
235 334 98 16 Stockholm.
340 335 32 15 Tel.
379 335 58 15 08-786
442 335 20 15 40
468 335 20 15 00

95 365 151 20 Regeringsformen
264 366 31 15 den
314 366 19 15 28
351 366 39 15 febr.
410 366 37 15 1974
464 366 26 19 (nr
510 366 34 17 152;
562 365 79 20 omtryckt

96 388 44 15 1985:
147 388 37 17 866;
193 388 62 15 ändrad
264 390 53 13 senast
328 388 43 15 1985:
379 388 40 19 866).
430 388 170 19 Riksdagsordningen
609 388 32 15 den

95 410 19 15 28
126 410 39 15 febr.
179 410 37 15 1974
228 411 25 18 (nr
267 410 34 18 153;
312 410 80 19 omtryckt
405 410 43 15 1985:
457 410 45 18 1068;
514 410 62 15 ändrad
588 412 53 13 senast

96 432 44 15 1987:
149 432 48 19 1299).
202 432 56 20 Vallag
263 432 83 16 den
293 428 15 28 8
309 432 37 16 dec.
354 428 36 28 1972
395 433 26 18 (nr
425 433 37 17 620;
467 432 79 19 omtryckt
553 432 43 16 1985:
603 432 37 17 203;

94 454 62 16 ändrad
164 457 53 13 senast
225 455 44 15 1985:
276 455 41 19 203).

95 499 92 20 Riksdagen
193 500 17 14 är
215 499 26 16 det
246 499 66 16 främsta
317 499 124 20 representativa
446 501 106 17 statsorganet
557 499 26 15 för
588 503 53 11 svens-

94 521 21 15 ka
120 521 55 16 folket.
181 521 92 20 Riksdagen
279 521 51 16 stiftar
335 522 31 19 lag,
371 521 70 16 beslutar
446 526 27 11 om
479 522 41 15 skatt
525 521 23 16 till
554 524 51 13 staten
610 521 31 15 och

94 543 97 16 bestämmer
197 544 30 15 hur
233 546 59 13 statens
299 544 52 15 medel
359 544 39 15 skall
406 544 87 15 användas.

116 566 91 20 Riksdagen
215 566 52 16 består
274 571 19 10 av
301 566 29 16 349
338 566 93 18 ledamöter,
438 566 48 15 valda
493 566 52 15 direkt
552 571 19 10 av
579 566 50 15 folket
636 566 4 15 i

94 588 83 15 allmänna
183 589 30 14 val.
219 588 86 16 Ordinarie
311 588 98 20 riksdagsval
416 589 37 19 äger
459 593 35 11 rum
500 591 34 13 vart
540 588 50 20 tredje
597 589 17 14 år
620 589 21 19 på

94 610 50 20 tredje
151 610 83 20 söndagen
242 611 4 15 i
254 611 90 19 september
351 610 64 16 månad.
423 610 87 16 Allmänna
517 611 25 15 val
550 610 22 16 till
581 610 60 16 riksda-

94 637 30 15 gen
133 633 41 19 ägde
183 635 52 13 senast
245 638 34 10 rum
288 633 31 15 den
331 633 16 15 15
356 633 90 19 september
456 633 37 15 1985
502 633 31 15 och
542 637 46 11 avser
596 633 44 15 tiden

94 655 40 15 intill
144 655 36 15 dess
189 660 19 10 en
218 655 59 19 nyvald
286 655 64 20 riksdag
358 655 59 15 samlas
426 655 39 15 efter
474 655 98 19 riksdagsval
582 655 31 15 den
624 655 17 15 18

94 677 90 19 september
192 678 42 15 1988.

116 700 30 15 För
154 699 99 20 riksdagsval
262 700 17 15 är
288 700 40 15 riket
337 700 60 15 indelat
406 700 4 15 i
419 700 19 15 28
448 700 91 15 valkretsar.
548 700 25 15 Av
582 700 20 15 de
611 700 30 15 349

94 721 160 20 riksdagsmandaten
264 723 17 14 är
289 722 29 15 310
326 721 41 16 fasta
376 722 141 18 valkretsmandat,
526 726 35 11 som
570 722 71 15 fördelas

94 744 59 15 mellan
163 744 109 15 valkretsarna
281 744 40 15 efter
330 744 59 15 antalet
399 744 132 19 röstberättigade
541 744 4 15 i
556 744 43 19 varje
608 744 33 15 val-

94 766 46 15 krets.
147 766 46 15 Inom
199 766 43 19 varje
247 766 69 15 valkrets
321 766 70 15 tillfaller
397 766 87 15 mandaten
490 766 20 15 de
515 766 5 15 i
526 766 115 19 riksdagsvalet

94 788 96 20 deltagande
196 788 80 20 partierna
282 788 124 22 proportionellt
412 789 20 19 på
438 788 79 20 grundval
523 793 19 11 av
549 788 92 16 valresulta-

93 813 22 13 tet
123 810 45 16 inom
177 810 94 16 valkretsen.
279 808 60 22 Övriga
347 811 19 15 39
375 811 66 15 mandat
450 811 17 15 är
475 810 166 20 utjämningsmandat

93 837 35 11 som
138 832 70 16 fördelas
218 833 17 15 så
244 835 22 13 att
275 833 43 19 varje
327 833 49 19 partis
384 833 123 19 sammanlagda
516 833 42 15 antal
568 833 59 19 platser
636 833 4 15 i

94 855 84 19 riksdagen
184 855 17 15 så
206 856 39 14 nära
250 859 34 11 som
290 855 62 19 möjligt
356 859 54 11 svarar
415 857 33 13 mot
453 855 60 15 antalet
517 855 69 19 avgivna
591 856 50 14 röster

93 877 26 15 för
126 877 56 19 partiet
190 877 4 15 i
201 877 36 15 hela
244 877 59 15 landet.

115 900 5 14 I
128 899 113 20 fördelningen
248 904 19 11 av
274 899 140 20 riksdagsmandat
420 899 51 16 deltar
477 899 57 16 endast
540 899 59 20 partier
605 904 35 11 som

93 922 29 15 har
130 921 29 16 fått
168 921 48 16 minst
224 921 35 20 fyra
267 924 67 17 procent
342 926 19 11 av
370 921 73 20 samtliga
452 921 4 16 i
465 921 36 16 hela
509 922 55 15 landet
572 922 69 19 avgivna

94 944 53 15 röster.
155 944 25 15 Ett
186 944 40 19 parti
233 948 35 11 som
274 944 33 15 inte
313 944 29 15 når
347 948 34 15 upp
387 944 23 15 till
417 944 180 19 fyraprocentsgränsen
603 949 37 10 men

93 970 35 11 som
136 966 29 15 har
172 966 62 15 erhållit
242 966 48 15 minst
298 966 33 15 tolv
339 969 67 16 procent
413 971 20 10 av
441 967 71 14 rösterna
520 966 4 15 i
533 966 31 15 viss
572 966 69 16 valkrets

93 988 51 15 deltar
152 988 43 15 dock
204 988 27 15 vid
240 988 113 20 fördelningen
362 993 19 10 av
390 988 20 15 de
419 988 41 15 fasta
469 988 157 16 valkretsmandaten
636 988 4 15 i

93 1015 62 10 samma
162 1010 72 16 valkrets.

114 1033 71 15 Rösträtt
191 1032 26 16 vid
224 1032 98 20 riksdagsval
329 1033 28 15 har
363 1033 31 15 den
400 1037 35 11 som
442 1033 17 15 är
465 1033 57 15 svensk
529 1033 111 19 medborgare,

93 1059 34 11 som
135 1056 18 14 är
159 1055 66 19 myndig
232 1055 31 15 och
270 1059 35 11 som
312 1057 53 13 senast
372 1055 20 19 på
399 1055 79 19 valdagen
486 1055 28 15 har
521 1055 35 19 fyllt
565 1055 16 15 18
588 1055 21 15 år.

114 1077 31 15 För
151 1079 22 13 att
179 1077 55 15 kunna
240 1080 42 12 utses
288 1077 23 15 till
318 1077 144 19 riksdagsledamot
468 1077 49 20 gäller
523 1082 62 11 samma
591 1077 49 16 behö-

93 1099 98 20 righetskrav
198 1104 34 11 som
240 1099 25 16 för
272 1100 67 15 rösträtt.

114 1121 92 20 Riksdagen
214 1122 128 15 sammanträder
349 1122 23 15 till
381 1122 65 19 lagtima
454 1122 82 18 riksmöte,
544 1122 40 15 efter
592 1122 47 19 nyval

92 1144 21 19 på
121 1144 83 15 femtonde
211 1144 53 19 dagen
271 1144 40 15 efter
318 1144 46 18 valet,
372 1144 31 15 och
411 1144 55 19 övriga
473 1144 17 15 år
498 1144 49 16 första
555 1144 72 20 tisdagen
635 1144 4 15 i

92 1166 69 15 oktober
167 1166 64 15 månad.
239 1166 72 20 Lagtima
317 1166 77 16 riksmöte
400 1166 39 16 skall
447 1166 69 16 avslutas
523 1169 53 13 senast
583 1166 31 16 den
621 1167 17 15 31

92 1188 32 20 maj
135 1188 72 19 följande
217 1189 17 15 år
244 1193 36 11 men
290 1188 32 16 kan
332 1193 26 11 om
369 1188 90 20 synnerliga
469 1189 34 15 skäl
514 1188 84 20 föreligger
608 1189 32 15 för-

92 1211 56 19 längas
153 1210 23 16 till
181 1211 31 15 den
220 1211 15 15 15
240 1210 40 20 juni.
287 1211 55 15 Under
347 1211 23 15 tid
375 1211 21 15 då
401 1211 65 19 lagtima
472 1211 76 15 riksmöte
553 1211 32 15 inte
591 1211 49 20 pågår

92 1233 32 15 kan
131 1232 85 20 riksdagen
223 1233 59 15 samlas
289 1233 22 15 till
319 1233 58 15 urtima
384 1233 80 15 riksmöte.

114 1255 151 20 Riksdagsärenden
273 1255 57 16 bereds
339 1255 4 15 i
352 1256 49 19 något
409 1260 19 10 av
437 1255 94 20 riksdagens
541 1256 17 15 16
567 1255 41 16 fasta
616 1258 23 13 ut-

92 1277 42 16 skott
141 1277 31 16 och
179 1278 57 19 avgörs
243 1282 58 15 genom
308 1277 52 16 beslut
367 1278 4 15 i
379 1278 65 19 plenum
451 1278 113 19 (kammaren).

113 1299 104 15 Beträffande
226 1299 152 19 riksdagsledamots
387 1300 87 18 ersättning
483 1300 29 14 har
520 1300 120 15 bestämmelser

92 1323 53 13 senast
151 1320 46 20 givits
204 1321 4 15 i
214 1321 153 19 ersättningsstadga
373 1321 31 15 den
413 1321 16 15 17
436 1321 34 15 dec.
478 1321 35 15 1971
521 1322 26 18 (nr
554 1322 44 17 1197;
605 1326 34 10 om-

92 1343 51 19 tryckt
151 1343 43 16 1980:
201 1343 35 19 870,
243 1343 62 16 ändrad
312 1346 52 13 senast
373 1344 43 15 1987:
425 1344 33 19 110)
465 1343 25 16 för
496 1343 94 20 riksdagens
596 1344 43 15 leda-

92 1366 55 15 möter.
152 1366 66 15 Arvode
222 1366 46 19 utgår
272 1366 37 15 med
314 1366 60 19 belopp
379 1366 26 15 för
409 1366 60 15 månad
474 1370 35 11 som
514 1369 89 12 motsvarar
607 1366 32 15 den

91 1387 131 20 genomsnittliga
231 1388 48 15 lönen
288 1388 25 15 för
321 1388 66 19 tjänster
395 1392 35 11 som
439 1388 94 19 byråchefer
541 1388 27 15 vid
577 1388 63 19 statliga

92 1410 111 19 myndigheter
210 1410 31 15 och
249 1414 35 11 som
292 1410 73 18 rådmän,
373 1410 101 15 hovrättsråd
482 1410 31 15 och
521 1410 118 16 kammarrätts-

92 1432 33 15 råd.
134 1432 72 15 Arvodet
215 1435 89 12 motsvarar
313 1432 48 15 lönen
370 1432 23 15 till
403 1432 135 19 statstjänsteman
548 1432 4 15 i
562 1433 77 19 lönegrad

93 1455 13 14 N
105 1454 45 15 29:8
160 1454 25 19 (18
194 1455 23 14 111
229 1454 67 15 kr/mån
306 1454 4 15 i
318 1454 33 19 jan.
364 1455 48 18 1988).
423 1454 57 15 Därtill
490 1454 97 16 tillkommer
597 1455 42 15 kost-

92 1476 128 19 nadsersättning
227 1481 35 11 som
268 1477 46 19 utgår
320 1477 36 15 med
363 1476 60 20 belopp
430 1477 113 15 motsvarande
550 1477 25 15 för
581 1477 17 15 år
605 1477 34 15 räk-

91 1501 28 12 nat
127 1498 20 15 70
152 1494 17 29 20
176 1503 19 10 av
204 1498 26 15 det
239 1498 27 15 vid
275 1499 40 15 årets
324 1498 59 20 ingång
392 1499 75 19 gällande
475 1499 106 19 basbeloppet
590 1499 49 19 enligt

91 1520 47 19 lagen
145 1525 27 10 om
179 1520 60 15 allmän
246 1520 95 20 försäkring.
348 1520 30 15 Till
385 1521 71 15 ledamot
463 1525 34 11 som
505 1520 14 20 ej
526 1522 17 14 är
550 1521 89 19 berättigad

91 1542 134 16 tilltraktamente
230 1543 45 19 utgår
280 1542 165 20 kostnadsersättning
450 1543 37 15 med
492 1543 61 19 belopp
558 1548 35 10 som
599 1546 40 12 mot-

91 1569 54 11 svarar
150 1564 32 15 helt
187 1564 94 20 basbelopp.
288 1565 46 15 Såväl
340 1565 66 15 arvodet
411 1569 35 11 som
451 1565 188 19 kostnadsersättningen

91 1587 18 15 är
118 1586 108 20 skattepliktig
237 1586 74 16 inkomst.
323 1587 95 15 Ledamöter
428 1591 35 11 som
473 1588 18 14 är
500 1587 64 15 bosatta
574 1587 66 15 utanför

91 1609 177 15 Stockholmsområdet
275 1609 24 15 får
305 1609 106 15 traktamente
417 1609 40 15 efter
463 1609 62 20 statliga
532 1614 69 11 normer.
609 1610 30 15 För

91 1631 162 19 riksdagsledamöter
262 1635 34 11 som
306 1632 17 14 är
331 1631 63 15 bosatta
403 1631 59 15 mellan
473 1632 16 14 15
498 1632 31 15 och
538 1632 20 14 70
567 1632 26 15 km
602 1632 36 15 från

91 1653 85 19 riksdagen
186 1653 45 19 utgår
241 1653 82 15 reducerat
332 1653 110 15 traktamente.
453 1653 152 20 Riksdagsledamot
615 1653 24 16 får

91 1675 21 19 på
118 1675 27 15 det
152 1675 91 15 allmännas
249 1675 90 15 bekostnad
347 1675 51 15 företa
405 1680 47 11 resor.

112 1697 94 16 Utskottens
214 1697 99 16 ordförande
321 1697 31 16 och
360 1697 35 16 vice
403 1697 99 16 ordförande
510 1698 88 18 redovisas,
607 1698 31 15 för-

91 1722 44 13 utom
144 1719 4 15 i
157 1719 121 16 nedanstående
287 1719 101 20 förteckning
396 1721 38 14 över
442 1720 94 19 riksdagens
544 1720 94 18 ledamöter,

91 1742 40 15 även
140 1741 51 16 under
199 1741 35 15 avd.
244 1746 18 11 nr
269 1742 15 15 8.
293 1742 130 15 Statskalendern
432 1742 82 15 redovisar
522 1742 116 19 riksdagsleda-

92 1785 8 9 +
107 1785 172 19 Riksdagsledamoten
288 1785 71 15 Christer
368 1785 64 15 Eirefelt
440 1785 29 15 har
477 1789 19 11 av
505 1785 85 19 riksdagen
598 1785 40 15 valts

91 1807 23 15 till
121 1807 50 15 andre
178 1807 34 15 vice
219 1807 60 15 talman
287 1807 14 15 fr
307 1812 10 10 o
323 1812 16 10 m
346 1807 31 15 den
384 1808 9 14 6
401 1807 40 19 april
450 1807 42 15 1988.

642 1822 20 17 53

676 333 73 15 möterna
757 333 3 15 i
769 333 31 15 den
808 333 120 19 ordningsföljd
936 333 3 15 i
948 333 53 15 vilken
1009 333 20 16 de
1037 334 17 15 är
1061 336 83 17 upptagna
1152 334 4 15 i
1164 334 32 15 den
1204 339 19 10 av

676 355 85 19 riksdagen
768 355 96 19 upprättade
871 355 127 20 förteckningen.
1005 352 86 19 Årssiffror
1097 356 45 15 inom
1149 359 74 17 parentes

676 377 86 15 betecknar
772 377 67 20 tidigare
849 378 112 19 ledamotskap
971 382 20 11 av
1002 378 84 19 riksdagen
1096 379 36 18 (FK
1146 386 13 5 =
1173 378 49 16 första

676 399 99 18 kammaren,
782 400 31 15 AK
823 407 13 5 =
847 400 50 15 andra
904 400 99 18 kammaren,
1011 400 14 15 R
1035 407 13 5 =
1058 400 97 20 riksdagen).

757 456 157 22 Partiställningen
922 456 6 17 i
936 456 94 22 riksdagen

1028 499 48 15 Antal
1084 499 89 16 ledamöter

966 517 51 29 Män
1066 521 74 16 Kvinnor
1153 522 53 16 Totalt

677 541 174 17 Socialdemokratiska
858 542 78 20 riksdags-

697 568 73 15 gruppen
979 566 27 14 107
1076 567 18 14 52
1156 567 27 15 159

678 586 85 16 Moderata
770 587 134 19 samlingspartiet
987 588 18 15 35
1075 589 17 15 21
1164 589 19 15 76

667 604 108 28 Folkpartiet
976 606 28 27 31
1075 611 19 15 20
1164 612 16 14 51

665 626 128 29 Centerpartiet
987 633 19 15 26
1077 633 16 15 18
1163 634 20 15 44

677 653 124 19 Vänsterpartiet
808 654 138 15 kommunisterna
989 655 17 15 16
1085 656 8 15 3
1166 656 17 15 19

677 696 88 19 Riksdagen
772 697 46 15 totalt
976 698 30 16 235
1065 699 29 15 114
1152 700 31 14 349

756 748 112 18 Procentuell
879 749 101 22 fördelning
991 754 21 12 av
1023 750 90 22 kvinnliga
1124 751 99 17 ledamöter

756 781 46 16 inom
811 781 89 21 partierna

1054 821 57 27 Antal
1154 825 66 15 Procent

676 844 174 16 Socialdemokratiska
857 845 78 19 riksdags-

696 871 73 14 gruppen
1074 869 19 15 52
1152 870 35 17 32,7

677 888 85 16 Moderata
769 889 133 19 samlingspartiet
1074 891 16 15 21
1152 892 35 18 27,6

667 906 107 29 Folkpartiet
1074 913 19 15 20
1152 914 35 18 39,2

666 929 126 27 Centerpartiet
1076 936 16 15 18
1151 936 36 18 40,9

676 955 124 19 Vänsterpartiet
807 956 138 16 kommunisterna
1084 958 8 15 3
1154 959 33 18 15,8

676 1000 89 19 Riksdagen
771 1000 47 15 totalt
1065 1002 28 14 114
1151 1002 37 18 32,6

678 1046 27 23 Ja
722 1042 24 37 —
758 1047 132 28 Riksdagen

756 1097 66 15 Talman

678 1119 85 19 Bengtsson
771 1119 37 15 Sten
816 1119 47 15 Bertil
871 1119 89 19 Ingemund,
969 1119 22 18 19,
999 1120 19 14 79
1025 1124 7 10 s

757 1162 53 15 Förste
816 1162 32 15 vice
855 1162 58 15 talman

677 1184 87 15 Troedsson
771 1184 79 19 Ingegerd,
858 1184 24 18 29,
890 1185 19 14 79
916 1189 15 10 m

757 1227 51 15 Andre
815 1228 31 14 vice
853 1228 68 14 talman”

678 1249 74 15 Eriksson
759 1250 37 14 Karl
804 1250 43 17 Erik,
854 1250 25 17 25,
886 1250 33 18 (76)
926 1250 18 15 85
952 1249 18 20 fp

756 1293 55 18 Tredje
817 1293 32 15 vice
856 1293 58 14 talman

678 1314 69 18 Fiskesjö
754 1314 48 14 Bertil
810 1314 47 15 Allan
866 1314 40 18 Nils,
913 1314 25 18 28,
946 1315 19 14 86
972 1318 8 11 c

677 1358 28 23 7b

677 1409 63 15 Evermo
748 1409 59 15 Barbro
815 1409 74 18 Elisabet,
896 1409 25 18 43,
929 1409 18 15 86
954 1409 108 19 (Stockholm)
1069 1414 7 10 s

677 1431 69 15 Bohman
755 1431 23 15 Bo
786 1431 50 15 Gösta
843 1431 25 15 JK
877 1431 17 15 fd
902 1431 76 18 Statsråd,
988 1432 21 17 11,
1018 1432 37 18 (AK
1064 1432 60 15 58—69
1133 1432 28 15 FK
1169 1432 26 19 70)
1203 1432 16 15 71

697 1453 107 19 (Stockholm)
812 1458 14 10 m

677 1475 79 15 Lindkvist
762 1475 54 15 Oskar
823 1475 69 15 William
899 1475 80 19 Org.chef,
986 1476 24 17 21,
1017 1476 38 18 (AK
1062 1476 60 15 61—64
1128 1476 68 19 66—70)
1203 1476 16 15 71

697 1497 107 19 (Stockholm)
812 1497 54 15 BoU:s
873 1497 34 15 vice
914 1497 41 15 ordf.
962 1502 7 11 s

676 1519 64 15 Werner
746 1519 39 15 Lars
792 1519 50 19 Helge
849 1519 118 18 Ombudsman,
974 1520 25 17 35,
1006 1520 35 18 (FK
1048 1520 67 19 65—70)
1122 1520 17 15 71
1148 1520 73 19 (Tyresö)

698 1541 82 15 Partiordf.
788 1541 31 20 vpk

676 1564 88 15 Andersson
769 1563 37 16 Sten
813 1564 44 15 Sture
863 1564 76 18 Statsråd,
945 1564 24 18 23,
975 1564 36 19 (FK
1016 1564 67 19 66—70)
1089 1565 16 14 71
1113 1564 108 19 (Stockholm)

756 1364 116 17 Stockholms
881 1364 97 18 kommuns
987 1365 77 17 valkrets

696 1590 7 11 s

676 1608 96 15 Fridolfsson
779 1608 39 19 Filip
825 1608 68 15 William
902 1608 81 18 Fabrikör,
990 1608 25 18 23,
1021 1608 38 19 (AK
1065 1609 61 15 65—70
1134 1609 13 15 R
1154 1609 67 19 72—79)

696 1630 19 15 82
722 1630 108 19 (Stockholm)
837 1635 15 10 m

675 1652 84 19 Sigurdsen
772 1652 67 15 Gertrud
852 1652 81 15 Christina
945 1652 76 18 Statsråd,
1034 1653 25 18 23,
1071 1653 38 18 (AK
1122 1653 68 19 69—70)
1202 1653 16 15 71

696 1674 107 19 (Stockholm)
810 1679 7 10 s

676 1696 59 15 Gradin
745 1696 46 15 Anita
801 1696 77 20 Ingegerd
887 1696 76 18 Statsråd,
973 1697 24 18 33,
1007 1697 37 18 (AK
1053 1697 68 19 69—70)
1130 1697 17 15 71
1158 1697 62 19 (Stock-

696 1718 51 20 holm)
754 1723 7 10 s

676 1741 86 15 Hellström
771 1741 44 15 Mats
824 1741 52 15 Johan
886 1741 76 18 Statsråd,
971 1741 25 18 42,
1006 1741 38 19 (AK
1053 1742 68 18 69—70)
1130 1742 17 14 71
1158 1742 62 18 (Stock-

696 1763 51 19 holm)
754 1767 7 11 s
