1076 1564
104 57 62 25 [148]

107 190 61 25 [148]

512 59 115 22 Riksdagen.

124 236 49 35 V.
223 234 289 47 Riksdagen,
544 233 110 37 dess
686 232 327 38 Ombudsmän

439 293 88 37 och
558 293 139 36 Verk.

259 384 144 27 Riksdagen.

124 433 67 16 Lagtima
202 432 59 16 riksdag
272 432 43 21 skall,
326 432 5 13 i
343 432 40 13 kraft
395 436 19 9 av
425 432 46 13 rikets
483 431 78 16 regerings-

105 451 43 15 form,
157 451 110 12 sammanträda
278 450 40 16 varje
329 450 16 12 år
354 450 28 12 den
394 454 16 8 10
421 450 58 16 januari
488 450 40 15 eller,
537 453 24 9 om

105 461 62 23 helgdag
176 468 20 13 då
204 468 74 15 inträffar,
288 468 46 15 dagen
344 468 69 12 därefter.

124 489 50 13 Första
185 489 87 13 kammarens
283 488 74 13 ledamöter
367 489 26 12 äro
405 491 26 18 150
443 488 26 13 och
481 488 47 16 väljas
539 488 23 12 för

106 507 32 13 åtta
148 508 21 15 år,
178 507 64 13 räknade
251 507 33 12 från
294 507 27 12 och
330 506 33 13 med
373 506 58 16 januari
439 506 61 13 månads
510 506 58 16 början
557 498 12 31 |

106 525 31 13 året
146 527 33 11 näst
188 525 38 12 efter
234 525 30 15 det,
273 525 47 12 under
328 524 47 13 vilket
384 524 39 13 valet
432 524 45 15 skett,
486 528 19 8 av
513 524 48 12 lands-

106 543 49 16 tingen
169 543 28 13 och
209 542 133 16 stadsfullmäktige
355 542 4 13 i
372 542 18 13 de
403 542 54 15 städer,
468 546 32 9 som
511 542 13 15 ej
532 541 29 13 del-

107 562 33 15 taga
152 561 4 13 i
172 560 79 16 landsting.
269 561 28 12 För
310 560 25 13 val
347 560 23 13 till
382 560 51 13 Första
447 560 85 13 kammaren
545 561 17 11 är

105 579 38 13 riket
156 579 56 12 indelat
225 579 5 12 i
244 582 16 12 19
274 578 87 13 valkretsar.
383 578 92 13 Stockholms
488 578 34 12 stad
534 578 27 12 och

106 597 81 16 Göteborgs
199 597 34 12 stad
245 597 52 15 utgöra
310 600 26 9 var
348 596 23 13 för
383 596 22 16 sig
417 600 17 9 en
445 596 70 13 valkrets.
532 596 29 12 An-

106 619 29 9 nan
147 615 40 15 stad,
200 618 31 9 som
244 614 13 16 ej
271 614 65 16 deltager
347 614 4 12 i
361 614 78 15 landsting,
448 614 50 12 tillhör
506 617 55 9 samma

106 633 64 13 valkrets
181 636 31 9 som
223 632 26 13 det
259 632 146 16 landstingsområde,
416 632 33 12 vari
459 632 51 12 staden
521 631 40 13 förut

105 651 54 15 ingått.
180 650 95 16 Indelningen
291 650 5 13 i
312 650 82 13 valkretsar
409 650 79 12 innehålles
507 649 4 13 i
531 649 30 13 val-

106 669 46 15 lagen.
169 669 29 12 För
213 668 41 16 varje
269 668 65 13 valkrets
349 667 46 17 väljes
410 668 38 12 efter
458 667 103 16 folkmängden

106 687 40 12 inom
160 686 32 13 dess
203 686 60 13 område
274 689 17 9 en
301 686 101 15 riksdagsman
414 685 23 13 för
447 687 34 11 vart
492 685 34 13 fullt
536 685 26 16 tal,

106 704 104 13 motsvarande
222 703 29 16 !/1:0
263 707 19 9 av
293 703 46 13 rikets
351 703 89 16 folkmängd.
458 703 104 13 Valkretsarna

105 722 56 13 indelas
169 722 5 12 i
182 722 31 13 åtta
221 725 68 12 grupper,
295 721 49 13 vilken
352 721 74 16 indelning
433 721 79 13 fastställes
519 721 5 12 i
532 721 30 12 val-

106 740 47 16 lagen.
168 740 44 16 Varje
221 740 16 12 år
245 739 46 13 under
299 739 82 16 september
389 739 53 13 månad
451 739 37 13 skall
495 739 41 13 inom
544 743 18 8 en

106 762 22 9 av
134 758 64 13 nämnda
206 761 63 13 grupper
276 757 70 13 förrättas
355 757 24 13 val
387 757 23 13 för
418 757 97 16 nästföljande
524 757 38 13 åtta-

106 776 79 16 årsperiod.
204 776 29 12 Det
247 775 41 13 antal
300 775 100 16 riksdagsmän
414 775 19 13 de
446 775 72 13 särskilda
532 775 30 12 val-

106 794 77 13 kretsarna
197 793 41 13 skola
252 794 32 12 utse
299 793 87 13 bestämmes
400 793 46 16 enligt
460 793 102 13 ovannämnda

106 816 42 9 norm
158 816 19 9 av
188 812 81 15 Konungen
280 812 34 12 vart
325 815 30 9 10:e
366 811 16 13 år
392 811 24 16 (K.
427 811 44 16 kung.
481 811 51 13 härom
539 810 23 16 3/6

108 830 47 16 1941).
173 829 64 13 Valbara
251 830 26 12 äro
290 829 5 13 i
306 829 113 13 kommunernas
432 829 74 13 allmänna
520 832 42 12 ange-

107 848 84 15 lägenheter
199 847 122 16 röstberättigade
331 848 34 12 män
374 847 27 13 och
411 847 68 16 kvinnor,
489 851 31 9 som
526 851 36 12 upp-

107 866 34 12 nått
151 869 16 12 35
178 865 23 13 års
211 865 45 13 ålder.

125 884 50 12 Andra
183 883 87 13 kammarens
277 883 73 13 ledamöter
358 884 26 11 äro
392 886 31 12 230,
432 882 44 13 valda
484 882 23 13 för
514 886 18 9 en
541 882 22 13 tid

107 905 19 9 av
134 902 33 15 fyra
176 901 21 16 år,
205 901 64 13 räknade
276 901 33 12 från
318 901 27 12 och
353 901 34 12 med
395 900 58 16 januari
461 900 60 13 månads
530 900 33 13 bör-

107 919 25 16 jan
143 919 31 13 året
184 920 33 11 näst
227 919 37 12 efter
273 919 31 15 det,
314 919 46 12 under
369 918 47 13 vilket
426 918 39 13 valet
475 918 44 13 skett.
535 918 28 13 För

107 937 41 13 dessa
155 937 25 12 val
186 938 17 11 är
208 937 39 12 riket
253 936 55 13 indelat
315 936 4 13 i
327 936 17 13 28
352 936 86 13 valkretsar.
450 936 29 13 För
485 936 41 16 varje
532 936 31 13 val-

107 955 40 13 krets
153 955 46 16 väljes
205 955 37 12 efter
246 954 103 16 folkmängden
355 954 40 13 inom
401 955 32 12 dess
438 954 59 13 område
503 958 18 9 en
526 954 37 13 riks-

107 973 70 16 dagsman
182 973 58 12 förvart
245 973 34 12 fullt
284 972 26 16 tal,
314 972 103 13 motsvarande
421 971 29 16 !/230
455 972 66 13 avrikets
526 972 37 13 folk-

107 991 59 15 mängd.
181 991 52 12 Rikets
241 990 75 16 indelning
325 990 5 13 i
340 990 81 13 valkretsar
429 990 80 13 innehålles
518 990 5 12 i
533 989 30 13 val-

107 1009 47 16 lagen.
167 1009 44 15 Varje
217 1008 24 13 län
248 1010 44 14 utgör
298 1012 17 9 en
323 1008 70 16 valkrets,
400 1010 41 11 utom
449 1006 78 17 Älvsborgs
534 1008 29 15 län,

107 1030 32 9 som
146 1028 17 11 är
170 1026 39 13 delat
217 1026 5 13 i
230 1030 7 9 2
246 1027 62 15 kretsar,
315 1026 73 16 varjämte
395 1026 64 16 följande
467 1026 50 13 städer
523 1026 40 12 bilda

107 1048 27 9 var
141 1044 22 13 sin
172 1044 69 13 valkrets:
251 1044 12 16 1)
273 1044 89 15 Stockholm,
371 1044 13 16 2)
394 1044 58 15 Malmö,
461 1044 102 15 Hälsingborg,

107 1062 96 13 Landskrona
214 1062 27 13 och
253 1062 47 15 Lund,
313 1062 13 16 3)
339 1062 78 15 Göteborg.
434 1062 29 12 Det
475 1062 41 12 antal
526 1061 37 13 riks-

107 1080 75 16 dagsmän,
192 1080 41 16 varje
241 1080 65 13 valkrets
315 1081 34 14 äger
357 1081 38 14 utse,
404 1079 78 13 fastställes
491 1080 24 12 för
523 1079 40 16 varje

107 1098 108 16 fyraårsperiod
226 1102 19 9 av
253 1098 80 15 Konungen
343 1098 24 16 (K.
377 1098 44 15 kung.
430 1098 50 12 härom
489 1096 18 17 /s
517 1097 46 16 1948).

107 1116 59 13 Valrätt
175 1116 89 13 tillkommer
273 1119 45 9 envar
326 1115 53 13 svensk
388 1119 33 9 man
431 1115 26 13 och
465 1115 60 16 kvinna,
532 1119 31 9 som

107 1135 50 12 senast
165 1134 47 12 under
219 1133 120 16 nästföregående
345 1133 86 13 kalenderår
437 1133 33 16 fyllt
477 1137 16 9 21
501 1133 21 16 år,
526 1133 39 13 dock

108 1152 13 16 ej
129 1152 33 15 den,
169 1156 31 9 som
207 1152 31 13 står
243 1152 47 12 under
295 1151 126 16 förmynderskap.
431 1151 63 13 Valbara
499 1152 26 12 äro
529 1152 34 12 män

107 1170 27 13 och
145 1169 68 16 kvinnor,
222 1174 32 9 som
263 1170 65 16 uppnått
338 1173 16 12 25
366 1170 23 12 års
399 1169 40 13 ålder
448 1171 39 11 samt
497 1171 27 14 äga
534 1169 30 13 val-

108 1189 31 12 rätt
148 1188 41 13 inom
198 1188 83 13 valkretsen
292 1187 40 16 eller,
342 1188 27 12 där
378 1187 41 16 fråga
428 1189 17 11 är
454 1191 24 9 om
488 1187 38 16 stad,
533 1191 30 9 som

108 1206 51 13 består
168 1209 18 9 av
195 1205 37 13 flera
241 1206 88 15 valkretsar,
337 1206 41 12 inom
387 1206 47 15 någon
445 1209 18 9 av
473 1205 46 13 dessa.

126 1224 93 12 Gemensamt
227 1224 23 12 för
258 1224 39 12 båda
306 1223 85 13 kamrarnas
399 1223 80 13 ledamöter
485 1223 50 16 gäller,
541 1224 23 12 att

107 1241 203 16 riksdagsmannabefattning
322 1241 28 13 kan
361 1243 53 11 utövas
423 1241 51 13 endast
483 1245 19 9 av
511 1241 53 13 svensk

108 1259 99 16 medborgare.

126 1277 30 13 Till
169 1277 38 13 båda
221 1277 78 13 kamrarna
312 1277 26 13 ske
352 1277 42 13 valen
408 1277 33 13 med
453 1276 111 17 proportionellt

108 1295 62 13 valsätt.

126 1313 93 12 Beträffande
224 1312 98 16 ersättningen
327 1313 23 12 för
355 1312 209 16 riksdagsmannauppdragets

108 1330 90 16 fullgörande
207 1331 39 12 hava
254 1330 110 13 bestämmelser
372 1330 44 16 givits
423 1331 4 12 i
434 1334 17 9 en
458 1334 19 9 av
483 1331 80 14 Konungen

107 1349 28 12 och
143 1349 76 15 riksdagen
231 1348 16 13 år
254 1352 33 12 1941
295 1348 65 13 samfällt
366 1348 67 13 beslutad
439 1348 52 15 stadga
498 1348 22 15 (21
528 1348 35 13 febr.

109 1370 33 12 1941
153 1367 33 12 med
196 1367 40 12 ändr.
246 1368 48 11 senast
304 1367 28 12 den
339 1370 17 9 20
362 1366 29 16 maj
400 1367 45 16 1949).
458 1366 106 15 Riksdagsman

108 1385 66 15 åtnjuter
188 1385 53 12 arvode
252 1384 33 13 från
297 1385 27 12 och
334 1384 33 13 med
376 1384 28 13 den
414 1385 32 15 dag,
457 1384 18 13 då
485 1384 29 13 han
524 1385 40 14 tager

109 1403 38 15 plats
161 1403 5 12 i
180 1402 76 15 riksdagen
271 1402 21 13 till.
305 1403 27 12 och
342 1402 33 13 med
385 1402 27 13 den
422 1402 32 15 dag,
464 1402 19 12 då
492 1402 72 15 riksdags-

109 1420 136 16 mannauppdraget
258 1420 61 16 upphör.
335 1420 58 13 Arvode
407 1420 42 15 utgår
463 1420 33 12 med
508 1420 23 12 ett
540 1419 24 13 be-

108 1438 35 16 lopp
153 1438 102 13 motsvarande
265 1439 41 15 6,650
315 1438 22 13 kr.
347 1438 23 13 för
378 1438 20 15 år,
406 1442 23 8 om
435 1438 129 15 riksdagsmannen

110 1457 16 11 är
135 1456 50 12 bosatt
194 1456 9 12 å
212 1457 24 11 ort
245 1456 26 12 där
279 1456 60 15 riksdag
358 1455 35 13 hålles
402 1456 34 12 eller
445 1455 42 16 eljest
496 1455 33 13 med
540 1455 24 13 be-

108 1474 36 15 lopp
153 1473 103 13 motsvarande
266 1474 40 15 8,866
316 1474 21 12 kr.
347 1473 23 13 för
379 1473 20 13 är.
415 1473 106 16 Riksdagsman
531 1474 34 15 äger

567 384 1 21 |
577 383 19 16 på
608 384 25 12 det
645 383 81 13 allmännas
739 383 81 13 bekostnad
829 383 65 16 företaga
904 387 38 9 resor
952 383 8 13 å
970 383 60 16 statliga

567 397 1 8 |
577 402 26 12 och
618 401 66 13 enskilda
695 402 81 15 järnvägar.
792 401 111 16 Riksdagsman,
914 405 31 9 som
955 402 16 12 är
980 401 50 13 bosatt

577 419 8 13 å
595 423 47 9 annan
653 421 23 11 ort
685 420 19 12 än
715 419 26 13 där
749 419 77 16 riksdagen
836 419 51 16 hålles,
897 420 34 15 äger
940 419 56 16 jämväl
1005 419 26 13 vid

577 438 93 15 begagnande
683 441 18 9 av
714 438 45 12 annat
771 437 80 13 färdmedel
863 438 18 12 än
894 437 5 13 i
911 437 47 13 första
971 437 59 16 stycket

576 457 40 13 sagts
630 455 19 16 på
663 455 25 13 det
700 455 81 12 allmännas
793 455 82 12 bekostnad
887 459 31 8 resa
928 455 24 12 till
961 455 27 12 och
997 455 33 12 från

567 473 1 9 |
576 473 77 15 riksdagen
663 473 38 12 samt
710 473 45 12 under
765 473 27 15 tid,
802 472 18 13 då
829 473 53 12 arvode
889 472 25 13 till
921 472 54 13 honom
981 472 48 16 utgår,

567 483 1 17 |
576 490 54 13 mellan
639 490 108 16 riksdagsorten
757 490 27 13 och
793 490 80 13 hemorten.

594 508 95 13 Beträffande
698 508 65 16 pension,
772 512 15 9 se
796 508 22 13 SF
827 507 55 17 464/47.

595 526 88 13 Kamrarnas
693 526 54 13 talmän
756 526 55 13 erhålla
819 525 173 17 representationsbidrag
997 525 34 13 med

577 548 41 12 5,000
628 544 22 13 kr.
659 544 23 13 för
691 544 20 13 år.

594 562 55 13 Genom
658 565 17 10 en
686 562 16 13 år
712 565 33 12 1941
756 561 73 16 företagen
839 561 63 16 ändring
911 561 4 13 i
917 550 9 34 $
936 565 17 12 30
958 561 73 15 riksdags-

576 580 79 16 ordningen
669 580 27 13 har
710 579 76 17 möjlighet
801 580 55 12 beretts
871 580 23 12 att
909 579 26 13 vid
949 579 34 16 krig
997 579 35 12 eller

576 598 71 16 krigsfara
656 598 80 16 uppskjuta
745 597 24 13 val
781 597 24 13 till
812 597 82 16 riksdagen,
903 597 42 13 såväl
954 597 24 13 till
985 597 46 13 första

576 620 31 9 som
616 616 45 13 andra
670 616 89 12 kammaren.
778 615 80 16 Konungen
871 615 26 13 och
906 615 77 16 riksdagen
993 615 38 12 hava

576 633 73 16 nämligen
667 633 87 16 berättigats
771 634 23 12 att
808 634 88 15 gemensamt
910 633 62 15 besluta,
988 634 23 11 att
1026 633 5 12 i

576 652 64 13 nämnda
653 651 26 13 fall
692 651 25 13 val
730 651 24 13 till
765 651 77 16 riksdagen
857 651 42 15 skall,
912 655 24 9 om
950 651 25 12 det
983 650 48 13 finnes

577 669 114 16 oundgängligen
704 669 96 16 nödvändigt,
809 669 92 16 uppskjutas,
911 669 37 12 dock
958 669 42 15 högst
1009 669 22 12 ett

577 688 16 12 år
601 694 13 3 —
615 687 76 13 beslutet
700 687 29 12 kan
738 687 81 13 emellertid
827 690 72 13 upprepas
909 693 18 3 —
935 686 33 13 från
975 686 25 13 det
1007 689 25 10 va-

576 705 20 13 let
605 705 34 13 bort
649 706 26 15 äga
684 709 38 12 rum,
731 705 27 13 och
767 706 23 12 att
797 704 81 16 valperiod,
883 708 31 9 som
921 704 48 13 skolat
975 704 56 16 utlöpa,

576 723 72 16 förlänges
662 723 33 13 med
708 724 22 11 ett
742 723 21 12 år.
781 722 57 13 Härvid
847 722 23 13 må
879 722 49 13 tillika
937 722 95 16 bestämmas,

577 742 22 12 att
609 741 114 16 giltighetstiden
736 741 23 12 för
772 740 25 13 det
806 740 30 16 val,
844 744 32 9 som
885 741 34 15 äger
927 744 32 9 rum
969 740 4 13 i
983 740 50 13 stället

577 759 23 13 för
608 759 25 13 det
647 759 94 16 uppskjutna,
755 758 38 13 skall
806 759 73 12 förkortas
890 758 34 13 med
933 759 22 12 ett
964 758 21 13 år.
1004 758 29 12 För

577 777 83 15 riksdagens
672 777 24 12 del
704 777 72 13 erfordras
785 776 80 13 emellertid
875 776 22 13 för
905 776 48 13 beslut
962 780 24 9 om
995 780 38 12 upp-

577 795 36 13 skov
626 799 19 9 av
659 794 24 13 val
697 795 26 12 och
736 794 92 16 förlängning
840 798 19 9 av
873 794 76 16 valperiod
960 794 45 13 minst
1014 793 18 16 2/4

577 813 74 16 majoritet
665 817 19 9 av
697 813 18 12 de
728 813 68 12 röstande
806 812 5 13 i
821 812 60 13 vardera
894 812 89 13 kammaren.
1002 812 29 12 Det

577 835 30 12 nya
620 831 87 15 stadgandet
720 834 24 9 om
757 830 92 16 förlängning
862 833 19 10 av
891 830 74 16 valperiod
975 830 57 13 medför

576 849 43 16 ingen
631 849 106 16 inskränkning
746 848 5 13 i
761 849 88 15 Konungens
858 849 30 12 rätt
897 850 23 11 att
929 848 69 13 förordna
1007 851 24 10 om

577 871 29 12 nya
616 866 29 13 val.

596 885 77 13 Allmänna
682 884 24 13 val
715 884 24 13 till
746 884 50 13 Andra
805 884 84 13 kammaren
898 884 55 13 skedde
961 885 49 12 senast
1017 883 16 13 år

579 903 40 16 1948,
629 902 40 13 vilka
679 902 24 13 val
712 902 38 16 gälla
759 902 24 13 för
791 902 69 16 perioden
871 905 96 13 1949—1952.

693 942 71 16 Första
777 942 131 16 kammaren.

718 977 115 17 Stockholms
844 977 47 17 stad.

660 1006 125 22 (Mandattiden
798 1007 48 21 utgår
859 1007 18 16 år
891 1006 58 22 1953.)

578 1037 76 19 Ewerlöf,
667 1038 47 15 Knut
727 1037 83 20 Gerhard,
824 1037 83 16 Direktör
915 1035 53 22 [928],
983 1037 10 16 f.
1004 1037 27 19 90;

602 1063 23 15 46
637 1060 43 21 (adr.
694 1059 112 22 Stockholm).

578 1085 66 19 Strand,
666 1085 44 16 Axel
730 1085 88 19 Wilhelm,
840 1085 193 20 Riksgäldsfullmäktig

602 1107 53 22 [211],
673 1110 59 15 Andre
749 1110 34 15 vice
800 1110 71 18 talman,
888 1109 11 15 f.
913 1109 28 19 93;
955 1109 22 16 46
990 1107 42 21 (adr.

603 1131 112 22 Stockholm).

579 1157 81 21 Bergvall,
671 1157 45 21 John
728 1157 77 19 Helmer,
815 1155 97 22 Borgarråd
921 1154 53 23 [501],
983 1157 12 15 f.
1005 1157 27 18 92;

603 1182 22 15 46
638 1180 43 21 (adr.
694 1179 113 21 Stockholm).

579 1205 85 20 Branting,
683 1205 62 20 Georg,
763 1205 15 21 J.
792 1205 28 19 K.,
840 1205 85 19 Advokat,
943 1205 64 18 NFIK,
1021 1205 11 14 f.

604 1229 27 19 87;
645 1230 23 16 46
680 1227 43 22 (adr.
737 1226 113 22 Stockholm).

579 1253 98 18 Nordenson,
689 1253 71 19 Harald,
777 1253 81 15 Direktör
871 1250 52 22 [962],
943 1253 11 15 f.
968 1252 28 19 86;
1010 1252 22 15 46

602 1271 43 31 (adr.
659 1261 111 40 Stockholm).

579 1291 59 33 Åman,
652 1301 56 16 Oskar
720 1301 65 18 Valter,
798 1300 87 19 Direktör,
899 1300 11 15 f.
920 1300 28 18 05;
958 1300 23 16 46
990 1297 43 22 (adr.

604 1322 93 22 Enskede).

579 1348 88 19 Wistrand,
680 1348 42 16 Karl
731 1348 93 18 Knutsson,
834 1347 23 16 fd.
868 1347 81 16 Direktör
959 1345 52 22 [968],
1021 1347 8 15 f.

604 1373 28 18 89;
646 1373 23 16 46
681 1370 42 21 (adr.
736 1368 112 22 Stockholm).

579 1392 74 29 Nerman,
671 1396 51 33 Ture,
740 1395 32 16 Fil.
786 1395 27 19 K.,
827 1395 128 18 Skriftställare,
969 1395 64 18 NFrK,

603 1421 11 15 f.
629 1420 27 19 86;
670 1420 22 16 46
704 1417 43 22 (adr.
761 1403 113 40 Stockholm).

580 1440 67 22 Öhman,
665 1444 42 15 Lars
723 1443 76 19 Gunnar,
814 1443 116 18 Sekreterare,
944 1442 11 15 f.
969 1442 27 18 04;
1011 1442 22 15 46

603 1466 43 21 (adr.
659 1465 93 22 Enskede).

553 1513 32 16 252
