1246 1908
43 61 79 17 30-30b

553 61 110 22 Riksdagen

42 149 27 25 30
86 145 26 39 —
125 153 129 26 Riksdagen

126 190 54 19 Riksg.
191 190 11 15 1.
211 190 20 15 Pa
241 190 29 15 100
280 190 17 15 12
305 190 99 15 Stockholm.
411 190 32 15 Tel.
450 190 62 15 08-786
518 190 22 15 40
546 190 21 15 00

42 221 152 19 Regeringsformen
211 221 31 15 den
260 221 20 15 28
297 221 38 15 febr.
356 221 41 15 1974
414 222 25 17 (nr
459 221 34 17 152;
511 221 79 19 omtryckt

44 244 46 15 1994:
98 244 46 16 1483;
158 244 59 14 ändrad
230 246 53 12 senast
298 244 46 14 1994:
354 243 53 18 1483).
421 243 169 19 Riksdagsordningen

42 266 30 15 den
80 266 21 15 28
109 266 37 15 febr.
158 266 40 15 1974
205 266 25 18 (nr
240 266 35 17 153;
283 266 79 19 omtryckt
371 266 46 15 1995:
425 266 37 17 272;
470 266 59 14 ändrad
537 268 53 12 senast

44 288 46 15 1995:
101 288 51 18 1678).
169 288 55 19 Vallag
239 288 31 15 den
286 288 8 15 8
310 288 34 15 dec.
362 288 41 15 1972
419 289 25 17 (nr
458 288 37 17 620;
511 288 79 19 omtryckt

44 311 46 14 1994:
98 310 37 17 287;
143 310 59 15 ändrad
209 313 53 12 senast
271 310 45 15 1995:
324 310 44 18 746).

42 355 92 19 Riksdagen
141 356 17 13 är
164 355 26 15 det
198 355 65 14 främsta
270 355 123 19 representativa
400 357 104 17 statsorganet
511 354 25 15 för
543 359 46 10 sven-

42 377 29 15 ska
75 377 55 15 folket.
137 377 91 19 Riksdagen
233 377 51 15 stiftar
289 377 30 19 lag,
324 377 70 15 beslutar
398 381 27 11 om
431 377 39 14 skatt
476 377 22 14 till
504 379 50 12 staten
559 377 31 14 och

42 399 96 15 bestämmer
144 399 29 15 hur
180 402 59 12 statens
246 399 52 15 medel
306 399 39 15 skall
353 399 86 15 användas.

64 422 92 18 Riksdagen
163 421 53 15 består
222 426 20 10 av
250 422 31 14 349
289 422 91 16 ledamöter,
388 422 47 14 valda
442 421 51 15 direkt
500 426 19 10 av
527 421 51 15 folket
585 421 4 15 i

42 444 80 14 allmänna
130 444 29 14 val.
167 444 84 14 Ordinarie
258 444 99 18 riksdagsval
364 445 38 17 äger
408 448 34 10 rum
450 446 33 12 vart
490 443 50 19 fjärde
547 443 17 15 år
570 443 20 19 på

42 466 49 19 tredje
102 466 81 19 söndagen
195 466 4 14 i
210 466 90 19 september
310 465 62 15 månad.
384 466 86 14 Allmänna
480 466 25 14 val
516 466 23 14 till
550 466 39 14 riks-

42 488 51 19 dagen
100 488 40 19 ägde
147 491 53 12 senast
206 493 35 10 rum
247 488 31 15 den
288 488 17 15 18
312 488 90 19 september
411 488 40 15 1994
457 488 31 15 och
495 492 46 11 avser
547 488 42 14 tiden

42 510 40 15 intill
91 510 37 15 dess
137 515 19 10 en
166 510 58 19 nyvald
233 510 63 19 riksdag
306 510 58 15 samlas
373 510 40 15 efter
422 510 98 19 riksdagsval
529 510 30 15 den
569 510 21 15 20

42 533 90 19 september
141 533 45 14 1998.

64 555 30 15 För
103 555 98 19 riksdagsval
211 556 17 14 är
236 555 40 15 riket
285 555 58 15 indelat
353 555 4 14 i
366 555 21 14 29
397 555 88 14 valkretsar.
496 555 23 14 Av
529 555 19 14 de
558 555 31 14 349

42 577 158 19 riksdagsmandaten
209 578 17 14 är
235 577 32 15 310
276 577 41 15 fasta
326 577 139 17 valkretsmandat,
475 582 35 10 som
520 577 69 15 fördelas

42 600 59 14 mellan
112 600 106 14 valkretsarna
228 599 41 15 efter
279 600 57 14 antalet
347 599 130 19 röstberättigade
488 599 4 15 i
503 599 43 19 varje
557 599 32 15 val-

42 622 46 14 krets.
96 622 44 14 Inom
147 622 43 19 varje
196 622 68 14 valkrets
271 622 70 14 tillfaller
346 622 85 14 mandaten
437 622 20 14 de
464 622 4 14 i
474 622 116 18 riksdagsvalet

42 644 94 19 deltagande
141 644 78 21 partierna
224 644 121 19 proportionellt
350 643 20 20 på
375 644 77 19 grundval
458 648 19 10 av
483 644 107 14 valresultatet

42 666 44 15 inom
94 666 93 15 valkretsen.
195 666 61 19 Övriga
263 666 21 15 39
291 666 64 15 mandat
362 667 16 14 är
385 666 162 19 utjämningsmandat
554 670 36 11 som

42 689 70 14 fördelas
122 688 16 15 så
148 691 21 12 att
178 688 43 19 varje
231 688 47 19 partis
288 688 121 19 sammanlagda
418 688 40 15 antal
469 688 58 19 platser
536 688 4 14 i
550 688 39 15 riks-

42 711 52 19 dagen
100 710 17 15 så
123 712 36 13 nära
165 715 35 10 som
206 711 63 19 möjligt
275 715 53 10 svarar
333 713 34 12 mot
372 711 58 14 antalet
436 710 69 19 avgivna
510 711 50 14 röster
565 710 25 15 för

42 733 56 19 partiet
105 733 3 15 i
117 733 35 15 hela
159 733 57 15 landet.

64 755 5 15 I
78 755 111 19 fördelningen
197 760 20 10 av
225 755 137 19 riksdagsmandat
370 755 50 14 deltar
427 755 55 14 endast
490 755 57 19 partier
554 759 36 10 som

42 777 28 15 har
78 777 29 15 fått
116 777 47 15 minst
172 777 35 19 fyra
215 780 66 16 procent
289 782 20 10 av
318 777 74 19 samtliga
401 777 4 14 i
415 777 35 14 hela
460 777 52 14 landet
521 777 69 19 avgivna

42 800 52 13 röster.
103 799 24 14 Ett
135 799 38 18 parti
181 803 35 10 som
224 799 32 14 inte
264 798 27 15 når
298 803 31 14 upp
337 799 23 14 till
368 799 177 18 fyraprocentsgränsen
553 803 36 10 men

42 825 36 10 som
86 821 28 14 har
121 820 61 15 erhållit
190 821 48 14 minst
246 821 33 14 tolv
288 823 65 17 procent
361 825 19 10 av
388 822 70 13 rösterna
467 820 4 15 i
480 820 33 15 viss
521 820 68 15 valkrets

42 843 50 15 deltar
101 843 41 15 dock
152 843 28 15 vid
190 843 111 19 fördelningen
311 847 19 10 av
340 843 20 15 de
370 843 41 14 fasta
421 843 154 14 valkretsmandaten
585 843 4 14 i

42 870 62 10 samma
110 865 74 15 valkrets.

64 888 69 14 Rösträtt
139 887 27 15 vid
173 887 99 19 riksdagsval
279 887 28 15 har
313 887 59 15 svensk
379 887 108 19 medborgare,
495 891 35 10 som
537 890 53 11 senast

42 909 20 19 på
68 909 78 19 valdagen
152 909 36 19 fyllt
196 909 18 15 18
220 909 16 15 år
242 909 50 15 under
296 909 112 19 förutsättning
414 911 21 13 att
441 909 30 15 han
477 910 17 14 är
499 912 80 16 upptagen
585 909 4 14 i

42 932 86 18 röstlängd.

64 954 30 14 För
103 956 21 12 att
134 954 52 14 kunna
196 956 42 12 utses
248 954 23 14 till
280 954 144 18 riksdagsledamot
434 954 49 18 gäller
492 958 61 10 samma
562 954 27 14 be-

42 976 120 19 hörighetskrav
169 980 35 10 som
212 976 25 15 för
244 977 65 13 rösträtt.

65 998 91 19 Riksdagen
164 998 125 15 sammanträder
296 998 23 15 till
328 998 81 17 riksmöte,
418 998 40 14 efter
465 998 47 19 nyval
521 997 20 20 på
549 998 40 14 fem-

42 1020 48 15 tonde
97 1020 51 19 dagen
155 1020 40 15 efter
201 1020 47 17 valet,
255 1020 31 15 och
292 1020 56 19 övriga
354 1019 17 16 år
377 1020 49 15 första
433 1020 71 19 tisdagen
512 1020 4 14 i
523 1020 67 15 oktober

42 1042 63 15 månad.

64 1064 149 19 Riksdagsärenden
223 1064 56 15 bereds
289 1064 4 15 i
303 1064 48 19 något
360 1069 19 10 av
388 1064 93 19 riksdagens
491 1064 59 15 utskott
559 1064 30 15 och

42 1088 58 17 avgörs
108 1091 59 14 genom
175 1087 51 14 beslut
235 1087 4 14 i
247 1087 66 19 plenum
321 1087 111 17 (kammaren).
441 1086 100 19 Regeringen
550 1086 39 15 skall

43 1108 72 15 samråda
120 1109 36 14 med
162 1109 116 14 EU-nämnden
284 1109 4 14 i
293 1108 54 19 frågor
352 1113 35 10 som
393 1109 40 14 skall
438 1108 87 15 behandlas
531 1108 4 15 i
541 1109 48 14 Euro-

42 1131 56 19 peiska
109 1131 82 15 Unionens
203 1130 38 15 Råd.
253 1131 145 15 Utrikesnämnden
409 1132 17 13 är
436 1130 77 15 samråds-
525 1131 31 14 och
567 1130 22 15 in-

42 1153 144 19 formationsorgan
194 1153 58 15 mellan
259 1153 93 19 regeringen
359 1153 31 15 och
397 1153 84 19 riksdagen
489 1153 4 14 i
500 1153 90 19 betydelse-

42 1175 40 15 fulla
89 1175 135 19 utrikespolitiska
230 1175 74 15 ärenden.

65 1197 102 15 Beträffande
176 1198 152 18 riksdagsledamots
337 1197 87 19 ersättning
433 1197 27 15 har
470 1197 120 15 bestämmelser

42 1222 53 12 senast
103 1220 48 18 givits
160 1220 4 14 i
173 1220 25 19 lag
207 1220 30 14 den
246 1220 10 14 9
262 1220 35 19 juni
308 1220 41 14 1994
357 1220 25 18 (nr
393 1220 47 17 1065)
449 1224 27 10 om
484 1220 106 14 ekonomiska

42 1242 59 14 villkor
105 1242 25 14 för
135 1242 92 19 riksdagens
233 1242 90 15 ledamöter.
329 1242 65 14 Arvode
400 1241 44 20 utgår
448 1242 37 14 med
490 1242 59 19 belopp
554 1246 36 10 som

42 1264 70 15 bestäms
124 1269 19 10 av
155 1264 92 19 riksdagens
259 1264 132 15 arvodesnämnd.
404 1264 71 15 Arvodet
486 1265 16 13 är
514 1264 4 14 i
527 1264 62 19 januari

45 1286 40 15 1996
93 1286 21 15 27
121 1286 32 15 500
161 1286 65 15 kr/mån.
236 1287 60 14 Utöver
303 1286 66 15 arvodet
376 1286 77 15 utbetalas
461 1291 20 9 en
490 1286 99 15 kostnadser-

39 1308 72 21 sättning
120 1313 35 10 som
164 1308 25 15 för
200 1308 4 4 år
230 1309 47 14 räknat
286 1309 45 18 utgör
340 1308 49 15 20096
399 1313 19 10 av
428 1308 104 19 basbeloppet
540 1308 50 19 enligt

42 1331 47 18 lagen
95 1335 27 10 om
128 1331 58 14 allmän
192 1330 94 19 försäkring.
293 1330 47 15 Såväl
346 1331 66 14 arvodet
418 1335 35 10 som
458 1330 131 15 kostnadsersätt-

42 1353 59 19 ningen
113 1354 16 13 är
141 1353 107 19 skattepliktig
260 1353 75 14 inkomst.
347 1353 96 14 Ledamöter
454 1357 35 10 som
501 1354 16 13 är
528 1353 62 14 bosatta

42 1375 63 15 utanför
112 1374 175 16 Stockholmsområdet
293 1374 24 15 får
323 1375 103 15 traktamente
433 1379 35 10 som
475 1376 17 13 är
498 1375 91 19 skatteplik-

42 1397 29 19 tigt
75 1397 50 19 enligt
130 1397 65 15 allmänt
200 1397 73 19 gällande
278 1397 54 19 regler.
337 1397 117 15 Traktamentet
458 1397 77 15 utbetalas
541 1397 50 15 under

45 1419 40 15 1996
92 1419 37 15 med
136 1419 31 15 242
175 1419 67 19 kr/dygn
249 1419 50 15 under
305 1419 31 15 den
343 1419 22 15 tid
372 1419 84 19 riksdagen
464 1420 16 14 är
487 1419 66 17 samlad,
560 1419 30 15 dvs

42 1446 19 10 ca
71 1441 9 15 8
92 1441 100 15 månader/år.
204 1441 151 19 Riksdagsledamot
364 1441 25 15 får
398 1441 20 19 på
428 1441 26 15 det
464 1441 88 15 allmännas
563 1441 26 15 be-

42 1464 68 14 kostnad
117 1463 50 15 företa
174 1468 46 10 resor.

64 1486 93 14 Utskottens
166 1486 96 14 ordförande
271 1486 31 14 och
311 1486 36 14 vice
356 1486 96 14 ordförande
461 1486 87 16 redovisas,
558 1486 31 14 för-

42 1510 44 12 utom
96 1508 4 14 i
111 1507 117 15 nedanstående
238 1508 100 19 förteckning
347 1509 39 13 över
395 1508 93 18 riksdagens
498 1508 91 16 ledamöter,

42 1531 40 14 även
92 1530 49 14 under
149 1530 55 15 avd.nr
212 1530 25 15 33.
246 1530 128 15 Statskalendern
383 1530 82 15 redovisar
473 1530 116 19 riksdagsleda-

42 1553 72 14 möterna
122 1552 4 14 i
135 1552 30 15 den
174 1552 118 19 ordningsföljd
300 1552 5 15 i
314 1552 54 15 vilken
376 1552 20 22 de
405 1553 16 14 är
430 1555 79 16 upptagna
518 1552 4 15 i
531 1552 30 15 den
570 1557 19 10 av

42 1574 84 19 riksdagen
135 1575 92 18 upprättade
235 1574 126 19 förteckningen.
371 1574 86 15 Årssiffror
465 1574 44 15 inom
517 1577 72 16 parentes

42 1597 85 14 betecknar
132 1597 66 18 tidigare
204 1597 110 18 ledamotskap
319 1601 20 10 av
344 1597 85 18 riksdagen
435 1597 34 17 (FK
474 1603 11 6 =
491 1596 49 15 första
545 1597 44 14 kam-

42 1623 59 12 maren,
109 1619 30 14 AK
146 1625 11 6 =
164 1619 49 14 andra
219 1619 97 17 kammaren,
324 1619 13 14 R
344 1625 12 6 =
363 1619 96 19 riksdagen).

597 1825 22 16 56

709 148 140 19 Partiställningen
855 148 5 14 i
867 148 86 19 riksdagen

999 182 44 14 Antal
1050 182 82 14 ledamöter

956 198 37 28 Män
1034 203 68 13 Kvinnor
1121 202 47 14 Totalt

618 220 172 27 Socialdemokraterna
967 223 16 14 81
1044 223 19 14 80
1124 223 25 14 161

626 245 78 13 Moderata
711 244 125 18 samlingspartiet
967 244 19 14 57
1043 244 19 14 23
1132 244 20 14 80

626 261 64 27 Centern
969 265 17 14 14
1046 265 16 14 13
1132 265 19 13 el

626 286 90 18 Folkpartiet
723 286 87 14 liberalerna
969 286 16 14 15
1046 286 13 13 1
1132 285 20 14 26

617 303 125 26 Vänsterpartiet
969 307 17 13 12
1046 306 17 14 10
1132 306 19 14 22

626 327 98 18 Miljöpartiet
977 327 9 14 7
1046 327 4 14 1"
1134 327 17 13 18

626 348 152 14 Kristdemokratiska
784 348 128 18 Samhällspartiet
969 348 17 14 10
1054 348 8 13 -
1134 348 17 13 13

626 381 86 17 Riksdagen
718 381 43 14 totalt
957 376 27 27 196
1034 380 27 14 153
1121 380 29 14 349

708 421 100 15 Procentuell
814 421 92 19 fördelning
912 426 19 10 av
938 421 82 19 kvinnliga
1026 421 89 15 ledamöter

708 444 44 14 inom
759 444 82 18 partierna

1005 467 55 28 Antal
1104 471 62 14 Procent

618 488 172 27 Socialdemokraterna
1026 492 20 14 80
1104 492 20 14 50

626 513 78 14 Moderata
711 513 125 18 samlingspartiet
1026 513 18 13 23
1104 513 19 13 AR

626 530 64 27 Centern
1028 533 17 14 13
1103 533 20 14 48

626 555 90 18 Folkpartiet
722 555 88 14 liberalerna
1028 555 13 13 11
1103 554 20 14 42

617 572 125 26 Vänsterpartiet
1028 575 18 14 10
1103 575 20 14 45

626 596 98 18 Miljöpartiet
1028 596 4 13 1"
1104 596 17 13 61

626 617 152 14 Kristdemokratiska
784 617 128 18 Samhällspartiet
1036 617 8 13 5
1104 617 19 13 33

626 644 86 17 Riksdagen
718 644 43 13 totalt
1016 643 27 14 153
1103 643 19 13 44

626 687 40 24 30a
681 683 20 38 —
709 691 128 26 Riksdagen

709 738 65 14 Talman

626 760 41 15 Dahl
674 760 31 14 Rut
711 760 73 19 Birgitta,
792 760 26 16 37,
825 760 21 14 94
854 764 7 10 s

708 801 56 14 Förste
770 801 34 14 vice
810 801 61 14 talman

626 823 60 18 Björck
692 823 63 14 Anders
762 823 84 16 Per-Arne,
853 822 26 17 44,
887 822 21 15 94
916 827 15 10 m

709 864 54 15 Andre
770 864 33 14 vice
810 864 61 14 talman

626 886 73 15 Thurdin
706 886 49 15 Görel
762 886 56 17 Maria,
825 886 27 17 42,
859 886 21 14 94
887 890 8 10 c

709 927 56 19 Tredje
772 927 33 15 vice
812 927 61 15 talman

626 950 66 14 Eirefelt
697 950 29 14 Jan
733 949 78 17 Christer,
818 950 27 17 42,
852 950 21 14 94
880 949 18 19 fp

626 994 40 24 30b

626 1043 88 15 Hellström
720 1043 44 14 Mats
770 1043 50 14 Johan
827 1043 17 14 fd
852 1042 74 17 Statsråd,
933 1042 27 17 42,
967 1043 39 17 (AK
1012 1042 62 18 69-70)
1082 1042 18 15 71
1110 1042 64 18 (Stock-

650 1065 51 18 holm)
709 1069 7 10 s

626 1087 97 19 Segelström
729 1087 48 19 Inger
784 1087 62 19 Agneta
853 1087 94 18 Miljösekr.,
954 1087 26 16 52,
988 1087 20 14 95
1016 1087 109 17 (Stockholm)
1132 1091 7 10 s

626 1109 91 17 Johansson
727 1109 37 15 Sten
774 1109 40 15 Olof
821 1108 56 15 Håkan
887 1109 17 14 fd
914 1108 74 17 Statsråd,
999 1109 25 16 37,
1034 1109 19 14 71
1065 1108 108 18 (Stockholm)

650 1131 82 15 Partiordf.
739 1136 9 10 c

626 1153 52 17 Järrel
686 1153 62 15 Henrik
755 1153 54 15 Stefan
817 1153 125 17 Mediekonsult,
949 1153 27 17 48,
984 1153 20 18 (R
1012 1153 62 18 91—94)
1082 1153 20 14 95
1110 1153 63 18 (Stock-

650 1176 51 17 holm)
708 1180 16 10 m

626 1198 90 15 Fleetwood
726 1198 81 14 Elisabeth
818 1198 48 14 Alma
878 1198 73 14 Fredrika
962 1198 124 14 Swantesdotter
1097 1197 76 19 Adjunkt,

650 1221 26 16 27,
683 1220 21 15 79
711 1220 109 18 (Stockholm)
828 1220 52 15 KrU:s
887 1220 35 15 vice
929 1220 41 15 ordf.
978 1225 15 9 m

626 1242 43 15 Bildt
678 1243 36 14 Nils
724 1242 57 15 Daniel
791 1242 39 15 Carl
840 1242 18 15 fd
868 1242 118 17 Statsminister,
996 1242 27 17 49,
1033 1242 21 15 79
1065 1242 108 18 (Stockholm)

650 1264 81 15 Partiordf.
740 1269 16 10 m

626 1287 78 19 Friggebo
712 1287 51 18 Birgit
772 1287 40 14 Irma
821 1287 77 18 Gunborg
907 1286 16 15 fd
932 1286 75 17 Statsråd,
1016 1287 26 16 41,
1052 1287 20 17 (R
1081 1286 63 18 79-82)
1153 1286 20 15 85

650 1309 108 18 (Stockholm)
766 1309 45 14 KU:s
818 1309 40 14 ordf.
867 1309 17 19 fp

626 1331 55 15 Sahlin
688 1331 51 15 Mona
745 1331 78 19 Ingeborg
830 1331 17 15 fd
855 1330 74 18 Statsråd,
937 1331 25 17 57,
971 1331 20 14 82
998 1331 70 18 (Nacka)
1075 1335 7 10 s

626 1353 77 19 Könberg
710 1353 23 15 Bo
740 1353 53 22 Göran
800 1353 18 15 fd
825 1353 75 17 Statsråd,
907 1353 26 17 45,
941 1353 20 15 95
969 1353 108 18 (Stockholm)
1085 1353 17 19 fp

626 1375 74 19 Nygårds
706 1375 84 15 Sven-Åke
797 1375 102 17 Smidesarb.,
906 1376 26 16 43,
940 1376 21 17 (R
969 1375 62 18 88-91)
1038 1375 21 15 94
1066 1375 90 18 (Bromma)
1164 1379 7 11 s

626 1398 73 19 Ygeman
705 1398 63 14 Anders
775 1398 57 18 Ingvar
839 1398 92 18 Försäljare,
938 1398 26 16 70,
972 1397 21 15 96
1000 1397 108 18 (Stockholm)
1116 1402 7 10 s

626 1420 106 15 Westerholm
738 1420 63 14 Barbro
808 1420 34 14 MD
850 1420 39 14 Doc.
898 1420 46 17 Prof.,
953 1420 25 17 33,
986 1420 20 14 88
1014 1420 108 17 (Stockholm)
1130 1419 17 19 fp

626 1442 76 15 Hedlund
709 1442 38 15 Carl
754 1442 39 14 Erik
800 1442 82 14 Civ.ekon.
891 1442 37 16 Dir.,
936 1442 25 17 36,
968 1442 21 14 95
997 1442 109 17 (Stockholm)
1113 1446 16 10 m

626 1464 95 19 Zetterberg
727 1464 52 19 Ingrid
786 1464 34 15 Eva
828 1464 93 19 Margareta,
928 1464 26 17 47,
962 1464 18 15 91
990 1464 109 18 (Stockholm)
1106 1468 9 10 v

626 1486 88 19 Odenberg
720 1486 60 15 Mikael
788 1487 42 14 I:son
839 1486 72 17 Konsult,
919 1486 26 17 53,
952 1486 19 15 91
981 1486 108 18 (Stockholm)
1097 1491 16 9 m

626 1508 82 15 Wistrand
714 1508 68 19 Birgitta
788 1508 61 15 Helena
855 1509 89 18 Margareta
951 1508 27 15 FK
984 1508 37 17 Dir.,
1028 1508 26 17 39,
1061 1508 17 15 91
1088 1508 85 19 (Uppsala)

650 1535 15 10 m

626 1553 101 15 Kristersson
734 1553 28 15 Ulf
766 1553 89 17 Civ.ekon.,
862 1553 26 17 63,
896 1553 20 14 94
924 1553 108 17 (Stockholm)
1040 1557 16 10 m

626 1575 81 19 Lindgren
714 1575 42 19 Sylvia
774 1575 53 15 Astrid
834 1575 83 17 Tidn.bud,
924 1575 27 17 45,
958 1575 21 15 92
987 1575 108 18 (Stockholm)
1103 1579 7 10 s

626 1597 42 15 Goäös
676 1597 34 15 Eva
718 1597 80 15 Christina
807 1597 145 17 Mellanstadielär.,
961 1598 26 16 47,
997 1598 20 17 (R
1026 1597 62 18 88-91)
1097 1597 21 15 94
1127 1597 46 17 (Här-

650 1620 68 17 nösand)
725 1624 27 14 mp

626 1642 70 14 Fonseca
702 1642 43 16 Juan
752 1642 62 18 Miguel
822 1642 64 16 Förest.,
894 1642 25 16 54,
927 1642 20 14 95
955 1642 60 17 (Kista)
1022 1646 7 10 s

626 1664 33 15 Ask
666 1664 33 14 Eva
704 1664 48 14 Carin
759 1664 72 14 Beatrice
838 1664 16 14 fd
861 1663 74 18 Statsråd,
943 1664 25 16 56,
975 1664 21 17 (R
1003 1664 27 17 88)
1037 1664 21 14 94
1065 1664 108 17 (Stockholm)

650 1686 56 14 UbU:s
713 1686 36 14 vice
755 1686 40 14 ordf.
804 1690 15 10 m

709 1001 117 17 Stockholms
834 1001 97 16 kommuns
940 1001 77 16 valkrets
