<?xml version="1.0" encoding="UTF-8"?>
<alto xmlns="http://www.loc.gov/standards/alto/ns-v3#" xmlns:xlink="http://www.w3.org/1999/xlink" xmlns:xsi="http://www.w3.org/2001/XMLSchema-instance" xsi:schemaLocation="http://www.loc.gov/standards/alto/ns-v3# http://www.loc.gov/alto/v3/alto-3-0.xsd">
	<Description>
		<MeasurementUnit>pixel</MeasurementUnit>
		<sourceImageInformation>
			<fileName></fileName>
		</sourceImageInformation>
		<OCRProcessing ID="OCR_0">
			<ocrProcessingStep>
				<processingSoftware>
					<softwareName>tesseract 4.1.1</softwareName>
				</processingSoftware>
			</ocrProcessingStep>
		</OCRProcessing>
	</Description>
	<Layout>
		<Page WIDTH="1068" HEIGHT="1572" PHYSICAL_IMG_NR="0" ID="page_0">
			<PrintSpace HPOS="0" VPOS="0" WIDTH="1068" HEIGHT="1572">
				<ComposedBlock ID="cblock_0" HPOS="445" VPOS="44" WIDTH="116" HEIGHT="22">
					<TextBlock ID="block_0" HPOS="445" VPOS="44" WIDTH="116" HEIGHT="22">
						<TextLine ID="line_0" HPOS="445" VPOS="44" WIDTH="116" HEIGHT="22">
							<String ID="string_0" HPOS="445" VPOS="44" WIDTH="116" HEIGHT="22" WC="0.96" CONTENT="Riksdagen."/>
						</TextLine>
					</TextBlock>
				</ComposedBlock>
				<ComposedBlock ID="cblock_1" HPOS="44" VPOS="73" WIDTH="918" HEIGHT="4">
					<TextBlock ID="block_1" HPOS="44" VPOS="73" WIDTH="918" HEIGHT="4">
						<TextLine ID="line_1" HPOS="44" VPOS="73" WIDTH="918" HEIGHT="4">
							<String ID="string_1" HPOS="44" VPOS="73" WIDTH="918" HEIGHT="4" WC="0.95" CONTENT=" "/>
						</TextLine>
					</TextBlock>
				</ComposedBlock>
				<ComposedBlock ID="cblock_2" HPOS="42" VPOS="93" WIDTH="454" HEIGHT="430">
					<TextBlock ID="block_2" HPOS="43" VPOS="93" WIDTH="452" HEIGHT="45">
						<TextLine ID="line_2" HPOS="43" VPOS="93" WIDTH="452" HEIGHT="22">
							<String ID="string_2" HPOS="43" VPOS="93" WIDTH="88" HEIGHT="22" WC="0.91" CONTENT="Västberg,"/><SP WIDTH="10" VPOS="93" HPOS="131"/>
							<String ID="string_3" HPOS="141" VPOS="94" WIDTH="56" HEIGHT="21" WC="0.96" CONTENT="Johan"/><SP WIDTH="14" VPOS="94" HPOS="197"/>
							<String ID="string_4" HPOS="211" VPOS="94" WIDTH="77" HEIGHT="20" WC="0.96" CONTENT="Mauritz,"/><SP WIDTH="14" VPOS="94" HPOS="288"/>
							<String ID="string_5" HPOS="302" VPOS="94" WIDTH="91" HEIGHT="19" WC="0.93" CONTENT="Redaktör,"/><SP WIDTH="13" VPOS="94" HPOS="393"/>
							<String ID="string_6" HPOS="406" VPOS="94" WIDTH="11" HEIGHT="16" WC="0.90" CONTENT="f."/><SP WIDTH="15" VPOS="94" HPOS="417"/>
							<String ID="string_7" HPOS="432" VPOS="94" WIDTH="27" HEIGHT="19" WC="0.96" CONTENT="86;"/><SP WIDTH="15" VPOS="94" HPOS="459"/>
							<String ID="string_8" HPOS="474" VPOS="94" WIDTH="21" HEIGHT="15" WC="0.96" CONTENT="24"/>
						</TextLine>
						<TextLine ID="line_3" HPOS="67" VPOS="116" WIDTH="157" HEIGHT="22">
							<String ID="string_9" HPOS="67" VPOS="117" WIDTH="42" HEIGHT="21" WC="0.89" CONTENT="(adr."/><SP WIDTH="14" VPOS="117" HPOS="109"/>
							<String ID="string_10" HPOS="123" VPOS="116" WIDTH="101" HEIGHT="22" WC="0.96" CONTENT="Sundsvall)."/>
						</TextLine>
					</TextBlock>
					<TextBlock ID="block_3" HPOS="43" VPOS="141" WIDTH="453" HEIGHT="46">
						<TextLine ID="line_4" HPOS="43" VPOS="141" WIDTH="453" HEIGHT="22">
							<String ID="string_11" HPOS="43" VPOS="142" WIDTH="99" HEIGHT="19" WC="0.91" CONTENT="Strindlund,"/><SP WIDTH="13" VPOS="142" HPOS="142"/>
							<String ID="string_12" HPOS="155" VPOS="143" WIDTH="83" HEIGHT="19" WC="0.93" CONTENT="Gerhard,"/><SP WIDTH="14" VPOS="143" HPOS="238"/>
							<String ID="string_13" HPOS="252" VPOS="142" WIDTH="150" HEIGHT="21" WC="0.92" CONTENT="Hemmansägare,"/><SP WIDTH="12" VPOS="142" HPOS="402"/>
							<String ID="string_14" HPOS="414" VPOS="142" WIDTH="11" HEIGHT="16" WC="0.93" CONTENT="f."/><SP WIDTH="11" VPOS="142" HPOS="425"/>
							<String ID="string_15" HPOS="436" VPOS="141" WIDTH="27" HEIGHT="20" WC="0.96" CONTENT="90;"/><SP WIDTH="11" VPOS="141" HPOS="463"/>
							<String ID="string_16" HPOS="474" VPOS="142" WIDTH="22" HEIGHT="16" WC="0.96" CONTENT="24"/>
						</TextLine>
						<TextLine ID="line_5" HPOS="67" VPOS="164" WIDTH="240" HEIGHT="23">
							<String ID="string_17" HPOS="67" VPOS="166" WIDTH="42" HEIGHT="21" WC="0.90" CONTENT="(adr."/><SP WIDTH="14" VPOS="166" HPOS="109"/>
							<String ID="string_18" HPOS="123" VPOS="167" WIDTH="79" HEIGHT="19" WC="0.92" CONTENT="Skedom,"/><SP WIDTH="14" VPOS="167" HPOS="202"/>
							<String ID="string_19" HPOS="216" VPOS="164" WIDTH="91" HEIGHT="22" WC="0.96" CONTENT="Sollefteå)."/>
						</TextLine>
					</TextBlock>
					<TextBlock ID="block_4" HPOS="42" VPOS="189" WIDTH="453" HEIGHT="46">
						<TextLine ID="line_6" HPOS="42" VPOS="189" WIDTH="453" HEIGHT="21">
							<String ID="string_20" HPOS="42" VPOS="190" WIDTH="97" HEIGHT="20" WC="0.95" CONTENT="Johansson,"/><SP WIDTH="19" VPOS="190" HPOS="139"/>
							<String ID="string_21" HPOS="158" VPOS="191" WIDTH="40" HEIGHT="16" WC="0.96" CONTENT="Carl"/><SP WIDTH="13" VPOS="191" HPOS="198"/>
							<String ID="string_22" HPOS="211" VPOS="191" WIDTH="58" HEIGHT="19" WC="0.91" CONTENT="Oscar,"/><SP WIDTH="17" VPOS="191" HPOS="269"/>
							<String ID="string_23" HPOS="286" VPOS="191" WIDTH="107" HEIGHT="19" WC="0.88" CONTENT="Kamrerare,"/><SP WIDTH="14" VPOS="191" HPOS="393"/>
							<String ID="string_24" HPOS="407" VPOS="191" WIDTH="11" HEIGHT="15" WC="0.92" CONTENT="f."/><SP WIDTH="14" VPOS="191" HPOS="418"/>
							<String ID="string_25" HPOS="432" VPOS="189" WIDTH="27" HEIGHT="20" WC="0.95" CONTENT="75;"/><SP WIDTH="14" VPOS="189" HPOS="459"/>
							<String ID="string_26" HPOS="473" VPOS="190" WIDTH="22" HEIGHT="16" WC="0.96" CONTENT="24"/>
						</TextLine>
						<TextLine ID="line_7" HPOS="68" VPOS="213" WIDTH="148" HEIGHT="22">
							<String ID="string_27" HPOS="68" VPOS="214" WIDTH="42" HEIGHT="21" WC="0.89" CONTENT="(adr."/><SP WIDTH="14" VPOS="214" HPOS="110"/>
							<String ID="string_28" HPOS="124" VPOS="213" WIDTH="92" HEIGHT="21" WC="0.96" CONTENT="Sollefteå)."/>
						</TextLine>
					</TextBlock>
					<TextBlock ID="block_5" HPOS="44" VPOS="236" WIDTH="451" HEIGHT="47">
						<TextLine ID="line_8" HPOS="44" VPOS="236" WIDTH="451" HEIGHT="24">
							<String ID="string_29" HPOS="44" VPOS="239" WIDTH="100" HEIGHT="21" WC="0.96" CONTENT="Bergström,"/><SP WIDTH="19" VPOS="239" HPOS="144"/>
							<String ID="string_30" HPOS="163" VPOS="239" WIDTH="63" HEIGHT="19" WC="0.93" CONTENT="Petrus,"/><SP WIDTH="23" VPOS="239" HPOS="226"/>
							<String ID="string_31" HPOS="249" VPOS="239" WIDTH="145" HEIGHT="20" WC="0.92" CONTENT="Hemmansägare"/><SP WIDTH="19" VPOS="239" HPOS="394"/>
							<String ID="string_32" HPOS="413" VPOS="236" WIDTH="52" HEIGHT="22" WC="0.92" CONTENT="[976],"/><SP WIDTH="19" VPOS="236" HPOS="465"/>
							<String ID="string_33" HPOS="484" VPOS="238" WIDTH="11" HEIGHT="16" WC="0.90" CONTENT="f."/>
						</TextLine>
						<TextLine ID="line_9" HPOS="68" VPOS="261" WIDTH="348" HEIGHT="22">
							<String ID="string_34" HPOS="68" VPOS="263" WIDTH="28" HEIGHT="19" WC="0.96" CONTENT="81;"/><SP WIDTH="14" VPOS="263" HPOS="96"/>
							<String ID="string_35" HPOS="110" VPOS="264" WIDTH="22" HEIGHT="15" WC="0.93" CONTENT="24"/><SP WIDTH="12" VPOS="264" HPOS="132"/>
							<String ID="string_36" HPOS="144" VPOS="261" WIDTH="43" HEIGHT="21" WC="0.92" CONTENT="(adr."/><SP WIDTH="14" VPOS="261" HPOS="187"/>
							<String ID="string_37" HPOS="201" VPOS="263" WIDTH="92" HEIGHT="19" WC="0.91" CONTENT="Bäckland,"/><SP WIDTH="14" VPOS="263" HPOS="293"/>
							<String ID="string_38" HPOS="307" VPOS="261" WIDTH="109" HEIGHT="22" WC="0.96" CONTENT="Nordingrå)."/>
						</TextLine>
					</TextBlock>
					<TextBlock ID="block_6" HPOS="45" VPOS="286" WIDTH="451" HEIGHT="45">
						<TextLine ID="line_10" HPOS="45" VPOS="286" WIDTH="451" HEIGHT="24">
							<String ID="string_39" HPOS="45" VPOS="286" WIDTH="110" HEIGHT="21" WC="0.92" CONTENT="Lagerkwist,"/><SP WIDTH="19" VPOS="286" HPOS="155"/>
							<String ID="string_40" HPOS="174" VPOS="287" WIDTH="53" HEIGHT="15" WC="0.96" CONTENT="Frans"/><SP WIDTH="19" VPOS="287" HPOS="227"/>
							<String ID="string_41" HPOS="246" VPOS="286" WIDTH="62" HEIGHT="24" WC="0.96" CONTENT="Sigurd"/><SP WIDTH="13" VPOS="286" HPOS="308"/>
							<String ID="string_42" HPOS="321" VPOS="286" WIDTH="75" HEIGHT="19" WC="0.93" CONTENT="Helmer,"/><SP WIDTH="12" VPOS="286" HPOS="396"/>
							<String ID="string_43" HPOS="408" VPOS="286" WIDTH="88" HEIGHT="21" WC="0.92" CONTENT="Järnvägs-"/>
						</TextLine>
						<TextLine ID="line_11" HPOS="68" VPOS="308" WIDTH="276" HEIGHT="23">
							<String ID="string_44" HPOS="68" VPOS="317" WIDTH="44" HEIGHT="13" WC="0.93" CONTENT="man,"/><SP WIDTH="14" VPOS="317" HPOS="112"/>
							<String ID="string_45" HPOS="126" VPOS="311" WIDTH="10" HEIGHT="16" WC="0.91" CONTENT="f."/><SP WIDTH="15" VPOS="311" HPOS="136"/>
							<String ID="string_46" HPOS="151" VPOS="310" WIDTH="27" HEIGHT="19" WC="0.96" CONTENT="87;"/><SP WIDTH="14" VPOS="310" HPOS="178"/>
							<String ID="string_47" HPOS="192" VPOS="311" WIDTH="22" HEIGHT="15" WC="0.92" CONTENT="24"/><SP WIDTH="13" VPOS="311" HPOS="214"/>
							<String ID="string_48" HPOS="227" VPOS="308" WIDTH="42" HEIGHT="22" WC="0.92" CONTENT="(adr."/><SP WIDTH="14" VPOS="308" HPOS="269"/>
							<String ID="string_49" HPOS="283" VPOS="308" WIDTH="61" HEIGHT="23" WC="0.95" CONTENT="Ånge)."/>
						</TextLine>
					</TextBlock>
					<TextBlock ID="block_7" HPOS="44" VPOS="332" WIDTH="451" HEIGHT="47">
						<TextLine ID="line_12" HPOS="44" VPOS="332" WIDTH="451" HEIGHT="23">
							<String ID="string_50" HPOS="44" VPOS="334" WIDTH="60" HEIGHT="19" WC="0.91" CONTENT="Rudén,"/><SP WIDTH="19" VPOS="334" HPOS="104"/>
							<String ID="string_51" HPOS="123" VPOS="336" WIDTH="31" HEIGHT="15" WC="0.96" CONTENT="Per"/><SP WIDTH="19" VPOS="336" HPOS="154"/>
							<String ID="string_52" HPOS="173" VPOS="334" WIDTH="88" HEIGHT="19" WC="0.93" CONTENT="Emanuel,"/><SP WIDTH="18" VPOS="334" HPOS="261"/>
							<String ID="string_53" HPOS="279" VPOS="335" WIDTH="150" HEIGHT="20" WC="0.92" CONTENT="Hemmansägare,"/><SP WIDTH="13" VPOS="335" HPOS="429"/>
							<String ID="string_54" HPOS="442" VPOS="334" WIDTH="11" HEIGHT="16" WC="0.92" CONTENT="f."/><SP WIDTH="15" VPOS="334" HPOS="453"/>
							<String ID="string_55" HPOS="468" VPOS="332" WIDTH="27" HEIGHT="20" WC="0.94" CONTENT="74;"/>
						</TextLine>
						<TextLine ID="line_13" HPOS="69" VPOS="356" WIDTH="246" HEIGHT="23">
							<String ID="string_56" HPOS="69" VPOS="360" WIDTH="22" HEIGHT="15" WC="0.93" CONTENT="24"/><SP WIDTH="12" VPOS="360" HPOS="91"/>
							<String ID="string_57" HPOS="103" VPOS="357" WIDTH="42" HEIGHT="21" WC="0.90" CONTENT="(adr."/><SP WIDTH="14" VPOS="357" HPOS="145"/>
							<String ID="string_58" HPOS="159" VPOS="359" WIDTH="75" HEIGHT="20" WC="0.91" CONTENT="Fjällsjö,"/><SP WIDTH="14" VPOS="359" HPOS="234"/>
							<String ID="string_59" HPOS="248" VPOS="356" WIDTH="67" HEIGHT="22" WC="0.96" CONTENT="Backe)."/>
						</TextLine>
					</TextBlock>
					<TextBlock ID="block_8" HPOS="44" VPOS="379" WIDTH="451" HEIGHT="47">
						<TextLine ID="line_14" HPOS="44" VPOS="379" WIDTH="451" HEIGHT="22">
							<String ID="string_60" HPOS="44" VPOS="382" WIDTH="88" HEIGHT="19" WC="0.95" CONTENT="Molander,"/><SP WIDTH="19" VPOS="382" HPOS="132"/>
							<String ID="string_61" HPOS="151" VPOS="383" WIDTH="75" HEIGHT="18" WC="0.96" CONTENT="Helmer,"/><SP WIDTH="20" VPOS="383" HPOS="226"/>
							<String ID="string_62" HPOS="246" VPOS="383" WIDTH="88" HEIGHT="18" WC="0.93" CONTENT="Arbetare,"/><SP WIDTH="18" VPOS="383" HPOS="334"/>
							<String ID="string_63" HPOS="352" VPOS="382" WIDTH="11" HEIGHT="16" WC="0.93" CONTENT="f."/><SP WIDTH="14" VPOS="382" HPOS="363"/>
							<String ID="string_64" HPOS="377" VPOS="382" WIDTH="28" HEIGHT="19" WC="0.96" CONTENT="92;"/><SP WIDTH="14" VPOS="382" HPOS="405"/>
							<String ID="string_65" HPOS="419" VPOS="382" WIDTH="22" HEIGHT="15" WC="0.93" CONTENT="24"/><SP WIDTH="13" VPOS="382" HPOS="441"/>
							<String ID="string_66" HPOS="454" VPOS="379" WIDTH="41" HEIGHT="22" WC="0.92" CONTENT="(adr."/>
						</TextLine>
						<TextLine ID="line_15" HPOS="69" VPOS="404" WIDTH="185" HEIGHT="22">
							<String ID="string_67" HPOS="69" VPOS="406" WIDTH="58" HEIGHT="20" WC="0.92" CONTENT="Säbrå,"/><SP WIDTH="13" VPOS="406" HPOS="127"/>
							<String ID="string_68" HPOS="140" VPOS="404" WIDTH="114" HEIGHT="22" WC="0.96" CONTENT="Härnösand)."/>
						</TextLine>
					</TextBlock>
					<TextBlock ID="block_9" HPOS="44" VPOS="430" WIDTH="452" HEIGHT="45">
						<TextLine ID="line_16" HPOS="44" VPOS="430" WIDTH="452" HEIGHT="21">
							<String ID="string_69" HPOS="44" VPOS="430" WIDTH="55" HEIGHT="20" WC="0.96" CONTENT="Frost,"/><SP WIDTH="12" VPOS="430" HPOS="99"/>
							<String ID="string_70" HPOS="111" VPOS="431" WIDTH="67" HEIGHT="16" WC="0.96" CONTENT="Henrik"/><SP WIDTH="13" VPOS="431" HPOS="178"/>
							<String ID="string_71" HPOS="191" VPOS="431" WIDTH="80" HEIGHT="18" WC="0.93" CONTENT="Vilhelm,"/><SP WIDTH="14" VPOS="431" HPOS="271"/>
							<String ID="string_72" HPOS="285" VPOS="430" WIDTH="150" HEIGHT="21" WC="0.91" CONTENT="Hemmansägare,"/><SP WIDTH="12" VPOS="430" HPOS="435"/>
							<String ID="string_73" HPOS="447" VPOS="430" WIDTH="11" HEIGHT="16" WC="0.92" CONTENT="f."/><SP WIDTH="11" VPOS="430" HPOS="458"/>
							<String ID="string_74" HPOS="469" VPOS="430" WIDTH="27" HEIGHT="19" WC="0.96" CONTENT="92;"/>
						</TextLine>
						<TextLine ID="line_17" HPOS="70" VPOS="452" WIDTH="253" HEIGHT="23">
							<String ID="string_75" HPOS="70" VPOS="455" WIDTH="21" HEIGHT="16" WC="0.92" CONTENT="25"/><SP WIDTH="14" VPOS="455" HPOS="91"/>
							<String ID="string_76" HPOS="105" VPOS="453" WIDTH="41" HEIGHT="22" WC="0.92" CONTENT="(adr."/><SP WIDTH="14" VPOS="453" HPOS="146"/>
							<String ID="string_77" HPOS="160" VPOS="455" WIDTH="72" HEIGHT="19" WC="0.93" CONTENT="Bodum,"/><SP WIDTH="14" VPOS="455" HPOS="232"/>
							<String ID="string_78" HPOS="246" VPOS="452" WIDTH="77" HEIGHT="22" WC="0.89" CONTENT="Rossön)."/>
						</TextLine>
					</TextBlock>
					<TextBlock ID="block_10" HPOS="44" VPOS="476" WIDTH="452" HEIGHT="47">
						<TextLine ID="line_18" HPOS="44" VPOS="476" WIDTH="452" HEIGHT="24">
							<String ID="string_79" HPOS="44" VPOS="479" WIDTH="47" HEIGHT="21" WC="0.96" CONTENT="Berg,"/><SP WIDTH="14" VPOS="479" HPOS="91"/>
							<String ID="string_80" HPOS="105" VPOS="479" WIDTH="51" HEIGHT="16" WC="0.96" CONTENT="Ernst"/><SP WIDTH="12" VPOS="479" HPOS="156"/>
							<String ID="string_81" HPOS="168" VPOS="479" WIDTH="71" HEIGHT="16" WC="0.95" CONTENT="Gunnar"/><SP WIDTH="8" VPOS="479" HPOS="239"/>
							<String ID="string_82" HPOS="247" VPOS="478" WIDTH="71" HEIGHT="20" WC="0.93" CONTENT="Harald,"/><SP WIDTH="10" VPOS="478" HPOS="318"/>
							<String ID="string_83" HPOS="328" VPOS="476" WIDTH="168" HEIGHT="23" WC="0.91" CONTENT="Sågverksarbetare,"/>
						</TextLine>
						<TextLine ID="line_19" HPOS="68" VPOS="500" WIDTH="325" HEIGHT="23">
							<String ID="string_84" HPOS="68" VPOS="504" WIDTH="11" HEIGHT="15" WC="0.87" CONTENT="f."/><SP WIDTH="14" VPOS="504" HPOS="79"/>
							<String ID="string_85" HPOS="93" VPOS="503" WIDTH="28" HEIGHT="19" WC="0.95" CONTENT="86;"/><SP WIDTH="14" VPOS="503" HPOS="121"/>
							<String ID="string_86" HPOS="135" VPOS="502" WIDTH="21" HEIGHT="17" WC="0.93" CONTENT="27"/><SP WIDTH="13" VPOS="502" HPOS="156"/>
							<String ID="string_87" HPOS="169" VPOS="501" WIDTH="42" HEIGHT="22" WC="0.92" CONTENT="(adr."/><SP WIDTH="14" VPOS="501" HPOS="211"/>
							<String ID="string_88" HPOS="225" VPOS="503" WIDTH="85" HEIGHT="19" WC="0.93" CONTENT="Eriksdal,"/><SP WIDTH="13" VPOS="503" HPOS="310"/>
							<String ID="string_89" HPOS="323" VPOS="500" WIDTH="70" HEIGHT="22" WC="0.92" CONTENT="Hovid)."/>
						</TextLine>
					</TextBlock>
				</ComposedBlock>
				<ComposedBlock ID="cblock_3" HPOS="46" VPOS="546" WIDTH="301" HEIGHT="26">
					<TextBlock ID="block_11" HPOS="46" VPOS="546" WIDTH="301" HEIGHT="26">
						<TextLine ID="line_20" HPOS="46" VPOS="546" WIDTH="301" HEIGHT="26">
							<String ID="string_90" HPOS="46" VPOS="546" WIDTH="60" HEIGHT="26" WC="0.96" CONTENT="[189]"/><SP WIDTH="80" VPOS="546" HPOS="106"/>
							<String ID="string_91" HPOS="186" VPOS="550" WIDTH="112" HEIGHT="22" WC="0.95" CONTENT="Jämtlands"/><SP WIDTH="12" VPOS="550" HPOS="298"/>
							<String ID="string_92" HPOS="310" VPOS="549" WIDTH="37" HEIGHT="18" WC="0.95" CONTENT="län."/>
						</TextLine>
					</TextBlock>
				</ComposedBlock>
				<ComposedBlock ID="cblock_4" HPOS="45" VPOS="579" WIDTH="452" HEIGHT="238">
					<TextBlock ID="block_12" HPOS="45" VPOS="579" WIDTH="452" HEIGHT="47">
						<TextLine ID="line_21" HPOS="45" VPOS="579" WIDTH="452" HEIGHT="22">
							<String ID="string_93" HPOS="45" VPOS="580" WIDTH="77" HEIGHT="19" WC="0.95" CONTENT="Hedlund,"/><SP WIDTH="13" VPOS="580" HPOS="122"/>
							<String ID="string_94" HPOS="135" VPOS="582" WIDTH="65" HEIGHT="15" WC="0.95" CONTENT="Verner"/><SP WIDTH="9" VPOS="582" HPOS="200"/>
							<String ID="string_95" HPOS="209" VPOS="581" WIDTH="80" HEIGHT="18" WC="0.93" CONTENT="Vilhelm,"/><SP WIDTH="10" VPOS="581" HPOS="289"/>
							<String ID="string_96" HPOS="299" VPOS="579" WIDTH="198" HEIGHT="22" WC="0.91" CONTENT="Fattigvårdskonsulent"/>
						</TextLine>
						<TextLine ID="line_22" HPOS="69" VPOS="602" WIDTH="328" HEIGHT="24">
							<String ID="string_97" HPOS="69" VPOS="603" WIDTH="52" HEIGHT="23" WC="0.26" CONTENT="[531],"/><SP WIDTH="13" VPOS="603" HPOS="121"/>
							<String ID="string_98" HPOS="134" VPOS="605" WIDTH="11" HEIGHT="15" WC="0.92" CONTENT="f."/><SP WIDTH="14" VPOS="605" HPOS="145"/>
							<String ID="string_99" HPOS="159" VPOS="605" WIDTH="28" HEIGHT="18" WC="0.96" CONTENT="83;"/><SP WIDTH="14" VPOS="605" HPOS="187"/>
							<String ID="string_100" HPOS="201" VPOS="605" WIDTH="22" HEIGHT="15" WC="0.93" CONTENT="24"/><SP WIDTH="13" VPOS="605" HPOS="223"/>
							<String ID="string_101" HPOS="236" VPOS="603" WIDTH="41" HEIGHT="21" WC="0.90" CONTENT="(adr."/><SP WIDTH="14" VPOS="603" HPOS="277"/>
							<String ID="string_102" HPOS="291" VPOS="602" WIDTH="106" HEIGHT="22" WC="0.94" CONTENT="Östersund)."/>
						</TextLine>
					</TextBlock>
					<TextBlock ID="block_13" HPOS="45" VPOS="626" WIDTH="451" HEIGHT="46">
						<TextLine ID="line_23" HPOS="45" VPOS="626" WIDTH="451" HEIGHT="22">
							<String ID="string_103" HPOS="45" VPOS="628" WIDTH="77" HEIGHT="19" WC="0.95" CONTENT="Hedlund,"/><SP WIDTH="13" VPOS="628" HPOS="122"/>
							<String ID="string_104" HPOS="135" VPOS="629" WIDTH="61" HEIGHT="15" WC="0.96" CONTENT="Paulus"/><SP WIDTH="16" VPOS="629" HPOS="196"/>
							<String ID="string_105" HPOS="212" VPOS="628" WIDTH="73" HEIGHT="19" WC="0.96" CONTENT="Samuel,"/><SP WIDTH="14" VPOS="628" HPOS="285"/>
							<String ID="string_106" HPOS="299" VPOS="629" WIDTH="108" HEIGHT="15" WC="0.96" CONTENT="Sekreterare"/><SP WIDTH="13" VPOS="629" HPOS="407"/>
							<String ID="string_107" HPOS="420" VPOS="626" WIDTH="51" HEIGHT="22" WC="0.91" CONTENT="[790],"/><SP WIDTH="14" VPOS="626" HPOS="471"/>
							<String ID="string_108" HPOS="485" VPOS="628" WIDTH="11" HEIGHT="15" WC="0.91" CONTENT="f."/>
						</TextLine>
						<TextLine ID="line_24" HPOS="70" VPOS="649" WIDTH="310" HEIGHT="23">
							<String ID="string_109" HPOS="70" VPOS="652" WIDTH="27" HEIGHT="20" WC="0.96" CONTENT="78;"/><SP WIDTH="14" VPOS="652" HPOS="97"/>
							<String ID="string_110" HPOS="111" VPOS="653" WIDTH="23" HEIGHT="15" WC="0.93" CONTENT="24"/><SP WIDTH="12" VPOS="653" HPOS="134"/>
							<String ID="string_111" HPOS="146" VPOS="650" WIDTH="42" HEIGHT="22" WC="0.91" CONTENT="(adr."/><SP WIDTH="13" VPOS="650" HPOS="188"/>
							<String ID="string_112" HPOS="201" VPOS="653" WIDTH="59" HEIGHT="18" WC="0.92" CONTENT="Häste,"/><SP WIDTH="14" VPOS="653" HPOS="260"/>
							<String ID="string_113" HPOS="274" VPOS="649" WIDTH="106" HEIGHT="23" WC="0.96" CONTENT="Östersund)."/>
						</TextLine>
					</TextBlock>
					<TextBlock ID="block_14" HPOS="45" VPOS="673" WIDTH="451" HEIGHT="48">
						<TextLine ID="line_25" HPOS="45" VPOS="673" WIDTH="451" HEIGHT="24">
							<String ID="string_114" HPOS="45" VPOS="676" WIDTH="80" HEIGHT="19" WC="0.95" CONTENT="Olofsson,"/><SP WIDTH="16" VPOS="676" HPOS="125"/>
							<String ID="string_115" HPOS="141" VPOS="677" WIDTH="61" HEIGHT="20" WC="0.93" CONTENT="Johan,"/><SP WIDTH="14" VPOS="677" HPOS="202"/>
							<String ID="string_116" HPOS="216" VPOS="677" WIDTH="145" HEIGHT="20" WC="0.92" CONTENT="Hemmansägare"/><SP WIDTH="13" VPOS="677" HPOS="361"/>
							<String ID="string_117" HPOS="374" VPOS="673" WIDTH="52" HEIGHT="23" WC="0.89" CONTENT="[976],"/><SP WIDTH="17" VPOS="673" HPOS="426"/>
							<String ID="string_118" HPOS="443" VPOS="676" WIDTH="11" HEIGHT="15" WC="0.89" CONTENT="f."/><SP WIDTH="15" VPOS="676" HPOS="454"/>
							<String ID="string_119" HPOS="469" VPOS="676" WIDTH="27" HEIGHT="18" WC="0.95" CONTENT="60;"/>
						</TextLine>
						<TextLine ID="line_26" HPOS="69" VPOS="698" WIDTH="289" HEIGHT="23">
							<String ID="string_120" HPOS="69" VPOS="701" WIDTH="22" HEIGHT="15" WC="0.93" CONTENT="24"/><SP WIDTH="13" VPOS="701" HPOS="91"/>
							<String ID="string_121" HPOS="104" VPOS="699" WIDTH="42" HEIGHT="21" WC="0.91" CONTENT="(adr."/><SP WIDTH="14" VPOS="699" HPOS="146"/>
							<String ID="string_122" HPOS="160" VPOS="700" WIDTH="90" HEIGHT="21" WC="0.91" CONTENT="Digernäs,"/><SP WIDTH="14" VPOS="700" HPOS="250"/>
							<String ID="string_123" HPOS="264" VPOS="698" WIDTH="94" HEIGHT="21" WC="0.91" CONTENT="Genvalla)."/>
						</TextLine>
					</TextBlock>
					<TextBlock ID="block_15" HPOS="45" VPOS="722" WIDTH="451" HEIGHT="47">
						<TextLine ID="line_27" HPOS="45" VPOS="722" WIDTH="451" HEIGHT="23">
							<String ID="string_124" HPOS="45" VPOS="723" WIDTH="64" HEIGHT="20" WC="0.95" CONTENT="Olsson,"/><SP WIDTH="18" VPOS="723" HPOS="109"/>
							<String ID="string_125" HPOS="127" VPOS="724" WIDTH="44" HEIGHT="19" WC="0.92" CONTENT="Nils,"/><SP WIDTH="18" VPOS="724" HPOS="171"/>
							<String ID="string_126" HPOS="189" VPOS="724" WIDTH="151" HEIGHT="21" WC="0.91" CONTENT="Hemmansägare,"/><SP WIDTH="13" VPOS="724" HPOS="340"/>
							<String ID="string_127" HPOS="353" VPOS="724" WIDTH="11" HEIGHT="15" WC="0.93" CONTENT="f."/><SP WIDTH="15" VPOS="724" HPOS="364"/>
							<String ID="string_128" HPOS="379" VPOS="722" WIDTH="27" HEIGHT="20" WC="0.96" CONTENT="73;"/><SP WIDTH="14" VPOS="722" HPOS="406"/>
							<String ID="string_129" HPOS="420" VPOS="724" WIDTH="22" HEIGHT="15" WC="0.93" CONTENT="24"/><SP WIDTH="13" VPOS="724" HPOS="442"/>
							<String ID="string_130" HPOS="455" VPOS="722" WIDTH="41" HEIGHT="21" WC="0.91" CONTENT="(adr."/>
						</TextLine>
						<TextLine ID="line_28" HPOS="70" VPOS="746" WIDTH="281" HEIGHT="23">
							<String ID="string_131" HPOS="70" VPOS="748" WIDTH="138" HEIGHT="21" WC="0.92" CONTENT="Rödningsberg,"/><SP WIDTH="13" VPOS="748" HPOS="208"/>
							<String ID="string_132" HPOS="221" VPOS="746" WIDTH="130" HEIGHT="23" WC="0.96" CONTENT="Trångsviken)."/>
						</TextLine>
					</TextBlock>
					<TextBlock ID="block_16" HPOS="45" VPOS="769" WIDTH="451" HEIGHT="48">
						<TextLine ID="line_29" HPOS="45" VPOS="769" WIDTH="451" HEIGHT="24">
							<String ID="string_133" HPOS="45" VPOS="772" WIDTH="74" HEIGHT="19" WC="0.96" CONTENT="Persson,"/><SP WIDTH="19" VPOS="772" HPOS="119"/>
							<String ID="string_134" HPOS="138" VPOS="773" WIDTH="36" HEIGHT="18" WC="0.93" CONTENT="Per,"/><SP WIDTH="16" VPOS="773" HPOS="174"/>
							<String ID="string_135" HPOS="190" VPOS="772" WIDTH="150" HEIGHT="21" WC="0.91" CONTENT="Hemmansägare,"/><SP WIDTH="13" VPOS="772" HPOS="340"/>
							<String ID="string_136" HPOS="353" VPOS="772" WIDTH="12" HEIGHT="15" WC="0.91" CONTENT="f."/><SP WIDTH="14" VPOS="772" HPOS="365"/>
							<String ID="string_137" HPOS="379" VPOS="772" WIDTH="27" HEIGHT="19" WC="0.96" CONTENT="69;"/><SP WIDTH="15" VPOS="772" HPOS="406"/>
							<String ID="string_138" HPOS="421" VPOS="772" WIDTH="21" HEIGHT="15" WC="0.90" CONTENT="24"/><SP WIDTH="13" VPOS="772" HPOS="442"/>
							<String ID="string_139" HPOS="455" VPOS="769" WIDTH="41" HEIGHT="22" WC="0.90" CONTENT="(adr."/>
						</TextLine>
						<TextLine ID="line_30" HPOS="69" VPOS="794" WIDTH="165" HEIGHT="23">
							<String ID="string_140" HPOS="69" VPOS="795" WIDTH="85" HEIGHT="22" WC="0.92" CONTENT="Trången,"/><SP WIDTH="14" VPOS="795" HPOS="154"/>
							<String ID="string_141" HPOS="168" VPOS="794" WIDTH="66" HEIGHT="23" WC="0.95" CONTENT="Aspås)."/>
						</TextLine>
					</TextBlock>
				</ComposedBlock>
				<ComposedBlock ID="cblock_5" HPOS="45" VPOS="835" WIDTH="452" HEIGHT="363">
					<TextBlock ID="block_17" HPOS="47" VPOS="835" WIDTH="319" HEIGHT="24">
						<TextLine ID="line_31" HPOS="47" VPOS="835" WIDTH="319" HEIGHT="24">
							<String ID="string_142" HPOS="47" VPOS="835" WIDTH="60" HEIGHT="24" WC="0.95" CONTENT="[190]"/><SP WIDTH="78" VPOS="835" HPOS="107"/>
							<String ID="string_143" HPOS="185" VPOS="836" WIDTH="132" HEIGHT="18" WC="0.95" CONTENT="Västerbottens"/><SP WIDTH="12" VPOS="836" HPOS="317"/>
							<String ID="string_144" HPOS="329" VPOS="836" WIDTH="37" HEIGHT="17" WC="0.96" CONTENT="län."/>
						</TextLine>
					</TextBlock>
					<TextBlock ID="block_18" HPOS="46" VPOS="865" WIDTH="451" HEIGHT="47">
						<TextLine ID="line_32" HPOS="46" VPOS="865" WIDTH="451" HEIGHT="23">
							<String ID="string_145" HPOS="46" VPOS="867" WIDTH="101" HEIGHT="19" WC="0.96" CONTENT="Bäckström,"/><SP WIDTH="19" VPOS="867" HPOS="147"/>
							<String ID="string_146" HPOS="166" VPOS="868" WIDTH="77" HEIGHT="19" WC="0.96" CONTENT="Werner,"/><SP WIDTH="16" VPOS="868" HPOS="243"/>
							<String ID="string_147" HPOS="259" VPOS="868" WIDTH="148" HEIGHT="20" WC="0.96" CONTENT="Fastighetsägare"/><SP WIDTH="13" VPOS="868" HPOS="407"/>
							<String ID="string_148" HPOS="420" VPOS="865" WIDTH="52" HEIGHT="23" WC="0.93" CONTENT="[976],"/><SP WIDTH="14" VPOS="865" HPOS="472"/>
							<String ID="string_149" HPOS="486" VPOS="868" WIDTH="11" HEIGHT="15" WC="0.90" CONTENT="f."/>
						</TextLine>
						<TextLine ID="line_33" HPOS="71" VPOS="890" WIDTH="252" HEIGHT="22">
							<String ID="string_150" HPOS="71" VPOS="892" WIDTH="27" HEIGHT="19" WC="0.96" CONTENT="66;"/><SP WIDTH="15" VPOS="892" HPOS="98"/>
							<String ID="string_151" HPOS="113" VPOS="892" WIDTH="22" HEIGHT="15" WC="0.90" CONTENT="24"/><SP WIDTH="12" VPOS="892" HPOS="135"/>
							<String ID="string_152" HPOS="147" VPOS="890" WIDTH="42" HEIGHT="22" WC="0.90" CONTENT="(adr."/><SP WIDTH="14" VPOS="890" HPOS="189"/>
							<String ID="string_153" HPOS="203" VPOS="892" WIDTH="42" HEIGHT="20" WC="0.96" CONTENT="Teg,"/><SP WIDTH="14" VPOS="892" HPOS="245"/>
							<String ID="string_154" HPOS="259" VPOS="890" WIDTH="64" HEIGHT="21" WC="0.95" CONTENT="Umeå)."/>
						</TextLine>
					</TextBlock>
					<TextBlock ID="block_19" HPOS="45" VPOS="913" WIDTH="452" HEIGHT="46">
						<TextLine ID="line_34" HPOS="45" VPOS="913" WIDTH="452" HEIGHT="23">
							<String ID="string_155" HPOS="45" VPOS="915" WIDTH="112" HEIGHT="19" WC="0.95" CONTENT="Brännström,"/><SP WIDTH="11" VPOS="915" HPOS="157"/>
							<String ID="string_156" HPOS="168" VPOS="916" WIDTH="51" HEIGHT="20" WC="0.96" CONTENT="Jonas"/><SP WIDTH="14" VPOS="916" HPOS="219"/>
							<String ID="string_157" HPOS="233" VPOS="916" WIDTH="71" HEIGHT="20" WC="0.96" CONTENT="Ludvig,"/><SP WIDTH="14" VPOS="916" HPOS="304"/>
							<String ID="string_158" HPOS="318" VPOS="915" WIDTH="118" HEIGHT="16" WC="0.95" CONTENT="Lantbrukare"/><SP WIDTH="9" VPOS="915" HPOS="436"/>
							<String ID="string_159" HPOS="445" VPOS="913" WIDTH="52" HEIGHT="22" WC="0.95" CONTENT="[976],"/>
						</TextLine>
						<TextLine ID="line_35" HPOS="70" VPOS="937" WIDTH="259" HEIGHT="22">
							<String ID="string_160" HPOS="70" VPOS="940" WIDTH="11" HEIGHT="15" WC="0.93" CONTENT="f."/><SP WIDTH="15" VPOS="940" HPOS="81"/>
							<String ID="string_161" HPOS="96" VPOS="938" WIDTH="26" HEIGHT="20" WC="0.96" CONTENT="76;"/><SP WIDTH="14" VPOS="938" HPOS="122"/>
							<String ID="string_162" HPOS="136" VPOS="940" WIDTH="22" HEIGHT="15" WC="0.93" CONTENT="24"/><SP WIDTH="13" VPOS="940" HPOS="158"/>
							<String ID="string_163" HPOS="171" VPOS="938" WIDTH="42" HEIGHT="21" WC="0.90" CONTENT="(adr."/><SP WIDTH="14" VPOS="938" HPOS="213"/>
							<String ID="string_164" HPOS="227" VPOS="937" WIDTH="102" HEIGHT="22" WC="0.96" CONTENT="Skellefteå)."/>
						</TextLine>
					</TextBlock>
					<TextBlock ID="block_20" HPOS="46" VPOS="961" WIDTH="451" HEIGHT="45">
						<TextLine ID="line_36" HPOS="46" VPOS="961" WIDTH="451" HEIGHT="21">
							<String ID="string_165" HPOS="46" VPOS="963" WIDTH="93" HEIGHT="19" WC="0.96" CONTENT="Wikström,"/><SP WIDTH="19" VPOS="963" HPOS="139"/>
							<String ID="string_166" HPOS="158" VPOS="964" WIDTH="62" HEIGHT="18" WC="0.96" CONTENT="Anton,"/><SP WIDTH="20" VPOS="964" HPOS="220"/>
							<String ID="string_167" HPOS="240" VPOS="964" WIDTH="91" HEIGHT="18" WC="0.92" CONTENT="Redaktör,"/><SP WIDTH="20" VPOS="964" HPOS="331"/>
							<String ID="string_168" HPOS="351" VPOS="963" WIDTH="11" HEIGHT="16" WC="0.92" CONTENT="f."/><SP WIDTH="17" VPOS="963" HPOS="362"/>
							<String ID="string_169" HPOS="379" VPOS="961" WIDTH="27" HEIGHT="21" WC="0.96" CONTENT="76;"/><SP WIDTH="15" VPOS="961" HPOS="406"/>
							<String ID="string_170" HPOS="421" VPOS="963" WIDTH="22" HEIGHT="15" WC="0.93" CONTENT="24"/><SP WIDTH="13" VPOS="963" HPOS="443"/>
							<String ID="string_171" HPOS="456" VPOS="961" WIDTH="41" HEIGHT="21" WC="0.92" CONTENT="(adr."/>
						</TextLine>
						<TextLine ID="line_37" HPOS="71" VPOS="985" WIDTH="102" HEIGHT="21">
							<String ID="string_172" HPOS="71" VPOS="985" WIDTH="102" HEIGHT="21" WC="0.94" CONTENT="Skellefteå)."/>
						</TextLine>
					</TextBlock>
					<TextBlock ID="block_21" HPOS="46" VPOS="1009" WIDTH="451" HEIGHT="45">
						<TextLine ID="line_38" HPOS="46" VPOS="1009" WIDTH="451" HEIGHT="22">
							<String ID="string_173" HPOS="46" VPOS="1009" WIDTH="86" HEIGHT="22" WC="0.95" CONTENT="Lindberg,"/><SP WIDTH="19" VPOS="1009" HPOS="132"/>
							<String ID="string_174" HPOS="151" VPOS="1010" WIDTH="41" HEIGHT="16" WC="0.96" CONTENT="Elof"/><SP WIDTH="17" VPOS="1010" HPOS="192"/>
							<String ID="string_175" HPOS="209" VPOS="1011" WIDTH="80" HEIGHT="18" WC="0.96" CONTENT="Herman,"/><SP WIDTH="15" VPOS="1011" HPOS="289"/>
							<String ID="string_176" HPOS="304" VPOS="1010" WIDTH="91" HEIGHT="19" WC="0.93" CONTENT="Redaktör,"/><SP WIDTH="14" VPOS="1010" HPOS="395"/>
							<String ID="string_177" HPOS="409" VPOS="1010" WIDTH="11" HEIGHT="15" WC="0.92" CONTENT="f."/><SP WIDTH="14" VPOS="1010" HPOS="420"/>
							<String ID="string_178" HPOS="434" VPOS="1010" WIDTH="27" HEIGHT="18" WC="0.96" CONTENT="91;"/><SP WIDTH="14" VPOS="1010" HPOS="461"/>
							<String ID="string_179" HPOS="475" VPOS="1010" WIDTH="22" HEIGHT="15" WC="0.95" CONTENT="24"/>
						</TextLine>
						<TextLine ID="line_39" HPOS="70" VPOS="1032" WIDTH="119" HEIGHT="22">
							<String ID="string_180" HPOS="70" VPOS="1032" WIDTH="41" HEIGHT="22" WC="0.92" CONTENT="(adr."/><SP WIDTH="14" VPOS="1032" HPOS="111"/>
							<String ID="string_181" HPOS="125" VPOS="1032" WIDTH="64" HEIGHT="22" WC="0.95" CONTENT="Umeå)."/>
						</TextLine>
					</TextBlock>
					<TextBlock ID="block_22" HPOS="46" VPOS="1055" WIDTH="450" HEIGHT="46">
						<TextLine ID="line_40" HPOS="46" VPOS="1055" WIDTH="450" HEIGHT="23">
							<String ID="string_182" HPOS="46" VPOS="1057" WIDTH="79" HEIGHT="20" WC="0.57" CONTENT="Wiklund,"/><SP WIDTH="17" VPOS="1057" HPOS="125"/>
							<String ID="string_183" HPOS="142" VPOS="1058" WIDTH="57" HEIGHT="19" WC="0.96" CONTENT="Adolf,"/><SP WIDTH="14" VPOS="1058" HPOS="199"/>
							<String ID="string_184" HPOS="213" VPOS="1058" WIDTH="118" HEIGHT="16" WC="0.96" CONTENT="Lantbrukare"/><SP WIDTH="12" VPOS="1058" HPOS="331"/>
							<String ID="string_185" HPOS="343" VPOS="1055" WIDTH="52" HEIGHT="23" WC="0.92" CONTENT="[976],"/><SP WIDTH="14" VPOS="1055" HPOS="395"/>
							<String ID="string_186" HPOS="409" VPOS="1058" WIDTH="11" HEIGHT="15" WC="0.92" CONTENT="f."/><SP WIDTH="14" VPOS="1058" HPOS="420"/>
							<String ID="string_187" HPOS="434" VPOS="1057" WIDTH="27" HEIGHT="19" WC="0.96" CONTENT="59;"/><SP WIDTH="15" VPOS="1057" HPOS="461"/>
							<String ID="string_188" HPOS="476" VPOS="1058" WIDTH="20" HEIGHT="15" WC="0.96" CONTENT="24"/>
						</TextLine>
						<TextLine ID="line_41" HPOS="70" VPOS="1079" WIDTH="229" HEIGHT="22">
							<String ID="string_189" HPOS="70" VPOS="1080" WIDTH="42" HEIGHT="21" WC="0.91" CONTENT="(adr."/><SP WIDTH="14" VPOS="1080" HPOS="112"/>
							<String ID="string_190" HPOS="126" VPOS="1083" WIDTH="86" HEIGHT="17" WC="0.93" CONTENT="Brattfors,"/><SP WIDTH="14" VPOS="1083" HPOS="212"/>
							<String ID="string_191" HPOS="226" VPOS="1079" WIDTH="73" HEIGHT="22" WC="0.92" CONTENT="Öreälv)."/>
						</TextLine>
					</TextBlock>
					<TextBlock ID="block_23" HPOS="46" VPOS="1104" WIDTH="451" HEIGHT="45">
						<TextLine ID="line_42" HPOS="46" VPOS="1104" WIDTH="451" HEIGHT="22">
							<String ID="string_192" HPOS="46" VPOS="1104" WIDTH="88" HEIGHT="22" WC="0.96" CONTENT="Sandberg,"/><SP WIDTH="13" VPOS="1104" HPOS="134"/>
							<String ID="string_193" HPOS="147" VPOS="1106" WIDTH="43" HEIGHT="15" WC="0.96" CONTENT="Olof"/><SP WIDTH="10" VPOS="1106" HPOS="190"/>
							<String ID="string_194" HPOS="200" VPOS="1106" WIDTH="56" HEIGHT="19" WC="0.96" CONTENT="Evert,"/><SP WIDTH="14" VPOS="1106" HPOS="256"/>
							<String ID="string_195" HPOS="270" VPOS="1105" WIDTH="122" HEIGHT="19" WC="0.93" CONTENT="Lantbrukare,"/><SP WIDTH="17" VPOS="1105" HPOS="392"/>
							<String ID="string_196" HPOS="409" VPOS="1105" WIDTH="11" HEIGHT="16" WC="0.93" CONTENT="f."/><SP WIDTH="14" VPOS="1105" HPOS="420"/>
							<String ID="string_197" HPOS="434" VPOS="1105" WIDTH="27" HEIGHT="18" WC="0.96" CONTENT="86;"/><SP WIDTH="15" VPOS="1105" HPOS="461"/>
							<String ID="string_198" HPOS="476" VPOS="1105" WIDTH="21" HEIGHT="15" WC="0.96" CONTENT="24"/>
						</TextLine>
						<TextLine ID="line_43" HPOS="70" VPOS="1127" WIDTH="182" HEIGHT="22">
							<String ID="string_199" HPOS="70" VPOS="1128" WIDTH="42" HEIGHT="21" WC="0.92" CONTENT="(adr."/><SP WIDTH="14" VPOS="1128" HPOS="112"/>
							<String ID="string_200" HPOS="126" VPOS="1130" WIDTH="46" HEIGHT="18" WC="0.96" CONTENT="Böle,"/><SP WIDTH="16" VPOS="1130" HPOS="172"/>
							<String ID="string_201" HPOS="188" VPOS="1127" WIDTH="64" HEIGHT="21" WC="0.96" CONTENT="Umeå)."/>
						</TextLine>
					</TextBlock>
					<TextBlock ID="block_24" HPOS="46" VPOS="1152" WIDTH="451" HEIGHT="46">
						<TextLine ID="line_44" HPOS="46" VPOS="1152" WIDTH="451" HEIGHT="22">
							<String ID="string_202" HPOS="46" VPOS="1152" WIDTH="92" HEIGHT="20" WC="0.96" CONTENT="Lindmark,"/><SP WIDTH="21" VPOS="1152" HPOS="138"/>
							<String ID="string_203" HPOS="159" VPOS="1153" WIDTH="60" HEIGHT="16" WC="0.93" CONTENT="Ewald"/><SP WIDTH="19" VPOS="1153" HPOS="219"/>
							<String ID="string_204" HPOS="238" VPOS="1153" WIDTH="65" HEIGHT="21" WC="0.92" CONTENT="Eugén,"/><SP WIDTH="19" VPOS="1153" HPOS="303"/>
							<String ID="string_205" HPOS="322" VPOS="1153" WIDTH="151" HEIGHT="20" WC="0.92" CONTENT="Hemmansägare,"/><SP WIDTH="13" VPOS="1153" HPOS="473"/>
							<String ID="string_206" HPOS="486" VPOS="1153" WIDTH="11" HEIGHT="15" WC="0.92" CONTENT="f."/>
						</TextLine>
						<TextLine ID="line_45" HPOS="71" VPOS="1174" WIDTH="426" HEIGHT="24">
							<String ID="string_207" HPOS="71" VPOS="1177" WIDTH="27" HEIGHT="19" WC="0.96" CONTENT="85;"/><SP WIDTH="15" VPOS="1177" HPOS="98"/>
							<String ID="string_208" HPOS="113" VPOS="1178" WIDTH="22" HEIGHT="15" WC="0.93" CONTENT="24"/><SP WIDTH="12" VPOS="1178" HPOS="135"/>
							<String ID="string_209" HPOS="147" VPOS="1175" WIDTH="42" HEIGHT="22" WC="0.90" CONTENT="(adr."/><SP WIDTH="16" VPOS="1175" HPOS="189"/>
							<String ID="string_210" HPOS="205" VPOS="1177" WIDTH="122" HEIGHT="21" WC="0.92" CONTENT="Drängsmark,"/><SP WIDTH="19" VPOS="1177" HPOS="327"/>
							<String ID="string_211" HPOS="346" VPOS="1174" WIDTH="151" HEIGHT="23" WC="0.85" CONTENT="Drängsmarkby)."/>
						</TextLine>
					</TextBlock>
				</ComposedBlock>
				<ComposedBlock ID="cblock_6" HPOS="48" VPOS="1216" WIDTH="313" HEIGHT="24">
					<TextBlock ID="block_25" HPOS="48" VPOS="1216" WIDTH="313" HEIGHT="24">
						<TextLine ID="line_46" HPOS="48" VPOS="1216" WIDTH="313" HEIGHT="24">
							<String ID="string_212" HPOS="48" VPOS="1216" WIDTH="60" HEIGHT="24" WC="0.95" CONTENT="[191]"/><SP WIDTH="81" VPOS="1216" HPOS="108"/>
							<String ID="string_213" HPOS="189" VPOS="1217" WIDTH="122" HEIGHT="17" WC="0.91" CONTENT="Norrbottens"/><SP WIDTH="13" VPOS="1217" HPOS="311"/>
							<String ID="string_214" HPOS="324" VPOS="1217" WIDTH="37" HEIGHT="17" WC="0.96" CONTENT="län."/>
						</TextLine>
					</TextBlock>
				</ComposedBlock>
				<ComposedBlock ID="cblock_7" HPOS="46" VPOS="1245" WIDTH="452" HEIGHT="239">
					<TextBlock ID="block_26" HPOS="47" VPOS="1245" WIDTH="450" HEIGHT="47">
						<TextLine ID="line_47" HPOS="47" VPOS="1245" WIDTH="450" HEIGHT="24">
							<String ID="string_215" HPOS="47" VPOS="1248" WIDTH="51" HEIGHT="21" WC="0.96" CONTENT="Hage,"/><SP WIDTH="13" VPOS="1248" HPOS="98"/>
							<String ID="string_216" HPOS="111" VPOS="1249" WIDTH="51" HEIGHT="15" WC="0.96" CONTENT="Ernst"/><SP WIDTH="14" VPOS="1249" HPOS="162"/>
							<String ID="string_217" HPOS="176" VPOS="1249" WIDTH="71" HEIGHT="20" WC="0.96" CONTENT="August,"/><SP WIDTH="14" VPOS="1249" HPOS="247"/>
							<String ID="string_218" HPOS="261" VPOS="1249" WIDTH="59" HEIGHT="15" WC="0.96" CONTENT="Förste"/><SP WIDTH="12" VPOS="1249" HPOS="320"/>
							<String ID="string_219" HPOS="332" VPOS="1247" WIDTH="101" HEIGHT="17" WC="0.96" CONTENT="bokhållare"/><SP WIDTH="13" VPOS="1247" HPOS="433"/>
							<String ID="string_220" HPOS="446" VPOS="1245" WIDTH="51" HEIGHT="23" WC="0.96" CONTENT="[605],"/>
						</TextLine>
						<TextLine ID="line_48" HPOS="70" VPOS="1270" WIDTH="221" HEIGHT="22">
							<String ID="string_221" HPOS="70" VPOS="1273" WIDTH="11" HEIGHT="15" WC="0.86" CONTENT="f."/><SP WIDTH="15" VPOS="1273" HPOS="81"/>
							<String ID="string_222" HPOS="96" VPOS="1271" WIDTH="27" HEIGHT="21" WC="0.95" CONTENT="76;"/><SP WIDTH="14" VPOS="1271" HPOS="123"/>
							<String ID="string_223" HPOS="137" VPOS="1273" WIDTH="22" HEIGHT="15" WC="0.93" CONTENT="24"/><SP WIDTH="13" VPOS="1273" HPOS="159"/>
							<String ID="string_224" HPOS="172" VPOS="1270" WIDTH="41" HEIGHT="22" WC="0.91" CONTENT="(adr."/><SP WIDTH="15" VPOS="1270" HPOS="213"/>
							<String ID="string_225" HPOS="228" VPOS="1270" WIDTH="63" HEIGHT="21" WC="0.95" CONTENT="Luleå)."/>
						</TextLine>
					</TextBlock>
					<TextBlock ID="block_27" HPOS="47" VPOS="1293" WIDTH="450" HEIGHT="46">
						<TextLine ID="line_49" HPOS="47" VPOS="1293" WIDTH="450" HEIGHT="23">
							<String ID="string_226" HPOS="47" VPOS="1295" WIDTH="70" HEIGHT="20" WC="0.95" CONTENT="Nilsson,"/><SP WIDTH="18" VPOS="1295" HPOS="117"/>
							<String ID="string_227" HPOS="135" VPOS="1296" WIDTH="39" HEIGHT="16" WC="0.96" CONTENT="Nils"/><SP WIDTH="20" VPOS="1296" HPOS="174"/>
							<String ID="string_228" HPOS="194" VPOS="1296" WIDTH="46" HEIGHT="19" WC="0.93" CONTENT="Erik,"/><SP WIDTH="20" VPOS="1296" HPOS="240"/>
							<String ID="string_229" HPOS="260" VPOS="1296" WIDTH="145" HEIGHT="20" WC="0.92" CONTENT="Hemmansägare"/><SP WIDTH="16" VPOS="1296" HPOS="405"/>
							<String ID="string_230" HPOS="421" VPOS="1293" WIDTH="52" HEIGHT="22" WC="0.93" CONTENT="[976],"/><SP WIDTH="13" VPOS="1293" HPOS="473"/>
							<String ID="string_231" HPOS="486" VPOS="1296" WIDTH="11" HEIGHT="15" WC="0.90" CONTENT="f."/>
						</TextLine>
						<TextLine ID="line_50" HPOS="71" VPOS="1318" WIDTH="209" HEIGHT="21">
							<String ID="string_232" HPOS="71" VPOS="1320" WIDTH="27" HEIGHT="19" WC="0.96" CONTENT="66;"/><SP WIDTH="15" VPOS="1320" HPOS="98"/>
							<String ID="string_233" HPOS="113" VPOS="1320" WIDTH="21" HEIGHT="16" WC="0.92" CONTENT="24"/><SP WIDTH="13" VPOS="1320" HPOS="134"/>
							<String ID="string_234" HPOS="147" VPOS="1318" WIDTH="42" HEIGHT="21" WC="0.92" CONTENT="(adr."/><SP WIDTH="14" VPOS="1318" HPOS="189"/>
							<String ID="string_235" HPOS="203" VPOS="1318" WIDTH="77" HEIGHT="21" WC="0.96" CONTENT="Antnäs)."/>
						</TextLine>
					</TextBlock>
					<TextBlock ID="block_28" HPOS="46" VPOS="1343" WIDTH="452" HEIGHT="44">
						<TextLine ID="line_51" HPOS="46" VPOS="1343" WIDTH="452" HEIGHT="22">
							<String ID="string_236" HPOS="46" VPOS="1343" WIDTH="66" HEIGHT="19" WC="0.96" CONTENT="Dahlén,"/><SP WIDTH="13" VPOS="1343" HPOS="112"/>
							<String ID="string_237" HPOS="125" VPOS="1344" WIDTH="52" HEIGHT="21" WC="0.96" CONTENT="Jonas"/><SP WIDTH="16" VPOS="1344" HPOS="177"/>
							<String ID="string_238" HPOS="193" VPOS="1344" WIDTH="60" HEIGHT="19" WC="0.93" CONTENT="Petter,"/><SP WIDTH="14" VPOS="1344" HPOS="253"/>
							<String ID="string_239" HPOS="267" VPOS="1344" WIDTH="129" HEIGHT="19" WC="0.92" CONTENT="Gruvarbetare,"/><SP WIDTH="13" VPOS="1344" HPOS="396"/>
							<String ID="string_240" HPOS="409" VPOS="1344" WIDTH="11" HEIGHT="15" WC="0.92" CONTENT="f."/><SP WIDTH="15" VPOS="1344" HPOS="420"/>
							<String ID="string_241" HPOS="435" VPOS="1343" WIDTH="27" HEIGHT="19" WC="0.96" CONTENT="81;"/><SP WIDTH="14" VPOS="1343" HPOS="462"/>
							<String ID="string_242" HPOS="476" VPOS="1343" WIDTH="22" HEIGHT="16" WC="0.96" CONTENT="24"/>
						</TextLine>
						<TextLine ID="line_52" HPOS="69" VPOS="1365" WIDTH="133" HEIGHT="22">
							<String ID="string_243" HPOS="69" VPOS="1366" WIDTH="42" HEIGHT="21" WC="0.92" CONTENT="(adr."/><SP WIDTH="14" VPOS="1366" HPOS="111"/>
							<String ID="string_244" HPOS="125" VPOS="1365" WIDTH="77" HEIGHT="22" WC="0.96" CONTENT="Kiruna)."/>
						</TextLine>
					</TextBlock>
					<TextBlock ID="block_29" HPOS="47" VPOS="1388" WIDTH="451" HEIGHT="47">
						<TextLine ID="line_53" HPOS="47" VPOS="1388" WIDTH="451" HEIGHT="24">
							<String ID="string_245" HPOS="47" VPOS="1390" WIDTH="97" HEIGHT="21" WC="0.92" CONTENT="Grapenson,"/><SP WIDTH="12" VPOS="1390" HPOS="144"/>
							<String ID="string_246" HPOS="156" VPOS="1392" WIDTH="49" HEIGHT="15" WC="0.96" CONTENT="Peter"/><SP WIDTH="10" VPOS="1392" HPOS="205"/>
							<String ID="string_247" HPOS="215" VPOS="1392" WIDTH="56" HEIGHT="20" WC="0.93" CONTENT="Jöran,"/><SP WIDTH="14" VPOS="1392" HPOS="271"/>
							<String ID="string_248" HPOS="285" VPOS="1391" WIDTH="123" HEIGHT="16" WC="0.92" CONTENT="Komminister"/><SP WIDTH="12" VPOS="1391" HPOS="408"/>
							<String ID="string_249" HPOS="420" VPOS="1388" WIDTH="52" HEIGHT="23" WC="0.92" CONTENT="[709],"/><SP WIDTH="15" VPOS="1388" HPOS="472"/>
							<String ID="string_250" HPOS="487" VPOS="1391" WIDTH="11" HEIGHT="15" WC="0.85" CONTENT="f."/>
						</TextLine>
						<TextLine ID="line_54" HPOS="72" VPOS="1413" WIDTH="229" HEIGHT="22">
							<String ID="string_251" HPOS="72" VPOS="1415" WIDTH="27" HEIGHT="19" WC="0.92" CONTENT="78;"/><SP WIDTH="15" VPOS="1415" HPOS="99"/>
							<String ID="string_252" HPOS="114" VPOS="1416" WIDTH="22" HEIGHT="16" WC="0.93" CONTENT="24"/><SP WIDTH="12" VPOS="1416" HPOS="136"/>
							<String ID="string_253" HPOS="148" VPOS="1414" WIDTH="42" HEIGHT="21" WC="0.92" CONTENT="(adr."/><SP WIDTH="14" VPOS="1414" HPOS="190"/>
							<String ID="string_254" HPOS="204" VPOS="1413" WIDTH="97" HEIGHT="22" WC="0.96" CONTENT="Gällivare)."/>
						</TextLine>
					</TextBlock>
					<TextBlock ID="block_30" HPOS="47" VPOS="1438" WIDTH="451" HEIGHT="46">
						<TextLine ID="line_55" HPOS="47" VPOS="1438" WIDTH="451" HEIGHT="22">
							<String ID="string_255" HPOS="47" VPOS="1439" WIDTH="79" HEIGHT="21" WC="0.95" CONTENT="Lövgren,"/><SP WIDTH="13" VPOS="1439" HPOS="126"/>
							<String ID="string_256" HPOS="139" VPOS="1440" WIDTH="54" HEIGHT="15" WC="0.96" CONTENT="Oscar"/><SP WIDTH="13" VPOS="1440" HPOS="193"/>
							<String ID="string_257" HPOS="206" VPOS="1439" WIDTH="86" HEIGHT="20" WC="0.96" CONTENT="Wilhelm,"/><SP WIDTH="15" VPOS="1439" HPOS="292"/>
							<String ID="string_258" HPOS="307" VPOS="1439" WIDTH="89" HEIGHT="19" WC="0.93" CONTENT="Arbetare,"/><SP WIDTH="13" VPOS="1439" HPOS="396"/>
							<String ID="string_259" HPOS="409" VPOS="1439" WIDTH="11" HEIGHT="15" WC="0.92" CONTENT="f."/><SP WIDTH="15" VPOS="1439" HPOS="420"/>
							<String ID="string_260" HPOS="435" VPOS="1438" WIDTH="27" HEIGHT="20" WC="0.96" CONTENT="88;"/><SP WIDTH="14" VPOS="1438" HPOS="462"/>
							<String ID="string_261" HPOS="476" VPOS="1439" WIDTH="22" HEIGHT="15" WC="0.96" CONTENT="24"/>
						</TextLine>
						<TextLine ID="line_56" HPOS="71" VPOS="1461" WIDTH="138" HEIGHT="23">
							<String ID="string_262" HPOS="71" VPOS="1462" WIDTH="41" HEIGHT="21" WC="0.92" CONTENT="(adr."/><SP WIDTH="14" VPOS="1462" HPOS="112"/>
							<String ID="string_263" HPOS="126" VPOS="1461" WIDTH="83" HEIGHT="23" WC="0.96" CONTENT="Nyborg)."/>
						</TextLine>
					</TextBlock>
				</ComposedBlock>
				<ComposedBlock ID="cblock_8" HPOS="406" VPOS="272" WIDTH="5" HEIGHT="10">
					<TextBlock ID="block_31" HPOS="406" VPOS="272" WIDTH="5" HEIGHT="10">
						<TextLine ID="line_57" HPOS="406" VPOS="272" WIDTH="5" HEIGHT="10">
							<String ID="string_264" HPOS="406" VPOS="272" WIDTH="5" HEIGHT="10" WC="0.95" CONTENT=" "/>
						</TextLine>
					</TextBlock>
				</ComposedBlock>
				<ComposedBlock ID="cblock_9" HPOS="505" VPOS="85" WIDTH="5" HEIGHT="1397">
					<TextBlock ID="block_32" HPOS="505" VPOS="85" WIDTH="5" HEIGHT="1397">
						<TextLine ID="line_58" HPOS="505" VPOS="85" WIDTH="5" HEIGHT="1397">
							<String ID="string_265" HPOS="505" VPOS="85" WIDTH="5" HEIGHT="1397" WC="0.95" CONTENT=" "/>
						</TextLine>
					</TextBlock>
				</ComposedBlock>
				<ComposedBlock ID="cblock_10" HPOS="515" VPOS="39" WIDTH="450" HEIGHT="99">
					<TextBlock ID="block_33" HPOS="515" VPOS="39" WIDTH="450" HEIGHT="99">
						<TextLine ID="line_59" HPOS="835" VPOS="39" WIDTH="129" HEIGHT="27">
							<String ID="string_266" HPOS="835" VPOS="39" WIDTH="129" HEIGHT="27" WC="0.89" CONTENT="[188—192]"/>
						</TextLine>
						<TextLine ID="line_60" HPOS="515" VPOS="93" WIDTH="450" HEIGHT="22">
							<String ID="string_267" HPOS="515" VPOS="93" WIDTH="90" HEIGHT="19" WC="0.95" CONTENT="Hedström,"/><SP WIDTH="25" VPOS="93" HPOS="605"/>
							<String ID="string_268" HPOS="630" VPOS="95" WIDTH="65" HEIGHT="20" WC="0.95" CONTENT="August"/><SP WIDTH="25" VPOS="95" HPOS="695"/>
							<String ID="string_269" HPOS="720" VPOS="94" WIDTH="75" HEIGHT="19" WC="0.86" CONTENT="Helmer,"/><SP WIDTH="25" VPOS="94" HPOS="795"/>
							<String ID="string_270" HPOS="820" VPOS="94" WIDTH="145" HEIGHT="20" WC="0.91" CONTENT="Hemmansägare"/>
						</TextLine>
						<TextLine ID="line_61" HPOS="538" VPOS="116" WIDTH="314" HEIGHT="22">
							<String ID="string_271" HPOS="538" VPOS="116" WIDTH="52" HEIGHT="22" WC="0.84" CONTENT="[976],"/><SP WIDTH="13" VPOS="116" HPOS="590"/>
							<String ID="string_272" HPOS="603" VPOS="119" WIDTH="11" HEIGHT="15" WC="0.92" CONTENT="f."/><SP WIDTH="14" VPOS="119" HPOS="614"/>
							<String ID="string_273" HPOS="628" VPOS="117" WIDTH="27" HEIGHT="20" WC="0.96" CONTENT="73;"/><SP WIDTH="15" VPOS="117" HPOS="655"/>
							<String ID="string_274" HPOS="670" VPOS="119" WIDTH="21" HEIGHT="15" WC="0.93" CONTENT="24"/><SP WIDTH="13" VPOS="119" HPOS="691"/>
							<String ID="string_275" HPOS="704" VPOS="116" WIDTH="41" HEIGHT="21" WC="0.88" CONTENT="(adr."/><SP WIDTH="16" VPOS="116" HPOS="745"/>
							<String ID="string_276" HPOS="761" VPOS="116" WIDTH="91" HEIGHT="21" WC="0.92" CONTENT="Gäddvik)."/>
						</TextLine>
					</TextBlock>
				</ComposedBlock>
				<ComposedBlock ID="cblock_11" HPOS="514" VPOS="141" WIDTH="450" HEIGHT="45">
					<TextBlock ID="block_34" HPOS="514" VPOS="141" WIDTH="450" HEIGHT="45">
						<TextLine ID="line_62" HPOS="514" VPOS="141" WIDTH="450" HEIGHT="22">
							<String ID="string_277" HPOS="514" VPOS="141" WIDTH="109" HEIGHT="20" WC="0.96" CONTENT="Samuelsson,"/><SP WIDTH="13" VPOS="141" HPOS="623"/>
							<String ID="string_278" HPOS="636" VPOS="143" WIDTH="55" HEIGHT="20" WC="0.96" CONTENT="Bengt"/><SP WIDTH="13" VPOS="143" HPOS="691"/>
							<String ID="string_279" HPOS="704" VPOS="142" WIDTH="64" HEIGHT="16" WC="0.96" CONTENT="Robert"/><SP WIDTH="12" VPOS="142" HPOS="768"/>
							<String ID="string_280" HPOS="780" VPOS="142" WIDTH="87" HEIGHT="19" WC="0.93" CONTENT="Wilhelm,"/><SP WIDTH="14" VPOS="142" HPOS="867"/>
							<String ID="string_281" HPOS="881" VPOS="141" WIDTH="83" HEIGHT="16" WC="0.92" CONTENT="Lokomo-"/>
						</TextLine>
						<TextLine ID="line_63" HPOS="539" VPOS="164" WIDTH="319" HEIGHT="22">
							<String ID="string_282" HPOS="539" VPOS="167" WIDTH="83" HEIGHT="19" WC="0.91" CONTENT="tivförare,"/><SP WIDTH="15" VPOS="167" HPOS="622"/>
							<String ID="string_283" HPOS="637" VPOS="167" WIDTH="11" HEIGHT="16" WC="0.92" CONTENT="f."/><SP WIDTH="15" VPOS="167" HPOS="648"/>
							<String ID="string_284" HPOS="663" VPOS="166" WIDTH="27" HEIGHT="19" WC="0.96" CONTENT="86;"/><SP WIDTH="14" VPOS="166" HPOS="690"/>
							<String ID="string_285" HPOS="704" VPOS="167" WIDTH="22" HEIGHT="15" WC="0.93" CONTENT="24"/><SP WIDTH="13" VPOS="167" HPOS="726"/>
							<String ID="string_286" HPOS="739" VPOS="164" WIDTH="41" HEIGHT="22" WC="0.91" CONTENT="(adr."/><SP WIDTH="14" VPOS="164" HPOS="780"/>
							<String ID="string_287" HPOS="794" VPOS="164" WIDTH="64" HEIGHT="21" WC="0.95" CONTENT="Luleå)."/>
						</TextLine>
					</TextBlock>
				</ComposedBlock>
				<ComposedBlock ID="cblock_12" HPOS="514" VPOS="229" WIDTH="452" HEIGHT="118">
					<TextBlock ID="block_35" HPOS="516" VPOS="229" WIDTH="60" HEIGHT="24">
						<TextLine ID="line_64" HPOS="516" VPOS="229" WIDTH="60" HEIGHT="24">
							<String ID="string_288" HPOS="516" VPOS="229" WIDTH="60" HEIGHT="24" WC="0.96" CONTENT="[192]"/>
						</TextLine>
					</TextBlock>
					<TextBlock ID="block_36" HPOS="514" VPOS="260" WIDTH="452" HEIGHT="28">
						<TextLine ID="line_65" HPOS="514" VPOS="260" WIDTH="452" HEIGHT="28">
							<String ID="string_289" HPOS="514" VPOS="261" WIDTH="141" HEIGHT="27" WC="0.21" CONTENT="Avlönings="/><SP WIDTH="28" VPOS="261" HPOS="655"/>
							<String ID="string_290" HPOS="683" VPOS="261" WIDTH="46" HEIGHT="21" WC="0.93" CONTENT="och"/><SP WIDTH="25" VPOS="261" HPOS="729"/>
							<String ID="string_291" HPOS="754" VPOS="260" WIDTH="212" HEIGHT="26" WC="0.82" CONTENT="pensionsbestäm-"/>
						</TextLine>
					</TextBlock>
					<TextBlock ID="block_37" HPOS="515" VPOS="289" WIDTH="451" HEIGHT="58">
						<TextLine ID="line_66" HPOS="515" VPOS="289" WIDTH="451" HEIGHT="27">
							<String ID="string_292" HPOS="515" VPOS="291" WIDTH="82" HEIGHT="22" WC="0.92" CONTENT="melser"/><SP WIDTH="23" VPOS="291" HPOS="597"/>
							<String ID="string_293" HPOS="620" VPOS="291" WIDTH="38" HEIGHT="21" WC="0.93" CONTENT="för"/><SP WIDTH="17" VPOS="291" HPOS="658"/>
							<String ID="string_294" HPOS="675" VPOS="290" WIDTH="231" HEIGHT="26" WC="0.92" CONTENT="befattningshavare"/><SP WIDTH="18" VPOS="290" HPOS="906"/>
							<String ID="string_295" HPOS="924" VPOS="289" WIDTH="42" HEIGHT="22" WC="0.96" CONTENT="vid"/>
						</TextLine>
						<TextLine ID="line_67" HPOS="622" VPOS="320" WIDTH="229" HEIGHT="27">
							<String ID="string_296" HPOS="622" VPOS="320" WIDTH="148" HEIGHT="27" WC="0.96" CONTENT="Riksdagens"/><SP WIDTH="15" VPOS="320" HPOS="770"/>
							<String ID="string_297" HPOS="785" VPOS="320" WIDTH="66" HEIGHT="21" WC="0.96" CONTENT="verk."/>
						</TextLine>
					</TextBlock>
				</ComposedBlock>
				<ComposedBlock ID="cblock_13" HPOS="515" VPOS="356" WIDTH="451" HEIGHT="233">
					<TextBlock ID="block_38" HPOS="515" VPOS="356" WIDTH="450" HEIGHT="35">
						<TextLine ID="line_68" HPOS="533" VPOS="356" WIDTH="432" HEIGHT="16">
							<String ID="string_298" HPOS="533" VPOS="356" WIDTH="164" HEIGHT="16" WC="0.92" CONTENT="Avlöningsreglemente"/><SP WIDTH="10" VPOS="356" HPOS="697"/>
							<String ID="string_299" HPOS="707" VPOS="357" WIDTH="16" HEIGHT="12" WC="0.96" CONTENT="är"/><SP WIDTH="8" VPOS="357" HPOS="723"/>
							<String ID="string_300" HPOS="731" VPOS="360" WIDTH="19" HEIGHT="9" WC="0.96" CONTENT="av"/><SP WIDTH="8" VPOS="360" HPOS="750"/>
							<String ID="string_301" HPOS="758" VPOS="356" WIDTH="76" HEIGHT="16" WC="0.96" CONTENT="riksdagen"/><SP WIDTH="9" VPOS="356" HPOS="834"/>
							<String ID="string_302" HPOS="843" VPOS="357" WIDTH="59" HEIGHT="15" WC="0.96" CONTENT="antaget"/><SP WIDTH="9" VPOS="357" HPOS="902"/>
							<String ID="string_303" HPOS="911" VPOS="356" WIDTH="28" HEIGHT="12" WC="0.96" CONTENT="den"/><SP WIDTH="10" VPOS="356" HPOS="939"/>
							<String ID="string_304" HPOS="949" VPOS="356" WIDTH="16" HEIGHT="12" WC="0.96" CONTENT="18"/>
						</TextLine>
						<TextLine ID="line_69" HPOS="515" VPOS="374" WIDTH="318" HEIGHT="17">
							<String ID="string_305" HPOS="515" VPOS="375" WIDTH="31" HEIGHT="16" WC="0.96" CONTENT="juni"/><SP WIDTH="8" VPOS="375" HPOS="546"/>
							<String ID="string_306" HPOS="554" VPOS="379" WIDTH="34" HEIGHT="12" WC="0.85" CONTENT="1921"/><SP WIDTH="9" VPOS="379" HPOS="588"/>
							<String ID="string_307" HPOS="597" VPOS="375" WIDTH="94" HEIGHT="16" WC="0.96" CONTENT="(Riksdagens"/><SP WIDTH="7" VPOS="375" HPOS="691"/>
							<String ID="string_308" HPOS="698" VPOS="374" WIDTH="67" HEIGHT="13" WC="0.96" CONTENT="skrivelse"/><SP WIDTH="7" VPOS="374" HPOS="765"/>
							<String ID="string_309" HPOS="772" VPOS="378" WIDTH="17" HEIGHT="8" WC="0.96" CONTENT="nr"/><SP WIDTH="7" VPOS="378" HPOS="789"/>
							<String ID="string_310" HPOS="796" VPOS="374" WIDTH="37" HEIGHT="16" WC="0.95" CONTENT="384)."/>
						</TextLine>
					</TextBlock>
					<TextBlock ID="block_39" HPOS="515" VPOS="392" WIDTH="451" HEIGHT="106">
						<TextLine ID="line_70" HPOS="533" VPOS="392" WIDTH="433" HEIGHT="16">
							<String ID="string_311" HPOS="533" VPOS="393" WIDTH="45" HEIGHT="12" WC="0.93" CONTENT="Detta"/><SP WIDTH="10" VPOS="393" HPOS="578"/>
							<String ID="string_312" HPOS="588" VPOS="392" WIDTH="164" HEIGHT="16" WC="0.91" CONTENT="avlöningsreglemente,"/><SP WIDTH="9" VPOS="392" HPOS="752"/>
							<String ID="string_313" HPOS="761" VPOS="396" WIDTH="31" HEIGHT="9" WC="0.97" CONTENT="som"/><SP WIDTH="10" VPOS="396" HPOS="792"/>
							<String ID="string_314" HPOS="802" VPOS="392" WIDTH="4" HEIGHT="12" WC="0.96" CONTENT="i"/><SP WIDTH="9" VPOS="392" HPOS="806"/>
							<String ID="string_315" HPOS="815" VPOS="393" WIDTH="38" HEIGHT="12" WC="0.96" CONTENT="stort"/><SP WIDTH="9" VPOS="393" HPOS="853"/>
							<String ID="string_316" HPOS="862" VPOS="393" WIDTH="29" HEIGHT="12" WC="0.93" CONTENT="sett"/><SP WIDTH="9" VPOS="393" HPOS="891"/>
							<String ID="string_317" HPOS="900" VPOS="393" WIDTH="66" HEIGHT="11" WC="0.92" CONTENT="överens-"/>
						</TextLine>
						<TextLine ID="line_71" HPOS="515" VPOS="410" WIDTH="451" HEIGHT="16">
							<String ID="string_318" HPOS="515" VPOS="412" WIDTH="69" HEIGHT="12" WC="0.96" CONTENT="stämmer"/><SP WIDTH="6" VPOS="412" HPOS="584"/>
							<String ID="string_319" HPOS="590" VPOS="411" WIDTH="32" HEIGHT="13" WC="0.92" CONTENT="med"/><SP WIDTH="6" VPOS="411" HPOS="622"/>
							<String ID="string_320" HPOS="628" VPOS="410" WIDTH="167" HEIGHT="16" WC="0.91" CONTENT="avlöningsreglementet"/><SP WIDTH="6" VPOS="410" HPOS="795"/>
							<String ID="string_321" HPOS="801" VPOS="410" WIDTH="22" HEIGHT="13" WC="0.93" CONTENT="för"/><SP WIDTH="6" VPOS="410" HPOS="823"/>
							<String ID="string_322" HPOS="829" VPOS="410" WIDTH="137" HEIGHT="16" WC="0.91" CONTENT="statsdepartement"/>
						</TextLine>
						<TextLine ID="line_72" HPOS="515" VPOS="428" WIDTH="451" HEIGHT="16">
							<String ID="string_323" HPOS="515" VPOS="433" WIDTH="19" HEIGHT="9" WC="0.86" CONTENT="m."/><SP WIDTH="6" VPOS="433" HPOS="534"/>
							<String ID="string_324" HPOS="540" VPOS="429" WIDTH="16" HEIGHT="13" WC="0.94" CONTENT="fl."/><SP WIDTH="5" VPOS="429" HPOS="556"/>
							<String ID="string_325" HPOS="561" VPOS="429" WIDTH="40" HEIGHT="15" WC="0.96" CONTENT="verk,"/><SP WIDTH="6" VPOS="429" HPOS="601"/>
							<String ID="string_326" HPOS="607" VPOS="428" WIDTH="85" HEIGHT="13" WC="0.96" CONTENT="tillhörande"/><SP WIDTH="5" VPOS="428" HPOS="692"/>
							<String ID="string_327" HPOS="697" VPOS="429" WIDTH="27" HEIGHT="12" WC="0.96" CONTENT="den"/><SP WIDTH="6" VPOS="429" HPOS="724"/>
							<String ID="string_328" HPOS="730" VPOS="428" WIDTH="42" HEIGHT="13" WC="0.93" CONTENT="civila"/><SP WIDTH="5" VPOS="428" HPOS="772"/>
							<String ID="string_329" HPOS="777" VPOS="428" WIDTH="147" HEIGHT="15" WC="0.92" CONTENT="statsförvaltningen,"/><SP WIDTH="6" VPOS="428" HPOS="924"/>
							<String ID="string_330" HPOS="930" VPOS="428" WIDTH="36" HEIGHT="12" WC="0.95" CONTENT="skall"/>
						</TextLine>
						<TextLine ID="line_73" HPOS="516" VPOS="446" WIDTH="450" HEIGHT="17">
							<String ID="string_331" HPOS="516" VPOS="448" WIDTH="26" HEIGHT="14" WC="0.97" CONTENT="äga"/><SP WIDTH="9" VPOS="448" HPOS="542"/>
							<String ID="string_332" HPOS="551" VPOS="447" WIDTH="90" HEIGHT="16" WC="0.93" CONTENT="tillämpning"/><SP WIDTH="7" VPOS="447" HPOS="641"/>
							<String ID="string_333" HPOS="648" VPOS="447" WIDTH="8" HEIGHT="12" WC="0.91" CONTENT="å"/><SP WIDTH="9" VPOS="447" HPOS="656"/>
							<String ID="string_334" HPOS="665" VPOS="447" WIDTH="87" HEIGHT="15" WC="0.96" CONTENT="tjänstemän"/><SP WIDTH="8" VPOS="447" HPOS="752"/>
							<String ID="string_335" HPOS="760" VPOS="446" WIDTH="24" HEIGHT="13" WC="0.96" CONTENT="vid"/><SP WIDTH="8" VPOS="446" HPOS="784"/>
							<String ID="string_336" HPOS="792" VPOS="446" WIDTH="90" HEIGHT="15" WC="0.92" CONTENT="riksbanken,"/><SP WIDTH="9" VPOS="446" HPOS="882"/>
							<String ID="string_337" HPOS="891" VPOS="446" WIDTH="75" HEIGHT="15" WC="0.92" CONTENT="riksgälds-"/>
						</TextLine>
						<TextLine ID="line_74" HPOS="516" VPOS="464" WIDTH="450" HEIGHT="16">
							<String ID="string_338" HPOS="516" VPOS="465" WIDTH="71" HEIGHT="15" WC="0.96" CONTENT="kontoret,"/><SP WIDTH="8" VPOS="465" HPOS="587"/>
							<String ID="string_339" HPOS="595" VPOS="465" WIDTH="82" HEIGHT="15" WC="0.96" CONTENT="riksdagens"/><SP WIDTH="8" VPOS="465" HPOS="677"/>
							<String ID="string_340" HPOS="685" VPOS="465" WIDTH="31" HEIGHT="15" WC="0.93" CONTENT="hus,"/><SP WIDTH="8" VPOS="465" HPOS="716"/>
							<String ID="string_341" HPOS="724" VPOS="464" WIDTH="149" HEIGHT="16" WC="0.91" CONTENT="riksdagsbiblioteket"/><SP WIDTH="8" VPOS="464" HPOS="873"/>
							<String ID="string_342" HPOS="881" VPOS="465" WIDTH="38" HEIGHT="12" WC="0.93" CONTENT="samt"/><SP WIDTH="6" VPOS="465" HPOS="919"/>
							<String ID="string_343" HPOS="925" VPOS="464" WIDTH="41" HEIGHT="16" WC="0.92" CONTENT="justi-"/>
						</TextLine>
						<TextLine ID="line_75" HPOS="517" VPOS="482" WIDTH="344" HEIGHT="16">
							<String ID="string_344" HPOS="517" VPOS="483" WIDTH="24" HEIGHT="13" WC="0.93" CONTENT="tie-"/><SP WIDTH="10" VPOS="483" HPOS="541"/>
							<String ID="string_345" HPOS="551" VPOS="483" WIDTH="27" HEIGHT="13" WC="0.93" CONTENT="och"/><SP WIDTH="8" VPOS="483" HPOS="578"/>
							<String ID="string_346" HPOS="586" VPOS="482" WIDTH="275" HEIGHT="16" WC="0.91" CONTENT="militieombudsmansexpeditionerna."/>
						</TextLine>
					</TextBlock>
					<TextBlock ID="block_40" HPOS="516" VPOS="500" WIDTH="450" HEIGHT="35">
						<TextLine ID="line_76" HPOS="534" VPOS="500" WIDTH="432" HEIGHT="17">
							<String ID="string_347" HPOS="534" VPOS="501" WIDTH="74" HEIGHT="13" WC="0.96" CONTENT="Ordinarie"/><SP WIDTH="13" VPOS="501" HPOS="608"/>
							<String ID="string_348" HPOS="621" VPOS="501" WIDTH="88" HEIGHT="16" WC="0.96" CONTENT="tjänstemän"/><SP WIDTH="14" VPOS="501" HPOS="709"/>
							<String ID="string_349" HPOS="723" VPOS="500" WIDTH="67" HEIGHT="13" WC="0.96" CONTENT="tillsättas"/><SP WIDTH="14" VPOS="500" HPOS="790"/>
							<String ID="string_350" HPOS="804" VPOS="500" WIDTH="30" HEIGHT="13" WC="0.96" CONTENT="dels"/><SP WIDTH="13" VPOS="500" HPOS="834"/>
							<String ID="string_351" HPOS="847" VPOS="504" WIDTH="52" HEIGHT="12" WC="0.93" CONTENT="genom"/><SP WIDTH="12" VPOS="504" HPOS="899"/>
							<String ID="string_352" HPOS="911" VPOS="500" WIDTH="55" HEIGHT="13" WC="0.90" CONTENT="förord-"/>
						</TextLine>
						<TextLine ID="line_77" HPOS="516" VPOS="518" WIDTH="390" HEIGHT="17">
							<String ID="string_353" HPOS="516" VPOS="519" WIDTH="54" HEIGHT="16" WC="0.96" CONTENT="nande,"/><SP WIDTH="9" VPOS="519" HPOS="570"/>
							<String ID="string_354" HPOS="579" VPOS="519" WIDTH="30" HEIGHT="13" WC="0.96" CONTENT="dels"/><SP WIDTH="8" VPOS="519" HPOS="609"/>
							<String ID="string_355" HPOS="617" VPOS="522" WIDTH="51" HEIGHT="12" WC="0.96" CONTENT="genom"/><SP WIDTH="7" VPOS="522" HPOS="668"/>
							<String ID="string_356" HPOS="675" VPOS="518" WIDTH="68" HEIGHT="13" WC="0.96" CONTENT="fullmakt"/><SP WIDTH="8" VPOS="518" HPOS="743"/>
							<String ID="string_357" HPOS="751" VPOS="518" WIDTH="33" HEIGHT="13" WC="0.91" CONTENT="eller"/><SP WIDTH="8" VPOS="518" HPOS="784"/>
							<String ID="string_358" HPOS="792" VPOS="518" WIDTH="114" HEIGHT="13" WC="0.91" CONTENT="konstitutorial."/>
						</TextLine>
					</TextBlock>
					<TextBlock ID="block_41" HPOS="516" VPOS="536" WIDTH="450" HEIGHT="53">
						<TextLine ID="line_78" HPOS="534" VPOS="536" WIDTH="432" HEIGHT="17">
							<String ID="string_359" HPOS="534" VPOS="537" WIDTH="28" HEIGHT="13" WC="0.96" CONTENT="För"/><SP WIDTH="7" VPOS="537" HPOS="562"/>
							<String ID="string_360" HPOS="569" VPOS="537" WIDTH="63" HEIGHT="16" WC="0.97" CONTENT="följande"/><SP WIDTH="8" VPOS="537" HPOS="632"/>
							<String ID="string_361" HPOS="640" VPOS="537" WIDTH="103" HEIGHT="15" WC="0.96" CONTENT="befattningar,"/><SP WIDTH="7" VPOS="537" HPOS="743"/>
							<String ID="string_362" HPOS="750" VPOS="536" WIDTH="46" HEIGHT="13" WC="0.96" CONTENT="vilkas"/><SP WIDTH="8" VPOS="536" HPOS="796"/>
							<String ID="string_363" HPOS="804" VPOS="536" WIDTH="87" HEIGHT="13" WC="0.68" CONTENT="innehavare"/><SP WIDTH="8" VPOS="536" HPOS="891"/>
							<String ID="string_364" HPOS="899" VPOS="536" WIDTH="67" HEIGHT="13" WC="0.96" CONTENT="tillsättas"/>
						</TextLine>
						<TextLine ID="line_79" HPOS="516" VPOS="554" WIDTH="450" HEIGHT="17">
							<String ID="string_365" HPOS="516" VPOS="558" WIDTH="51" HEIGHT="12" WC="0.96" CONTENT="genom"/><SP WIDTH="7" VPOS="558" HPOS="567"/>
							<String ID="string_366" HPOS="574" VPOS="555" WIDTH="95" HEIGHT="13" WC="0.96" CONTENT="förordnande"/><SP WIDTH="8" VPOS="555" HPOS="669"/>
							<String ID="string_367" HPOS="677" VPOS="555" WIDTH="18" HEIGHT="16" WC="0.96" CONTENT="på"/><SP WIDTH="8" VPOS="555" HPOS="695"/>
							<String ID="string_368" HPOS="703" VPOS="555" WIDTH="28" HEIGHT="12" WC="0.96" CONTENT="viss"/><SP WIDTH="8" VPOS="555" HPOS="731"/>
							<String ID="string_369" HPOS="739" VPOS="555" WIDTH="25" HEIGHT="15" WC="0.96" CONTENT="tid,"/><SP WIDTH="9" VPOS="555" HPOS="764"/>
							<String ID="string_370" HPOS="773" VPOS="554" WIDTH="42" HEIGHT="16" WC="0.96" CONTENT="utgår"/><SP WIDTH="6" VPOS="554" HPOS="815"/>
							<String ID="string_371" HPOS="821" VPOS="554" WIDTH="53" HEIGHT="16" WC="0.96" CONTENT="arvode,"/><SP WIDTH="8" VPOS="554" HPOS="874"/>
							<String ID="string_372" HPOS="882" VPOS="554" WIDTH="22" HEIGHT="13" WC="0.96" CONTENT="för"/><SP WIDTH="8" VPOS="554" HPOS="904"/>
							<String ID="string_373" HPOS="912" VPOS="554" WIDTH="15" HEIGHT="13" WC="0.93" CONTENT="år"/><SP WIDTH="7" VPOS="554" HPOS="927"/>
							<String ID="string_374" HPOS="934" VPOS="554" WIDTH="32" HEIGHT="13" WC="0.93" CONTENT="räk-"/>
						</TextLine>
						<TextLine ID="line_80" HPOS="516" VPOS="573" WIDTH="257" HEIGHT="16">
							<String ID="string_375" HPOS="516" VPOS="574" WIDTH="31" HEIGHT="15" WC="0.96" CONTENT="nat,"/><SP WIDTH="9" VPOS="574" HPOS="547"/>
							<String ID="string_376" HPOS="556" VPOS="573" WIDTH="33" HEIGHT="13" WC="0.93" CONTENT="med"/><SP WIDTH="9" VPOS="573" HPOS="589"/>
							<String ID="string_377" HPOS="598" VPOS="573" WIDTH="110" HEIGHT="13" WC="0.91" CONTENT="nedannämnda"/><SP WIDTH="8" VPOS="573" HPOS="708"/>
							<String ID="string_378" HPOS="716" VPOS="573" WIDTH="57" HEIGHT="16" WC="0.96" CONTENT="belopp:"/>
						</TextLine>
					</TextBlock>
				</ComposedBlock>
				<ComposedBlock ID="cblock_14" HPOS="516" VPOS="596" WIDTH="259" HEIGHT="34">
					<TextBlock ID="block_42" HPOS="516" VPOS="596" WIDTH="259" HEIGHT="34">
						<TextLine ID="line_81" HPOS="516" VPOS="596" WIDTH="248" HEIGHT="17">
							<String ID="string_379" HPOS="516" VPOS="597" WIDTH="105" HEIGHT="13" WC="0.96" CONTENT="verkställande"/><SP WIDTH="8" VPOS="597" HPOS="621"/>
							<String ID="string_380" HPOS="629" VPOS="586" WIDTH="5" HEIGHT="33" WC="0.29" CONTENT="="/><SP WIDTH="8" VPOS="586" HPOS="634"/>
							<String ID="string_381" HPOS="642" VPOS="596" WIDTH="122" HEIGHT="17" WC="0.80" CONTENT="styrelseledamot"/>
						</TextLine>
						<TextLine ID="line_82" HPOS="534" VPOS="614" WIDTH="241" HEIGHT="16">
							<String ID="string_382" HPOS="534" VPOS="615" WIDTH="64" HEIGHT="12" WC="0.96" CONTENT="bankens"/><SP WIDTH="19" VPOS="615" HPOS="598"/>
							<String ID="string_383" HPOS="617" VPOS="614" WIDTH="136" HEIGHT="16" WC="0.92" CONTENT="avdelningskontor"/><SP WIDTH="17" VPOS="614" HPOS="753"/>
							<String ID="string_384" HPOS="770" VPOS="614" WIDTH="5" HEIGHT="13" WC="0.94" CONTENT="i"/>
						</TextLine>
					</TextBlock>
				</ComposedBlock>
				<ComposedBlock ID="cblock_15" HPOS="785" VPOS="596" WIDTH="82" HEIGHT="33">
					<TextBlock ID="block_43" HPOS="785" VPOS="596" WIDTH="82" HEIGHT="33">
						<TextLine ID="line_83" HPOS="785" VPOS="596" WIDTH="81" HEIGHT="13">
							<String ID="string_385" HPOS="785" VPOS="596" WIDTH="25" HEIGHT="12" WC="0.48" CONTENT="vid"/><SP WIDTH="21" VPOS="596" HPOS="810"/>
							<String ID="string_386" HPOS="831" VPOS="596" WIDTH="35" HEIGHT="13" WC="0.0" CONTENT=" riks-"/>
						</TextLine>
						<TextLine ID="line_84" HPOS="794" VPOS="614" WIDTH="73" HEIGHT="15">
							<String ID="string_387" HPOS="794" VPOS="614" WIDTH="73" HEIGHT="15" WC="0.96" CONTENT="Göteborg"/>
						</TextLine>
					</TextBlock>
				</ComposedBlock>
				<ComposedBlock ID="cblock_16" HPOS="516" VPOS="631" WIDTH="450" HEIGHT="53">
					<TextBlock ID="block_44" HPOS="516" VPOS="631" WIDTH="450" HEIGHT="53">
						<TextLine ID="line_85" HPOS="534" VPOS="631" WIDTH="432" HEIGHT="16">
							<String ID="string_388" HPOS="534" VPOS="632" WIDTH="33" HEIGHT="13" WC="0.82" CONTENT="eller"/><SP WIDTH="10" VPOS="632" HPOS="567"/>
							<String ID="string_389" HPOS="577" VPOS="632" WIDTH="52" HEIGHT="13" WC="0.87" CONTENT="Malmö:"/><SP WIDTH="9" VPOS="632" HPOS="629"/>
							<String ID="string_390" HPOS="638" VPOS="628" WIDTH="25" HEIGHT="26" WC="0.9" CONTENT="&gt;&lt;"/><SP WIDTH="16" VPOS="628" HPOS="663"/>
							<String ID="string_391" HPOS="679" VPOS="642" WIDTH="3" HEIGHT="3" WC="0.25" CONTENT="&gt;"/><SP WIDTH="15" VPOS="642" HPOS="682"/>
							<String ID="string_392" HPOS="697" VPOS="628" WIDTH="21" HEIGHT="26" WC="0.53" CONTENT="«oc"/><SP WIDTH="15" VPOS="628" HPOS="718"/>
							<String ID="string_393" HPOS="733" VPOS="642" WIDTH="21" HEIGHT="3" WC="0.8" CONTENT="od"/><SP WIDTH="15" VPOS="642" HPOS="754"/>
							<String ID="string_394" HPOS="769" VPOS="642" WIDTH="3" HEIGHT="3" WC="0.25" CONTENT="0"/><SP WIDTH="15" VPOS="642" HPOS="772"/>
							<String ID="string_395" HPOS="787" VPOS="642" WIDTH="39" HEIGHT="2" WC="0.0" CONTENT="KR"/><SP WIDTH="16" VPOS="642" HPOS="826"/>
							<String ID="string_396" HPOS="842" VPOS="641" WIDTH="21" HEIGHT="3" WC="0.33" CONTENT="RR"/><SP WIDTH="22" VPOS="641" HPOS="863"/>
							<String ID="string_397" HPOS="885" VPOS="634" WIDTH="49" HEIGHT="13" WC="0.91" CONTENT="15,000"/><SP WIDTH="10" VPOS="634" HPOS="934"/>
							<String ID="string_398" HPOS="944" VPOS="631" WIDTH="22" HEIGHT="13" WC="0.94" CONTENT="kr."/>
						</TextLine>
						<TextLine ID="line_86" HPOS="516" VPOS="649" WIDTH="350" HEIGHT="17">
							<String ID="string_399" HPOS="516" VPOS="650" WIDTH="105" HEIGHT="13" WC="0.96" CONTENT="verkställande"/><SP WIDTH="17" VPOS="650" HPOS="621"/>
							<String ID="string_400" HPOS="638" VPOS="650" WIDTH="123" HEIGHT="16" WC="0.89" CONTENT="styrelseledamot"/><SP WIDTH="17" VPOS="650" HPOS="761"/>
							<String ID="string_401" HPOS="778" VPOS="649" WIDTH="25" HEIGHT="13" WC="0.96" CONTENT="vid"/><SP WIDTH="18" VPOS="649" HPOS="803"/>
							<String ID="string_402" HPOS="821" VPOS="650" WIDTH="45" HEIGHT="12" WC="0.96" CONTENT="annat"/>
						</TextLine>
						<TextLine ID="line_87" HPOS="533" VPOS="668" WIDTH="425" HEIGHT="16">
							<String ID="string_403" HPOS="533" VPOS="668" WIDTH="94" HEIGHT="13" WC="0.95" CONTENT="riksbankens"/><SP WIDTH="11" VPOS="668" HPOS="627"/>
							<String ID="string_404" HPOS="638" VPOS="668" WIDTH="135" HEIGHT="16" WC="0.96" CONTENT="avdelningskontor"/><SP WIDTH="112" VPOS="668" HPOS="773"/>
							<String ID="string_405" HPOS="885" VPOS="671" WIDTH="50" HEIGHT="12" WC="0.91" CONTENT="12,000"/><SP WIDTH="18" VPOS="671" HPOS="935"/>
							<String ID="string_406" HPOS="953" VPOS="671" WIDTH="5" HEIGHT="8" WC="0.13" CONTENT="&gt;"/>
						</TextLine>
					</TextBlock>
				</ComposedBlock>
				<ComposedBlock ID="cblock_17" HPOS="516" VPOS="697" WIDTH="452" HEIGHT="786">
					<TextBlock ID="block_45" HPOS="516" VPOS="697" WIDTH="451" HEIGHT="70">
						<TextLine ID="line_88" HPOS="534" VPOS="697" WIDTH="433" HEIGHT="17">
							<String ID="string_407" HPOS="534" VPOS="698" WIDTH="28" HEIGHT="12" WC="0.93" CONTENT="För"/><SP WIDTH="9" VPOS="698" HPOS="562"/>
							<String ID="string_408" HPOS="571" VPOS="697" WIDTH="192" HEIGHT="17" WC="0.92" CONTENT="byråchefsbefattningarna"/><SP WIDTH="8" VPOS="697" HPOS="763"/>
							<String ID="string_409" HPOS="771" VPOS="697" WIDTH="25" HEIGHT="13" WC="0.93" CONTENT="vid"/><SP WIDTH="9" VPOS="697" HPOS="796"/>
							<String ID="string_410" HPOS="805" VPOS="697" WIDTH="61" HEIGHT="16" WC="0.92" CONTENT="justitie-"/><SP WIDTH="9" VPOS="697" HPOS="866"/>
							<String ID="string_411" HPOS="875" VPOS="697" WIDTH="27" HEIGHT="13" WC="0.93" CONTENT="och"/><SP WIDTH="8" VPOS="697" HPOS="902"/>
							<String ID="string_412" HPOS="910" VPOS="697" WIDTH="57" HEIGHT="12" WC="0.91" CONTENT="militie-"/>
						</TextLine>
						<TextLine ID="line_89" HPOS="516" VPOS="715" WIDTH="451" HEIGHT="17">
							<String ID="string_413" HPOS="516" VPOS="716" WIDTH="224" HEIGHT="16" WC="0.91" CONTENT="ombudsmansexpeditionerna,"/><SP WIDTH="9" VPOS="716" HPOS="740"/>
							<String ID="string_414" HPOS="749" VPOS="715" WIDTH="46" HEIGHT="13" WC="0.97" CONTENT="vilkas"/><SP WIDTH="9" VPOS="715" HPOS="795"/>
							<String ID="string_415" HPOS="804" VPOS="715" WIDTH="86" HEIGHT="13" WC="0.96" CONTENT="innehavare"/><SP WIDTH="9" VPOS="715" HPOS="890"/>
							<String ID="string_416" HPOS="899" VPOS="715" WIDTH="68" HEIGHT="13" WC="0.96" CONTENT="tillsättas"/>
						</TextLine>
						<TextLine ID="line_90" HPOS="517" VPOS="733" WIDTH="450" HEIGHT="17">
							<String ID="string_417" HPOS="517" VPOS="737" WIDTH="51" HEIGHT="13" WC="0.96" CONTENT="genom"/><SP WIDTH="6" VPOS="737" HPOS="568"/>
							<String ID="string_418" HPOS="574" VPOS="734" WIDTH="96" HEIGHT="13" WC="0.96" CONTENT="förordnande"/><SP WIDTH="8" VPOS="734" HPOS="670"/>
							<String ID="string_419" HPOS="678" VPOS="734" WIDTH="28" HEIGHT="12" WC="0.96" CONTENT="tills"/><SP WIDTH="7" VPOS="734" HPOS="706"/>
							<String ID="string_420" HPOS="713" VPOS="734" WIDTH="53" HEIGHT="15" WC="0.96" CONTENT="vidare,"/><SP WIDTH="8" VPOS="734" HPOS="766"/>
							<String ID="string_421" HPOS="774" VPOS="733" WIDTH="42" HEIGHT="16" WC="0.97" CONTENT="utgår"/><SP WIDTH="7" VPOS="733" HPOS="816"/>
							<String ID="string_422" HPOS="823" VPOS="733" WIDTH="53" HEIGHT="16" WC="0.96" CONTENT="arvode,"/><SP WIDTH="7" VPOS="733" HPOS="876"/>
							<String ID="string_423" HPOS="883" VPOS="733" WIDTH="22" HEIGHT="13" WC="0.96" CONTENT="för"/><SP WIDTH="8" VPOS="733" HPOS="905"/>
							<String ID="string_424" HPOS="913" VPOS="733" WIDTH="15" HEIGHT="12" WC="0.91" CONTENT="år"/><SP WIDTH="7" VPOS="733" HPOS="928"/>
							<String ID="string_425" HPOS="935" VPOS="733" WIDTH="32" HEIGHT="13" WC="0.93" CONTENT="räk-"/>
						</TextLine>
						<TextLine ID="line_91" HPOS="516" VPOS="751" WIDTH="451" HEIGHT="16">
							<String ID="string_426" HPOS="516" VPOS="753" WIDTH="30" HEIGHT="14" WC="0.96" CONTENT="nat,"/><SP WIDTH="10" VPOS="753" HPOS="546"/>
							<String ID="string_427" HPOS="556" VPOS="752" WIDTH="33" HEIGHT="12" WC="0.95" CONTENT="med"/><SP WIDTH="9" VPOS="752" HPOS="589"/>
							<String ID="string_428" HPOS="598" VPOS="752" WIDTH="37" HEIGHT="15" WC="0.93" CONTENT="lägst"/><SP WIDTH="9" VPOS="752" HPOS="635"/>
							<String ID="string_429" HPOS="644" VPOS="755" WIDTH="49" HEIGHT="12" WC="0.92" CONTENT="10,500"/><SP WIDTH="9" VPOS="755" HPOS="693"/>
							<String ID="string_430" HPOS="702" VPOS="752" WIDTH="53" HEIGHT="12" WC="0.96" CONTENT="kronor"/><SP WIDTH="9" VPOS="752" HPOS="755"/>
							<String ID="string_431" HPOS="764" VPOS="752" WIDTH="26" HEIGHT="12" WC="0.96" CONTENT="och"/><SP WIDTH="10" VPOS="752" HPOS="790"/>
							<String ID="string_432" HPOS="800" VPOS="752" WIDTH="41" HEIGHT="15" WC="0.93" CONTENT="högst"/><SP WIDTH="11" VPOS="752" HPOS="841"/>
							<String ID="string_433" HPOS="852" VPOS="755" WIDTH="49" HEIGHT="12" WC="0.92" CONTENT="11,940"/><SP WIDTH="9" VPOS="755" HPOS="901"/>
							<String ID="string_434" HPOS="910" VPOS="751" WIDTH="57" HEIGHT="13" WC="0.95" CONTENT="kronor."/>
						</TextLine>
					</TextBlock>
					<TextBlock ID="block_46" HPOS="516" VPOS="769" WIDTH="451" HEIGHT="35">
						<TextLine ID="line_92" HPOS="534" VPOS="769" WIDTH="433" HEIGHT="17">
							<String ID="string_435" HPOS="534" VPOS="770" WIDTH="98" HEIGHT="16" WC="0.96" CONTENT="Tjänstemän,"/><SP WIDTH="9" VPOS="770" HPOS="632"/>
							<String ID="string_436" HPOS="641" VPOS="774" WIDTH="31" HEIGHT="9" WC="0.96" CONTENT="som"/><SP WIDTH="9" VPOS="774" HPOS="672"/>
							<String ID="string_437" HPOS="681" VPOS="770" WIDTH="67" HEIGHT="13" WC="0.96" CONTENT="tillsättas"/><SP WIDTH="8" VPOS="770" HPOS="748"/>
							<String ID="string_438" HPOS="756" VPOS="773" WIDTH="51" HEIGHT="12" WC="0.96" CONTENT="genom"/><SP WIDTH="8" VPOS="773" HPOS="807"/>
							<String ID="string_439" HPOS="815" VPOS="769" WIDTH="68" HEIGHT="13" WC="0.96" CONTENT="fullmakt"/><SP WIDTH="8" VPOS="769" HPOS="883"/>
							<String ID="string_440" HPOS="891" VPOS="769" WIDTH="33" HEIGHT="13" WC="0.93" CONTENT="eller"/><SP WIDTH="8" VPOS="769" HPOS="924"/>
							<String ID="string_441" HPOS="932" VPOS="769" WIDTH="35" HEIGHT="13" WC="0.93" CONTENT="kon-"/>
						</TextLine>
						<TextLine ID="line_93" HPOS="516" VPOS="787" WIDTH="355" HEIGHT="17">
							<String ID="string_442" HPOS="516" VPOS="788" WIDTH="84" HEIGHT="16" WC="0.70" CONTENT="stitutorial,"/><SP WIDTH="10" VPOS="788" HPOS="600"/>
							<String ID="string_443" HPOS="610" VPOS="789" WIDTH="25" HEIGHT="12" WC="0.97" CONTENT="äro"/><SP WIDTH="10" VPOS="789" HPOS="635"/>
							<String ID="string_444" HPOS="645" VPOS="788" WIDTH="72" HEIGHT="13" WC="0.96" CONTENT="fördelade"/><SP WIDTH="10" VPOS="788" HPOS="717"/>
							<String ID="string_445" HPOS="727" VPOS="788" WIDTH="19" HEIGHT="16" WC="0.96" CONTENT="på"/><SP WIDTH="11" VPOS="788" HPOS="746"/>
							<String ID="string_446" HPOS="757" VPOS="791" WIDTH="16" HEIGHT="12" WC="0.93" CONTENT="30"/><SP WIDTH="10" VPOS="791" HPOS="773"/>
							<String ID="string_447" HPOS="783" VPOS="787" WIDTH="88" HEIGHT="16" WC="0.92" CONTENT="lönegrader."/>
						</TextLine>
					</TextBlock>
					<TextBlock ID="block_47" HPOS="516" VPOS="805" WIDTH="450" HEIGHT="35">
						<TextLine ID="line_94" HPOS="535" VPOS="805" WIDTH="431" HEIGHT="17">
							<String ID="string_448" HPOS="535" VPOS="806" WIDTH="6" HEIGHT="12" WC="0.93" CONTENT="I"/><SP WIDTH="13" VPOS="806" HPOS="541"/>
							<String ID="string_449" HPOS="554" VPOS="806" WIDTH="115" HEIGHT="13" WC="0.91" CONTENT="statskalendern"/><SP WIDTH="13" VPOS="806" HPOS="669"/>
							<String ID="string_450" HPOS="682" VPOS="807" WIDTH="24" HEIGHT="11" WC="0.96" CONTENT="äro"/><SP WIDTH="13" VPOS="807" HPOS="706"/>
							<String ID="string_451" HPOS="719" VPOS="807" WIDTH="74" HEIGHT="15" WC="0.96" CONTENT="upptagna"/><SP WIDTH="13" VPOS="807" HPOS="793"/>
							<String ID="string_452" HPOS="806" VPOS="805" WIDTH="116" HEIGHT="16" WC="0.96" CONTENT="tjänstemännen"/><SP WIDTH="13" VPOS="805" HPOS="922"/>
							<String ID="string_453" HPOS="935" VPOS="805" WIDTH="31" HEIGHT="13" WC="0.96" CONTENT="från"/>
						</TextLine>
						<TextLine ID="line_95" HPOS="516" VPOS="824" WIDTH="219" HEIGHT="16">
							<String ID="string_454" HPOS="516" VPOS="824" WIDTH="27" HEIGHT="13" WC="0.96" CONTENT="och"/><SP WIDTH="10" VPOS="824" HPOS="543"/>
							<String ID="string_455" HPOS="553" VPOS="824" WIDTH="33" HEIGHT="13" WC="0.93" CONTENT="med"/><SP WIDTH="10" VPOS="824" HPOS="586"/>
							<String ID="string_456" HPOS="596" VPOS="824" WIDTH="40" HEIGHT="13" WC="0.91" CONTENT="16:de"/><SP WIDTH="9" VPOS="824" HPOS="636"/>
							<String ID="string_457" HPOS="645" VPOS="824" WIDTH="90" HEIGHT="16" WC="0.39" CONTENT="lönegraden."/>
						</TextLine>
					</TextBlock>
					<TextBlock ID="block_48" HPOS="534" VPOS="841" WIDTH="318" HEIGHT="17">
						<TextLine ID="line_96" HPOS="534" VPOS="841" WIDTH="318" HEIGHT="17">
							<String ID="string_458" HPOS="534" VPOS="842" WIDTH="28" HEIGHT="12" WC="0.95" CONTENT="Till"/><SP WIDTH="7" VPOS="842" HPOS="562"/>
							<String ID="string_459" HPOS="569" VPOS="842" WIDTH="17" HEIGHT="13" WC="0.96" CONTENT="de"/><SP WIDTH="8" VPOS="842" HPOS="586"/>
							<String ID="string_460" HPOS="594" VPOS="842" WIDTH="69" HEIGHT="13" WC="0.93" CONTENT="särskilda"/><SP WIDTH="8" VPOS="842" HPOS="663"/>
							<String ID="string_461" HPOS="671" VPOS="842" WIDTH="102" HEIGHT="16" WC="0.89" CONTENT="lönegraderna"/><SP WIDTH="7" VPOS="842" HPOS="773"/>
							<String ID="string_462" HPOS="780" VPOS="841" WIDTH="72" HEIGHT="13" WC="0.96" CONTENT="hänföras:"/>
						</TextLine>
					</TextBlock>
					<TextBlock ID="block_49" HPOS="516" VPOS="859" WIDTH="452" HEIGHT="299">
						<TextLine ID="line_97" HPOS="534" VPOS="859" WIDTH="434" HEIGHT="16">
							<String ID="string_463" HPOS="534" VPOS="860" WIDTH="28" HEIGHT="13" WC="0.96" CONTENT="Vid"/><SP WIDTH="10" VPOS="860" HPOS="562"/>
							<String ID="string_464" HPOS="572" VPOS="860" WIDTH="86" HEIGHT="13" WC="0.93" CONTENT="riksbanken:"/><SP WIDTH="11" VPOS="860" HPOS="658"/>
							<String ID="string_465" HPOS="669" VPOS="860" WIDTH="40" HEIGHT="13" WC="0.91" CONTENT="16:de"/><SP WIDTH="9" VPOS="860" HPOS="709"/>
							<String ID="string_466" HPOS="718" VPOS="860" WIDTH="90" HEIGHT="15" WC="0.92" CONTENT="lönegraden:"/><SP WIDTH="10" VPOS="860" HPOS="808"/>
							<String ID="string_467" HPOS="818" VPOS="863" WIDTH="39" HEIGHT="9" WC="0.93" CONTENT="vissa"/><SP WIDTH="9" VPOS="863" HPOS="857"/>
							<String ID="string_468" HPOS="866" VPOS="859" WIDTH="102" HEIGHT="13" WC="0.91" CONTENT="kammarskri-"/>
						</TextLine>
						<TextLine ID="line_98" HPOS="517" VPOS="877" WIDTH="450" HEIGHT="16">
							<String ID="string_469" HPOS="517" VPOS="881" WIDTH="38" HEIGHT="12" WC="0.93" CONTENT="vare;"/><SP WIDTH="10" VPOS="881" HPOS="555"/>
							<String ID="string_470" HPOS="565" VPOS="878" WIDTH="44" HEIGHT="15" WC="0.89" CONTENT="17:de:"/><SP WIDTH="10" VPOS="878" HPOS="609"/>
							<String ID="string_471" HPOS="619" VPOS="878" WIDTH="60" HEIGHT="13" WC="0.96" CONTENT="kanslist"/><SP WIDTH="8" VPOS="878" HPOS="679"/>
							<String ID="string_472" HPOS="687" VPOS="878" WIDTH="27" HEIGHT="12" WC="0.97" CONTENT="och"/><SP WIDTH="9" VPOS="878" HPOS="714"/>
							<String ID="string_473" HPOS="723" VPOS="878" WIDTH="38" HEIGHT="12" WC="0.93" CONTENT="vissa"/><SP WIDTH="9" VPOS="878" HPOS="761"/>
							<String ID="string_474" HPOS="770" VPOS="877" WIDTH="129" HEIGHT="13" WC="0.92" CONTENT="kammarskrivare"/><SP WIDTH="9" VPOS="877" HPOS="899"/>
							<String ID="string_475" HPOS="908" VPOS="877" WIDTH="25" HEIGHT="12" WC="0.93" CONTENT="vid"/><SP WIDTH="8" VPOS="877" HPOS="933"/>
							<String ID="string_476" HPOS="941" VPOS="877" WIDTH="26" HEIGHT="12" WC="0.90" CONTENT="hu-"/>
						</TextLine>
						<TextLine ID="line_99" HPOS="516" VPOS="895" WIDTH="450" HEIGHT="16">
							<String ID="string_477" HPOS="516" VPOS="896" WIDTH="98" HEIGHT="13" WC="0.83" CONTENT="vudkontoret"/><SP WIDTH="10" VPOS="896" HPOS="614"/>
							<String ID="string_478" HPOS="624" VPOS="897" WIDTH="38" HEIGHT="11" WC="0.96" CONTENT="samt"/><SP WIDTH="10" VPOS="897" HPOS="662"/>
							<String ID="string_479" HPOS="672" VPOS="896" WIDTH="5" HEIGHT="12" WC="0.96" CONTENT="i"/><SP WIDTH="10" VPOS="896" HPOS="677"/>
							<String ID="string_480" HPOS="687" VPOS="896" WIDTH="72" HEIGHT="15" WC="0.96" CONTENT="Göteborg"/><SP WIDTH="10" VPOS="896" HPOS="759"/>
							<String ID="string_481" HPOS="769" VPOS="896" WIDTH="26" HEIGHT="12" WC="0.96" CONTENT="och"/><SP WIDTH="12" VPOS="896" HPOS="795"/>
							<String ID="string_482" HPOS="807" VPOS="895" WIDTH="56" HEIGHT="15" WC="0.93" CONTENT="Malmö;"/><SP WIDTH="31" VPOS="895" HPOS="863"/>
							<String ID="string_483" HPOS="894" VPOS="899" WIDTH="26" HEIGHT="8" WC="0.87" CONTENT="18:de:"/><SP WIDTH="11" VPOS="899" HPOS="920"/>
							<String ID="string_484" HPOS="931" VPOS="895" WIDTH="35" HEIGHT="15" WC="0.92" CONTENT="regi-"/>
						</TextLine>
						<TextLine ID="line_100" HPOS="516" VPOS="913" WIDTH="451" HEIGHT="16">
							<String ID="string_485" HPOS="516" VPOS="915" WIDTH="69" HEIGHT="11" WC="0.93" CONTENT="stratorer"/><SP WIDTH="20" VPOS="915" HPOS="585"/>
							<String ID="string_486" HPOS="605" VPOS="914" WIDTH="25" HEIGHT="12" WC="0.88" CONTENT="vid"/><SP WIDTH="13" VPOS="914" HPOS="630"/>
							<String ID="string_487" HPOS="643" VPOS="913" WIDTH="153" HEIGHT="16" WC="0.92" CONTENT="avdelningskontoren"/><SP WIDTH="13" VPOS="913" HPOS="796"/>
							<String ID="string_488" HPOS="809" VPOS="914" WIDTH="41" HEIGHT="12" WC="0.96" CONTENT="utom"/><SP WIDTH="9" VPOS="914" HPOS="850"/>
							<String ID="string_489" HPOS="859" VPOS="913" WIDTH="73" HEIGHT="15" WC="0.96" CONTENT="Göteborg"/><SP WIDTH="9" VPOS="913" HPOS="932"/>
							<String ID="string_490" HPOS="941" VPOS="913" WIDTH="26" HEIGHT="12" WC="0.96" CONTENT="och"/>
						</TextLine>
						<TextLine ID="line_101" HPOS="517" VPOS="930" WIDTH="450" HEIGHT="17">
							<String ID="string_491" HPOS="517" VPOS="931" WIDTH="57" HEIGHT="16" WC="0.92" CONTENT="Malmö;"/><SP WIDTH="13" VPOS="931" HPOS="574"/>
							<String ID="string_492" HPOS="587" VPOS="932" WIDTH="45" HEIGHT="12" WC="0.92" CONTENT="20:de:"/><SP WIDTH="13" VPOS="932" HPOS="632"/>
							<String ID="string_493" HPOS="645" VPOS="932" WIDTH="64" HEIGHT="12" WC="0.92" CONTENT="kassörer"/><SP WIDTH="12" VPOS="932" HPOS="709"/>
							<String ID="string_494" HPOS="721" VPOS="932" WIDTH="25" HEIGHT="12" WC="0.96" CONTENT="vid"/><SP WIDTH="12" VPOS="932" HPOS="746"/>
							<String ID="string_495" HPOS="758" VPOS="935" WIDTH="55" HEIGHT="9" WC="0.95" CONTENT="samma"/><SP WIDTH="12" VPOS="935" HPOS="813"/>
							<String ID="string_496" HPOS="825" VPOS="930" WIDTH="142" HEIGHT="16" WC="0.95" CONTENT="avdelningskontor;"/>
						</TextLine>
						<TextLine ID="line_102" HPOS="517" VPOS="949" WIDTH="451" HEIGHT="16">
							<String ID="string_497" HPOS="517" VPOS="950" WIDTH="53" HEIGHT="12" WC="0.91" CONTENT="22:dra:"/><SP WIDTH="11" VPOS="950" HPOS="570"/>
							<String ID="string_498" HPOS="581" VPOS="949" WIDTH="69" HEIGHT="16" WC="0.80" CONTENT="aktuarie,"/><SP WIDTH="11" VPOS="949" HPOS="650"/>
							<String ID="string_499" HPOS="661" VPOS="949" WIDTH="92" HEIGHT="16" WC="0.96" CONTENT="kontrollant,"/><SP WIDTH="11" VPOS="949" HPOS="753"/>
							<String ID="string_500" HPOS="764" VPOS="949" WIDTH="74" HEIGHT="15" WC="0.96" CONTENT="arkivarie,"/><SP WIDTH="11" VPOS="949" HPOS="838"/>
							<String ID="string_501" HPOS="849" VPOS="949" WIDTH="87" HEIGHT="15" WC="0.93" CONTENT="registrator,"/><SP WIDTH="10" VPOS="949" HPOS="936"/>
							<String ID="string_502" HPOS="946" VPOS="952" WIDTH="22" HEIGHT="9" WC="0.89" CONTENT="re-"/>
						</TextLine>
						<TextLine ID="line_103" HPOS="517" VPOS="966" WIDTH="450" HEIGHT="16">
							<String ID="string_503" HPOS="517" VPOS="967" WIDTH="43" HEIGHT="15" WC="0.95" CONTENT="visor,"/><SP WIDTH="8" VPOS="967" HPOS="560"/>
							<String ID="string_504" HPOS="568" VPOS="967" WIDTH="54" HEIGHT="15" WC="0.96" CONTENT="kassör,"/><SP WIDTH="8" VPOS="967" HPOS="622"/>
							<String ID="string_505" HPOS="630" VPOS="967" WIDTH="98" HEIGHT="13" WC="0.96" CONTENT="föreståndare"/><SP WIDTH="8" VPOS="967" HPOS="728"/>
							<String ID="string_506" HPOS="736" VPOS="967" WIDTH="21" HEIGHT="12" WC="0.93" CONTENT="för"/><SP WIDTH="8" VPOS="967" HPOS="757"/>
							<String ID="string_507" HPOS="765" VPOS="967" WIDTH="112" HEIGHT="15" WC="0.91" CONTENT="sedelräknings-"/><SP WIDTH="8" VPOS="967" HPOS="877"/>
							<String ID="string_508" HPOS="885" VPOS="966" WIDTH="26" HEIGHT="13" WC="0.93" CONTENT="och"/><SP WIDTH="8" VPOS="966" HPOS="911"/>
							<String ID="string_509" HPOS="919" VPOS="967" WIDTH="48" HEIGHT="14" WC="0.92" CONTENT="mynt-"/>
						</TextLine>
						<TextLine ID="line_104" HPOS="516" VPOS="984" WIDTH="452" HEIGHT="16">
							<String ID="string_510" HPOS="516" VPOS="985" WIDTH="184" HEIGHT="15" WC="0.90" CONTENT="räkningsavdelningarna,"/><SP WIDTH="13" VPOS="985" HPOS="700"/>
							<String ID="string_511" HPOS="713" VPOS="984" WIDTH="112" HEIGHT="16" WC="0.96" CONTENT="korrespondent"/><SP WIDTH="11" VPOS="984" HPOS="825"/>
							<String ID="string_512" HPOS="836" VPOS="985" WIDTH="38" HEIGHT="11" WC="0.96" CONTENT="samt"/><SP WIDTH="11" VPOS="985" HPOS="874"/>
							<String ID="string_513" HPOS="885" VPOS="984" WIDTH="83" HEIGHT="12" WC="0.96" CONTENT="bokhållare"/>
						</TextLine>
						<TextLine ID="line_105" HPOS="517" VPOS="1001" WIDTH="451" HEIGHT="16">
							<String ID="string_514" HPOS="517" VPOS="1002" WIDTH="24" HEIGHT="13" WC="0.96" CONTENT="vid"/><SP WIDTH="8" VPOS="1002" HPOS="541"/>
							<String ID="string_515" HPOS="549" VPOS="1002" WIDTH="118" HEIGHT="13" WC="0.95" CONTENT="huvudkontoret"/><SP WIDTH="8" VPOS="1002" HPOS="667"/>
							<String ID="string_516" HPOS="675" VPOS="1003" WIDTH="68" HEIGHT="12" WC="0.96" CONTENT="ävensom"/><SP WIDTH="8" VPOS="1003" HPOS="743"/>
							<String ID="string_517" HPOS="751" VPOS="1002" WIDTH="57" HEIGHT="15" WC="0.96" CONTENT="revisor,"/><SP WIDTH="9" VPOS="1002" HPOS="808"/>
							<String ID="string_518" HPOS="817" VPOS="1002" WIDTH="88" HEIGHT="15" WC="0.92" CONTENT="registrator,"/><SP WIDTH="8" VPOS="1002" HPOS="905"/>
							<String ID="string_519" HPOS="913" VPOS="1001" WIDTH="55" HEIGHT="13" WC="0.91" CONTENT="korres-"/>
						</TextLine>
						<TextLine ID="line_106" HPOS="517" VPOS="1019" WIDTH="450" HEIGHT="17">
							<String ID="string_520" HPOS="517" VPOS="1020" WIDTH="68" HEIGHT="16" WC="0.90" CONTENT="pondent,"/><SP WIDTH="11" VPOS="1020" HPOS="585"/>
							<String ID="string_521" HPOS="596" VPOS="1020" WIDTH="48" HEIGHT="13" WC="0.96" CONTENT="kassör"/><SP WIDTH="10" VPOS="1020" HPOS="644"/>
							<String ID="string_522" HPOS="654" VPOS="1020" WIDTH="26" HEIGHT="13" WC="0.96" CONTENT="och"/><SP WIDTH="10" VPOS="1020" HPOS="680"/>
							<String ID="string_523" HPOS="690" VPOS="1020" WIDTH="82" HEIGHT="13" WC="0.96" CONTENT="bokhållare"/><SP WIDTH="9" VPOS="1020" HPOS="772"/>
							<String ID="string_524" HPOS="781" VPOS="1019" WIDTH="5" HEIGHT="13" WC="0.96" CONTENT="i"/><SP WIDTH="9" VPOS="1019" HPOS="786"/>
							<String ID="string_525" HPOS="795" VPOS="1019" WIDTH="73" HEIGHT="16" WC="0.96" CONTENT="Göteborg"/><SP WIDTH="9" VPOS="1019" HPOS="868"/>
							<String ID="string_526" HPOS="877" VPOS="1019" WIDTH="27" HEIGHT="13" WC="0.96" CONTENT="och"/><SP WIDTH="10" VPOS="1019" HPOS="904"/>
							<String ID="string_527" HPOS="914" VPOS="1019" WIDTH="53" HEIGHT="13" WC="0.96" CONTENT="Malmö"/>
						</TextLine>
						<TextLine ID="line_107" HPOS="517" VPOS="1037" WIDTH="450" HEIGHT="16">
							<String ID="string_528" HPOS="517" VPOS="1039" WIDTH="38" HEIGHT="12" WC="0.93" CONTENT="samt"/><SP WIDTH="17" VPOS="1039" HPOS="555"/>
							<String ID="string_529" HPOS="572" VPOS="1038" WIDTH="80" HEIGHT="13" WC="0.92" CONTENT="kamrerare"/><SP WIDTH="16" VPOS="1038" HPOS="652"/>
							<String ID="string_530" HPOS="668" VPOS="1038" WIDTH="25" HEIGHT="13" WC="0.96" CONTENT="vid"/><SP WIDTH="16" VPOS="1038" HPOS="693"/>
							<String ID="string_531" HPOS="709" VPOS="1038" WIDTH="38" HEIGHT="13" WC="0.96" CONTENT="vissa"/><SP WIDTH="17" VPOS="1038" HPOS="747"/>
							<String ID="string_532" HPOS="764" VPOS="1037" WIDTH="141" HEIGHT="16" WC="0.93" CONTENT="avdelningskontor;"/><SP WIDTH="17" VPOS="1037" HPOS="905"/>
							<String ID="string_533" HPOS="922" VPOS="1037" WIDTH="45" HEIGHT="16" WC="0.91" CONTENT="24:de:"/>
						</TextLine>
						<TextLine ID="line_108" HPOS="517" VPOS="1055" WIDTH="451" HEIGHT="14">
							<String ID="string_534" HPOS="517" VPOS="1056" WIDTH="38" HEIGHT="13" WC="0.93" CONTENT="vissa"/><SP WIDTH="8" VPOS="1056" HPOS="555"/>
							<String ID="string_535" HPOS="563" VPOS="1056" WIDTH="80" HEIGHT="13" WC="0.91" CONTENT="kamrerare"/><SP WIDTH="8" VPOS="1056" HPOS="643"/>
							<String ID="string_536" HPOS="651" VPOS="1056" WIDTH="25" HEIGHT="13" WC="0.96" CONTENT="vid"/><SP WIDTH="7" VPOS="1056" HPOS="676"/>
							<String ID="string_537" HPOS="683" VPOS="1056" WIDTH="118" HEIGHT="12" WC="0.96" CONTENT="huvudkontoret"/><SP WIDTH="8" VPOS="1056" HPOS="801"/>
							<String ID="string_538" HPOS="809" VPOS="1056" WIDTH="38" HEIGHT="12" WC="0.93" CONTENT="samt"/><SP WIDTH="8" VPOS="1056" HPOS="847"/>
							<String ID="string_539" HPOS="855" VPOS="1055" WIDTH="80" HEIGHT="13" WC="0.92" CONTENT="kamrerare"/><SP WIDTH="8" VPOS="1055" HPOS="935"/>
							<String ID="string_540" HPOS="943" VPOS="1055" WIDTH="25" HEIGHT="12" WC="0.96" CONTENT="vid"/>
						</TextLine>
						<TextLine ID="line_109" HPOS="517" VPOS="1072" WIDTH="451" HEIGHT="17">
							<String ID="string_541" HPOS="517" VPOS="1074" WIDTH="38" HEIGHT="12" WC="0.95" CONTENT="vissa"/><SP WIDTH="15" VPOS="1074" HPOS="555"/>
							<String ID="string_542" HPOS="570" VPOS="1074" WIDTH="140" HEIGHT="15" WC="0.93" CONTENT="avdelningskontor;"/><SP WIDTH="15" VPOS="1074" HPOS="710"/>
							<String ID="string_543" HPOS="725" VPOS="1074" WIDTH="42" HEIGHT="12" WC="0.92" CONTENT="26:te:"/><SP WIDTH="15" VPOS="1074" HPOS="767"/>
							<String ID="string_544" HPOS="782" VPOS="1073" WIDTH="91" HEIGHT="15" WC="0.96" CONTENT="sekreterare,"/><SP WIDTH="15" VPOS="1073" HPOS="873"/>
							<String ID="string_545" HPOS="888" VPOS="1072" WIDTH="80" HEIGHT="13" WC="0.96" CONTENT="statistiker"/>
						</TextLine>
						<TextLine ID="line_110" HPOS="517" VPOS="1090" WIDTH="450" HEIGHT="14">
							<String ID="string_546" HPOS="517" VPOS="1092" WIDTH="26" HEIGHT="12" WC="0.96" CONTENT="och"/><SP WIDTH="12" VPOS="1092" HPOS="543"/>
							<String ID="string_547" HPOS="555" VPOS="1091" WIDTH="37" HEIGHT="13" WC="0.93" CONTENT="vissa"/><SP WIDTH="11" VPOS="1091" HPOS="592"/>
							<String ID="string_548" HPOS="603" VPOS="1092" WIDTH="81" HEIGHT="12" WC="0.91" CONTENT="kamrerare"/><SP WIDTH="11" VPOS="1092" HPOS="684"/>
							<String ID="string_549" HPOS="695" VPOS="1091" WIDTH="25" HEIGHT="13" WC="0.96" CONTENT="vid"/><SP WIDTH="11" VPOS="1091" HPOS="720"/>
							<String ID="string_550" HPOS="731" VPOS="1091" WIDTH="117" HEIGHT="13" WC="0.96" CONTENT="huvudkontoret"/><SP WIDTH="11" VPOS="1091" HPOS="848"/>
							<String ID="string_551" HPOS="859" VPOS="1092" WIDTH="38" HEIGHT="11" WC="0.93" CONTENT="samt"/><SP WIDTH="14" VPOS="1092" HPOS="897"/>
							<String ID="string_552" HPOS="911" VPOS="1090" WIDTH="56" HEIGHT="13" WC="0.92" CONTENT="kamre-"/>
						</TextLine>
						<TextLine ID="line_111" HPOS="516" VPOS="1108" WIDTH="452" HEIGHT="17">
							<String ID="string_553" HPOS="516" VPOS="1113" WIDTH="32" HEIGHT="9" WC="0.96" CONTENT="rare"/><SP WIDTH="13" VPOS="1113" HPOS="548"/>
							<String ID="string_554" HPOS="561" VPOS="1110" WIDTH="5" HEIGHT="12" WC="0.96" CONTENT="i"/><SP WIDTH="12" VPOS="1110" HPOS="566"/>
							<String ID="string_555" HPOS="578" VPOS="1109" WIDTH="73" HEIGHT="16" WC="0.96" CONTENT="Göteborg"/><SP WIDTH="12" VPOS="1109" HPOS="651"/>
							<String ID="string_556" HPOS="663" VPOS="1109" WIDTH="26" HEIGHT="13" WC="0.96" CONTENT="och"/><SP WIDTH="14" VPOS="1109" HPOS="689"/>
							<String ID="string_557" HPOS="703" VPOS="1109" WIDTH="56" HEIGHT="15" WC="0.93" CONTENT="Malmö;"/><SP WIDTH="15" VPOS="1109" HPOS="759"/>
							<String ID="string_558" HPOS="774" VPOS="1109" WIDTH="44" HEIGHT="15" WC="0.89" CONTENT="30:de:"/><SP WIDTH="14" VPOS="1109" HPOS="818"/>
							<String ID="string_559" HPOS="832" VPOS="1108" WIDTH="136" HEIGHT="13" WC="0.92" CONTENT="bankosekreterare"/>
						</TextLine>
						<TextLine ID="line_112" HPOS="517" VPOS="1126" WIDTH="450" HEIGHT="14">
							<String ID="string_560" HPOS="517" VPOS="1127" WIDTH="27" HEIGHT="13" WC="0.96" CONTENT="och"/><SP WIDTH="12" VPOS="1127" HPOS="544"/>
							<String ID="string_561" HPOS="556" VPOS="1127" WIDTH="95" HEIGHT="13" WC="0.96" CONTENT="ombudsman"/><SP WIDTH="13" VPOS="1127" HPOS="651"/>
							<String ID="string_562" HPOS="664" VPOS="1128" WIDTH="38" HEIGHT="12" WC="0.93" CONTENT="samt"/><SP WIDTH="12" VPOS="1128" HPOS="702"/>
							<String ID="string_563" HPOS="714" VPOS="1126" WIDTH="147" HEIGHT="14" WC="0.92" CONTENT="bankokommissarie"/><SP WIDTH="12" VPOS="1126" HPOS="861"/>
							<String ID="string_564" HPOS="873" VPOS="1126" WIDTH="25" HEIGHT="13" WC="0.93" CONTENT="vid"/><SP WIDTH="12" VPOS="1126" HPOS="898"/>
							<String ID="string_565" HPOS="910" VPOS="1126" WIDTH="57" HEIGHT="13" WC="0.91" CONTENT="huvud-"/>
						</TextLine>
						<TextLine ID="line_113" HPOS="517" VPOS="1145" WIDTH="72" HEIGHT="13">
							<String ID="string_566" HPOS="517" VPOS="1145" WIDTH="72" HEIGHT="13" WC="0.95" CONTENT="kontoret."/>
						</TextLine>
					</TextBlock>
					<TextBlock ID="block_50" HPOS="517" VPOS="1161" WIDTH="451" HEIGHT="89">
						<TextLine ID="line_114" HPOS="535" VPOS="1161" WIDTH="432" HEIGHT="17">
							<String ID="string_567" HPOS="535" VPOS="1163" WIDTH="28" HEIGHT="13" WC="0.93" CONTENT="Vid"/><SP WIDTH="10" VPOS="1163" HPOS="563"/>
							<String ID="string_568" HPOS="573" VPOS="1162" WIDTH="131" HEIGHT="16" WC="0.92" CONTENT="riksgäldskontoret:"/><SP WIDTH="12" VPOS="1162" HPOS="704"/>
							<String ID="string_569" HPOS="716" VPOS="1163" WIDTH="40" HEIGHT="12" WC="0.91" CONTENT="16:de"/><SP WIDTH="10" VPOS="1163" HPOS="756"/>
							<String ID="string_570" HPOS="766" VPOS="1162" WIDTH="33" HEIGHT="13" WC="0.93" CONTENT="eller"/><SP WIDTH="11" VPOS="1162" HPOS="799"/>
							<String ID="string_571" HPOS="810" VPOS="1162" WIDTH="40" HEIGHT="15" WC="0.92" CONTENT="17:de"/><SP WIDTH="10" VPOS="1162" HPOS="850"/>
							<String ID="string_572" HPOS="860" VPOS="1161" WIDTH="107" HEIGHT="16" WC="0.91" CONTENT="lönegraderna:"/>
						</TextLine>
						<TextLine ID="line_115" HPOS="517" VPOS="1179" WIDTH="451" HEIGHT="17">
							<String ID="string_573" HPOS="517" VPOS="1181" WIDTH="133" HEIGHT="15" WC="0.92" CONTENT="kammarskrivare;"/><SP WIDTH="10" VPOS="1181" HPOS="650"/>
							<String ID="string_574" HPOS="660" VPOS="1181" WIDTH="48" HEIGHT="12" WC="0.91" CONTENT="22:dra:"/><SP WIDTH="14" VPOS="1181" HPOS="708"/>
							<String ID="string_575" HPOS="722" VPOS="1180" WIDTH="59" HEIGHT="16" WC="0.95" CONTENT="notarie,"/><SP WIDTH="9" VPOS="1180" HPOS="781"/>
							<String ID="string_576" HPOS="790" VPOS="1180" WIDTH="54" HEIGHT="16" WC="0.96" CONTENT="kassör,"/><SP WIDTH="9" VPOS="1180" HPOS="844"/>
							<String ID="string_577" HPOS="853" VPOS="1179" WIDTH="80" HEIGHT="14" WC="0.96" CONTENT="statistiker"/><SP WIDTH="8" VPOS="1179" HPOS="933"/>
							<String ID="string_578" HPOS="941" VPOS="1180" WIDTH="27" HEIGHT="12" WC="0.96" CONTENT="och"/>
						</TextLine>
						<TextLine ID="line_116" HPOS="517" VPOS="1198" WIDTH="451" HEIGHT="15">
							<String ID="string_579" HPOS="517" VPOS="1199" WIDTH="83" HEIGHT="12" WC="0.96" CONTENT="bokhållare"/><SP WIDTH="9" VPOS="1199" HPOS="600"/>
							<String ID="string_580" HPOS="609" VPOS="1200" WIDTH="38" HEIGHT="11" WC="0.96" CONTENT="samt"/><SP WIDTH="10" VPOS="1200" HPOS="647"/>
							<String ID="string_581" HPOS="657" VPOS="1199" WIDTH="59" HEIGHT="14" WC="0.93" CONTENT="revisor;"/><SP WIDTH="11" VPOS="1199" HPOS="716"/>
							<String ID="string_582" HPOS="727" VPOS="1202" WIDTH="41" HEIGHT="9" WC="0.91" CONTENT="26:te:"/><SP WIDTH="18" VPOS="1202" HPOS="768"/>
							<String ID="string_583" HPOS="786" VPOS="1198" WIDTH="80" HEIGHT="13" WC="0.96" CONTENT="sekreterare"/><SP WIDTH="10" VPOS="1198" HPOS="866"/>
							<String ID="string_584" HPOS="876" VPOS="1198" WIDTH="27" HEIGHT="12" WC="0.93" CONTENT="och"/><SP WIDTH="10" VPOS="1198" HPOS="903"/>
							<String ID="string_585" HPOS="913" VPOS="1198" WIDTH="55" HEIGHT="12" WC="0.92" CONTENT="kamre-"/>
						</TextLine>
						<TextLine ID="line_117" HPOS="517" VPOS="1215" WIDTH="451" HEIGHT="17">
							<String ID="string_586" HPOS="517" VPOS="1220" WIDTH="35" HEIGHT="12" WC="0.93" CONTENT="rare;"/><SP WIDTH="8" VPOS="1220" HPOS="552"/>
							<String ID="string_587" HPOS="560" VPOS="1217" WIDTH="44" HEIGHT="15" WC="0.92" CONTENT="27:de:"/><SP WIDTH="7" VPOS="1217" HPOS="604"/>
							<String ID="string_588" HPOS="611" VPOS="1217" WIDTH="44" HEIGHT="12" WC="0.95" CONTENT="förste"/><SP WIDTH="6" VPOS="1217" HPOS="655"/>
							<String ID="string_589" HPOS="661" VPOS="1217" WIDTH="73" HEIGHT="15" WC="0.93" CONTENT="revisor;"/><SP WIDTH="25" VPOS="1217" HPOS="734"/>
							<String ID="string_590" HPOS="759" VPOS="1220" WIDTH="8" HEIGHT="9" WC="0.90" CONTENT="30:de:"/><SP WIDTH="19" VPOS="1220" HPOS="767"/>
							<String ID="string_591" HPOS="786" VPOS="1216" WIDTH="149" HEIGHT="16" WC="0.91" CONTENT="riksgäldssekreterare"/><SP WIDTH="6" VPOS="1216" HPOS="935"/>
							<String ID="string_592" HPOS="941" VPOS="1215" WIDTH="27" HEIGHT="13" WC="0.96" CONTENT="och"/>
						</TextLine>
						<TextLine ID="line_118" HPOS="517" VPOS="1234" WIDTH="327" HEIGHT="16">
							<String ID="string_593" HPOS="517" VPOS="1235" WIDTH="94" HEIGHT="12" WC="0.95" CONTENT="ombudsman"/><SP WIDTH="12" VPOS="1235" HPOS="611"/>
							<String ID="string_594" HPOS="623" VPOS="1236" WIDTH="38" HEIGHT="11" WC="0.91" CONTENT="samt"/><SP WIDTH="11" VPOS="1236" HPOS="661"/>
							<String ID="string_595" HPOS="672" VPOS="1234" WIDTH="172" HEIGHT="16" WC="0.91" CONTENT="riksgäldskommissarie."/>
						</TextLine>
					</TextBlock>
					<TextBlock ID="block_51" HPOS="518" VPOS="1251" WIDTH="450" HEIGHT="35">
						<TextLine ID="line_119" HPOS="536" VPOS="1251" WIDTH="432" HEIGHT="17">
							<String ID="string_596" HPOS="536" VPOS="1252" WIDTH="27" HEIGHT="13" WC="0.93" CONTENT="Vid"/><SP WIDTH="11" VPOS="1252" HPOS="563"/>
							<String ID="string_597" HPOS="574" VPOS="1252" WIDTH="141" HEIGHT="16" WC="0.91" CONTENT="riksdagsbiblioteket:"/><SP WIDTH="12" VPOS="1252" HPOS="715"/>
							<String ID="string_598" HPOS="727" VPOS="1253" WIDTH="45" HEIGHT="12" WC="0.91" CONTENT="21:sta"/><SP WIDTH="11" VPOS="1253" HPOS="772"/>
							<String ID="string_599" HPOS="783" VPOS="1252" WIDTH="90" HEIGHT="15" WC="0.91" CONTENT="lönegraden:"/><SP WIDTH="12" VPOS="1252" HPOS="873"/>
							<String ID="string_600" HPOS="885" VPOS="1255" WIDTH="22" HEIGHT="9" WC="0.92" CONTENT="2:e"/><SP WIDTH="11" VPOS="1255" HPOS="907"/>
							<String ID="string_601" HPOS="918" VPOS="1251" WIDTH="50" HEIGHT="13" WC="0.93" CONTENT="biblio-"/>
						</TextLine>
						<TextLine ID="line_120" HPOS="518" VPOS="1269" WIDTH="450" HEIGHT="17">
							<String ID="string_602" HPOS="518" VPOS="1270" WIDTH="58" HEIGHT="16" WC="0.89" CONTENT="tekarie;"/><SP WIDTH="9" VPOS="1270" HPOS="576"/>
							<String ID="string_603" HPOS="585" VPOS="1271" WIDTH="41" HEIGHT="12" WC="0.89" CONTENT="26:te:"/><SP WIDTH="10" VPOS="1271" HPOS="626"/>
							<String ID="string_604" HPOS="636" VPOS="1274" WIDTH="20" HEIGHT="9" WC="0.92" CONTENT="1:e"/><SP WIDTH="8" VPOS="1274" HPOS="656"/>
							<String ID="string_605" HPOS="664" VPOS="1270" WIDTH="103" HEIGHT="15" WC="0.93" CONTENT="bibliotekarie;"/><SP WIDTH="10" VPOS="1270" HPOS="767"/>
							<String ID="string_606" HPOS="777" VPOS="1270" WIDTH="44" HEIGHT="15" WC="0.89" CONTENT="30:de:"/><SP WIDTH="9" VPOS="1270" HPOS="821"/>
							<String ID="string_607" HPOS="830" VPOS="1269" WIDTH="138" HEIGHT="13" WC="0.90" CONTENT="överbibliotekarie."/>
						</TextLine>
					</TextBlock>
					<TextBlock ID="block_52" HPOS="518" VPOS="1287" WIDTH="449" HEIGHT="32">
						<TextLine ID="line_121" HPOS="536" VPOS="1287" WIDTH="431" HEIGHT="17">
							<String ID="string_608" HPOS="536" VPOS="1288" WIDTH="27" HEIGHT="13" WC="0.93" CONTENT="Vid"/><SP WIDTH="11" VPOS="1288" HPOS="563"/>
							<String ID="string_609" HPOS="574" VPOS="1287" WIDTH="248" HEIGHT="17" WC="0.67" CONTENT="fjustitieombudsmansexpeditionen:"/><SP WIDTH="9" VPOS="1287" HPOS="822"/>
							<String ID="string_610" HPOS="831" VPOS="1288" WIDTH="38" HEIGHT="12" WC="0.92" CONTENT="26:te"/><SP WIDTH="8" VPOS="1288" HPOS="869"/>
							<String ID="string_611" HPOS="877" VPOS="1287" WIDTH="90" HEIGHT="15" WC="0.91" CONTENT="lönegraden:"/>
						</TextLine>
						<TextLine ID="line_122" HPOS="518" VPOS="1306" WIDTH="92" HEIGHT="13">
							<String ID="string_612" HPOS="518" VPOS="1306" WIDTH="92" HEIGHT="13" WC="0.96" CONTENT="sekreterare."/>
						</TextLine>
					</TextBlock>
					<TextBlock ID="block_53" HPOS="518" VPOS="1322" WIDTH="450" HEIGHT="33">
						<TextLine ID="line_123" HPOS="535" VPOS="1322" WIDTH="433" HEIGHT="17">
							<String ID="string_613" HPOS="535" VPOS="1324" WIDTH="28" HEIGHT="12" WC="0.91" CONTENT="Vid"/><SP WIDTH="11" VPOS="1324" HPOS="563"/>
							<String ID="string_614" HPOS="574" VPOS="1323" WIDTH="244" HEIGHT="16" WC="0.91" CONTENT="militieombudsmansexpeditionen:"/><SP WIDTH="11" VPOS="1323" HPOS="818"/>
							<String ID="string_615" HPOS="829" VPOS="1323" WIDTH="45" HEIGHT="16" WC="0.92" CONTENT="24:de:"/><SP WIDTH="11" VPOS="1323" HPOS="874"/>
							<String ID="string_616" HPOS="885" VPOS="1322" WIDTH="83" HEIGHT="16" WC="0.81" CONTENT="byråinten-"/>
						</TextLine>
						<TextLine ID="line_124" HPOS="518" VPOS="1342" WIDTH="39" HEIGHT="13">
							<String ID="string_617" HPOS="518" VPOS="1342" WIDTH="39" HEIGHT="13" WC="0.92" CONTENT="dent."/>
						</TextLine>
					</TextBlock>
					<TextBlock ID="block_54" HPOS="518" VPOS="1358" WIDTH="450" HEIGHT="125">
						<TextLine ID="line_125" HPOS="536" VPOS="1358" WIDTH="431" HEIGHT="18">
							<String ID="string_618" HPOS="536" VPOS="1360" WIDTH="22" HEIGHT="12" WC="0.96" CONTENT="Av"/><SP WIDTH="5" VPOS="1360" HPOS="558"/>
							<String ID="string_619" HPOS="563" VPOS="1360" WIDTH="18" HEIGHT="12" WC="0.96" CONTENT="de"/><SP WIDTH="5" VPOS="1360" HPOS="581"/>
							<String ID="string_620" HPOS="586" VPOS="1360" WIDTH="25" HEIGHT="12" WC="0.96" CONTENT="här"/><SP WIDTH="5" VPOS="1360" HPOS="611"/>
							<String ID="string_621" HPOS="616" VPOS="1360" WIDTH="74" HEIGHT="16" WC="0.92" CONTENT="upptagna"/><SP WIDTH="5" VPOS="1360" HPOS="690"/>
							<String ID="string_622" HPOS="695" VPOS="1359" WIDTH="101" HEIGHT="16" WC="0.92" CONTENT="lönegraderna"/><SP WIDTH="5" VPOS="1359" HPOS="796"/>
							<String ID="string_623" HPOS="801" VPOS="1358" WIDTH="62" HEIGHT="13" WC="0.96" CONTENT="omfatta"/><SP WIDTH="5" VPOS="1358" HPOS="863"/>
							<String ID="string_624" HPOS="868" VPOS="1358" WIDTH="40" HEIGHT="16" WC="0.93" CONTENT="grad."/><SP WIDTH="7" VPOS="1358" HPOS="908"/>
							<String ID="string_625" HPOS="915" VPOS="1359" WIDTH="52" HEIGHT="14" WC="0.89" CONTENT="16—19"/>
						</TextLine>
						<TextLine ID="line_126" HPOS="518" VPOS="1375" WIDTH="450" HEIGHT="18">
							<String ID="string_626" HPOS="518" VPOS="1377" WIDTH="28" HEIGHT="13" WC="0.96" CONTENT="fem"/><SP WIDTH="7" VPOS="1377" HPOS="546"/>
							<String ID="string_627" HPOS="553" VPOS="1378" WIDTH="26" HEIGHT="12" WC="0.96" CONTENT="och"/><SP WIDTH="7" VPOS="1378" HPOS="579"/>
							<String ID="string_628" HPOS="586" VPOS="1377" WIDTH="39" HEIGHT="16" WC="0.93" CONTENT="grad."/><SP WIDTH="7" VPOS="1377" HPOS="625"/>
							<String ID="string_629" HPOS="632" VPOS="1381" WIDTH="54" HEIGHT="12" WC="0.87" CONTENT="20—30"/><SP WIDTH="6" VPOS="1381" HPOS="686"/>
							<String ID="string_630" HPOS="692" VPOS="1377" WIDTH="32" HEIGHT="16" WC="0.92" CONTENT="fyra"/><SP WIDTH="6" VPOS="1377" HPOS="724"/>
							<String ID="string_631" HPOS="730" VPOS="1377" WIDTH="90" HEIGHT="12" WC="0.91" CONTENT="löneklasser."/><SP WIDTH="17" VPOS="1377" HPOS="820"/>
							<String ID="string_632" HPOS="837" VPOS="1376" WIDTH="103" HEIGHT="16" WC="0.90" CONTENT="Uppflyttning"/><SP WIDTH="7" VPOS="1376" HPOS="940"/>
							<String ID="string_633" HPOS="947" VPOS="1375" WIDTH="21" HEIGHT="13" WC="0.96" CONTENT="till"/>
						</TextLine>
						<TextLine ID="line_127" HPOS="518" VPOS="1393" WIDTH="450" HEIGHT="18">
							<String ID="string_634" HPOS="518" VPOS="1395" WIDTH="43" HEIGHT="16" WC="0.93" CONTENT="högre"/><SP WIDTH="9" VPOS="1395" HPOS="561"/>
							<String ID="string_635" HPOS="570" VPOS="1395" WIDTH="70" HEIGHT="13" WC="0.92" CONTENT="löneklass"/><SP WIDTH="8" VPOS="1395" HPOS="640"/>
							<String ID="string_636" HPOS="648" VPOS="1395" WIDTH="40" HEIGHT="13" WC="0.96" CONTENT="inom"/><SP WIDTH="9" VPOS="1395" HPOS="688"/>
							<String ID="string_637" HPOS="697" VPOS="1395" WIDTH="106" HEIGHT="13" WC="0.96" CONTENT="vederbörande"/><SP WIDTH="9" VPOS="1395" HPOS="803"/>
							<String ID="string_638" HPOS="812" VPOS="1394" WIDTH="68" HEIGHT="16" WC="0.96" CONTENT="lönegrad"/><SP WIDTH="9" VPOS="1394" HPOS="880"/>
							<String ID="string_639" HPOS="889" VPOS="1394" WIDTH="32" HEIGHT="13" WC="0.96" CONTENT="sker"/><SP WIDTH="9" VPOS="1394" HPOS="921"/>
							<String ID="string_640" HPOS="930" VPOS="1394" WIDTH="4" HEIGHT="12" WC="0.93" CONTENT="i"/><SP WIDTH="10" VPOS="1394" HPOS="934"/>
							<String ID="string_641" HPOS="944" VPOS="1393" WIDTH="24" HEIGHT="13" WC="0.91" CONTENT="all-"/>
						</TextLine>
						<TextLine ID="line_128" HPOS="518" VPOS="1412" WIDTH="450" HEIGHT="16">
							<String ID="string_642" HPOS="518" VPOS="1414" WIDTH="59" HEIGHT="12" WC="0.91" CONTENT="mänhet"/><SP WIDTH="14" VPOS="1414" HPOS="577"/>
							<String ID="string_643" HPOS="591" VPOS="1414" WIDTH="36" HEIGHT="12" WC="0.96" CONTENT="efter"/><SP WIDTH="14" VPOS="1414" HPOS="627"/>
							<String ID="string_644" HPOS="641" VPOS="1413" WIDTH="25" HEIGHT="13" WC="0.93" CONTENT="det"/><SP WIDTH="14" VPOS="1413" HPOS="666"/>
							<String ID="string_645" HPOS="680" VPOS="1413" WIDTH="152" HEIGHT="15" WC="0.92" CONTENT="befattningshavaren"/><SP WIDTH="16" VPOS="1413" HPOS="832"/>
							<String ID="string_646" HPOS="848" VPOS="1412" WIDTH="55" HEIGHT="13" WC="0.95" CONTENT="tillhört"/><SP WIDTH="9" VPOS="1412" HPOS="903"/>
							<String ID="string_647" HPOS="912" VPOS="1415" WIDTH="56" HEIGHT="9" WC="0.96" CONTENT="samma"/>
						</TextLine>
						<TextLine ID="line_129" HPOS="518" VPOS="1430" WIDTH="450" HEIGHT="17">
							<String ID="string_648" HPOS="518" VPOS="1431" WIDTH="70" HEIGHT="13" WC="0.69" CONTENT="Töneklass"/><SP WIDTH="7" VPOS="1431" HPOS="588"/>
							<String ID="string_649" HPOS="595" VPOS="1435" WIDTH="7" HEIGHT="12" WC="0.96" CONTENT="3"/><SP WIDTH="7" VPOS="1435" HPOS="602"/>
							<String ID="string_650" HPOS="609" VPOS="1431" WIDTH="20" HEIGHT="13" WC="0.95" CONTENT="år."/><SP WIDTH="16" VPOS="1431" HPOS="629"/>
							<String ID="string_651" HPOS="645" VPOS="1431" WIDTH="32" HEIGHT="13" WC="0.94" CONTENT="Med"/><SP WIDTH="7" VPOS="1431" HPOS="677"/>
							<String ID="string_652" HPOS="684" VPOS="1431" WIDTH="55" HEIGHT="16" WC="0.94" CONTENT="hänsyn"/><SP WIDTH="7" VPOS="1431" HPOS="739"/>
							<String ID="string_653" HPOS="746" VPOS="1431" WIDTH="22" HEIGHT="12" WC="0.93" CONTENT="till"/><SP WIDTH="6" VPOS="1431" HPOS="768"/>
							<String ID="string_654" HPOS="774" VPOS="1430" WIDTH="155" HEIGHT="13" WC="0.90" CONTENT="levnadskostnaderna"/><SP WIDTH="7" VPOS="1430" HPOS="929"/>
							<String ID="string_655" HPOS="936" VPOS="1430" WIDTH="8" HEIGHT="12" WC="0.91" CONTENT="å"/><SP WIDTH="6" VPOS="1430" HPOS="944"/>
							<String ID="string_656" HPOS="950" VPOS="1430" WIDTH="18" HEIGHT="12" WC="0.96" CONTENT="de"/>
						</TextLine>
						<TextLine ID="line_130" HPOS="518" VPOS="1447" WIDTH="450" HEIGHT="18">
							<String ID="string_657" HPOS="518" VPOS="1451" WIDTH="42" HEIGHT="14" WC="0.96" CONTENT="orter,"/><SP WIDTH="10" VPOS="1451" HPOS="560"/>
							<String ID="string_658" HPOS="570" VPOS="1449" WIDTH="26" HEIGHT="13" WC="0.96" CONTENT="där"/><SP WIDTH="9" VPOS="1449" HPOS="596"/>
							<String ID="string_659" HPOS="605" VPOS="1449" WIDTH="116" HEIGHT="16" WC="0.96" CONTENT="tjänstemännen"/><SP WIDTH="9" VPOS="1449" HPOS="721"/>
							<String ID="string_660" HPOS="730" VPOS="1450" WIDTH="25" HEIGHT="11" WC="0.96" CONTENT="äro"/><SP WIDTH="9" VPOS="1450" HPOS="755"/>
							<String ID="string_661" HPOS="764" VPOS="1448" WIDTH="78" HEIGHT="16" WC="0.96" CONTENT="placerade,"/><SP WIDTH="10" VPOS="1448" HPOS="842"/>
							<String ID="string_662" HPOS="852" VPOS="1447" WIDTH="69" HEIGHT="17" WC="0.93" CONTENT="uppdelas"/><SP WIDTH="9" VPOS="1447" HPOS="921"/>
							<String ID="string_663" HPOS="930" VPOS="1447" WIDTH="38" HEIGHT="13" WC="0.87" CONTENT="löne-"/>
						</TextLine>
						<TextLine ID="line_131" HPOS="518" VPOS="1466" WIDTH="277" HEIGHT="17">
							<String ID="string_664" HPOS="518" VPOS="1467" WIDTH="72" HEIGHT="13" WC="0.96" CONTENT="klasserna"/><SP WIDTH="10" VPOS="1467" HPOS="590"/>
							<String ID="string_665" HPOS="600" VPOS="1467" WIDTH="5" HEIGHT="13" WC="0.96" CONTENT="i"/><SP WIDTH="9" VPOS="1467" HPOS="605"/>
							<String ID="string_666" HPOS="614" VPOS="1470" WIDTH="9" HEIGHT="12" WC="0.93" CONTENT="7"/><SP WIDTH="9" VPOS="1470" HPOS="623"/>
							<String ID="string_667" HPOS="632" VPOS="1468" WIDTH="93" HEIGHT="15" WC="0.91" CONTENT="ortsgrupper"/><SP WIDTH="10" VPOS="1468" HPOS="725"/>
							<String ID="string_668" HPOS="735" VPOS="1466" WIDTH="60" HEIGHT="17" WC="0.89" CONTENT="(A—G)."/>
						</TextLine>
					</TextBlock>
				</ComposedBlock>
				<ComposedBlock ID="cblock_18" HPOS="876" VPOS="895" WIDTH="32" HEIGHT="12">
					<TextBlock ID="block_55" HPOS="876" VPOS="895" WIDTH="32" HEIGHT="12">
						<TextLine ID="line_132" HPOS="876" VPOS="895" WIDTH="32" HEIGHT="12">
							<String ID="string_669" HPOS="876" VPOS="895" WIDTH="32" HEIGHT="12" WC="0.95" CONTENT=" "/>
						</TextLine>
					</TextBlock>
				</ComposedBlock>
				<ComposedBlock ID="cblock_19" HPOS="735" VPOS="1199" WIDTH="50" HEIGHT="30">
					<TextBlock ID="block_56" HPOS="735" VPOS="1199" WIDTH="50" HEIGHT="30">
						<TextLine ID="line_133" HPOS="735" VPOS="1199" WIDTH="50" HEIGHT="17">
							<String ID="string_670" HPOS="735" VPOS="1199" WIDTH="50" HEIGHT="17" WC="0.95" CONTENT="  "/>
						</TextLine>
						<TextLine ID="line_134" HPOS="735" VPOS="1216" WIDTH="49" HEIGHT="13">
							<String ID="string_671" HPOS="735" VPOS="1216" WIDTH="49" HEIGHT="13" WC="0.95" CONTENT="   "/>
						</TextLine>
					</TextBlock>
				</ComposedBlock>
				<ComposedBlock ID="cblock_20" HPOS="493" VPOS="1510" WIDTH="33" HEIGHT="16">
					<TextBlock ID="block_57" HPOS="493" VPOS="1510" WIDTH="33" HEIGHT="16">
						<TextLine ID="line_135" HPOS="493" VPOS="1510" WIDTH="33" HEIGHT="16">
							<String ID="string_672" HPOS="493" VPOS="1510" WIDTH="33" HEIGHT="16" WC="0.96" CONTENT="149"/>
						</TextLine>
					</TextBlock>
				</ComposedBlock>
			</PrintSpace>
		</Page>
	</Layout>
</alto>
