1105 1613
156 215 56 26 [142]

284 320 133 27 Riksdagen.

143 372 66 16 Lagtima
222 372 57 15 riksdag
292 371 41 14 skall,
344 371 4 12 i
356 370 40 13 kraft
409 374 17 9 av
438 370 44 12 rikets
494 373 79 12 regerings-

126 388 41 16 form,
180 389 108 13 sammanträda
298 388 41 16 varje
348 389 15 12 år
373 388 27 12 den
411 391 15 8 10
435 387 58 16 januari
500 387 39 13 eller,
549 390 23 9 om

126 406 60 16 helgdag
196 406 17 13 då
222 406 72 14 inträffar,
304 405 45 16 dagen
360 405 68 12 därefter.

145 427 47 12 Första
205 427 84 12 kammarens
302 426 70 12 ledamöter
384 425 25 12 äro
422 428 25 12 150
460 424 26 13 och
498 424 45 15 väljas
552 424 21 12 för

125 444 31 13 åtta
169 445 15 11 år
197 443 63 13 räknade
271 443 30 13 från
310 443 26 12 och
346 442 32 13 med
386 442 58 16 januari
452 441 60 13 månads
521 441 50 16 början

124 462 32 12 året
165 461 32 12 näst
205 461 37 12 efter
251 460 28 14 det,
289 460 44 12 under
343 460 45 12 vilket
397 460 38 12 valet
444 459 43 14 skett,
497 463 17 8 av
527 458 46 13 lands-

126 480 57 13 tingens
191 477 79 13 ledamöter
279 478 25 12 och
313 477 58 12 särskilt
381 476 60 13 utsedda
450 476 71 12 elektorer
529 475 20 12 för
555 475 17 12 de

126 495 52 14 städer,
188 499 30 8 som
228 499 13 11 ej
252 495 56 14 deltaga
319 498 3 9 i
333 494 76 15 landsting.
423 494 26 12 För
458 494 23 12 val
491 493 22 12 till
523 493 49 12 Första

126 512 83 13 kammaren
220 513 15 11 är
244 512 37 12 riket
290 511 55 13 indelat
355 511 4 12 i
368 515 14 12 19
390 511 84 12 valkretsar.
484 510 89 13 Stockholms

125 529 33 13 stad
165 530 26 11 och
201 529 80 14 Göteborgs
290 529 32 12 stad
332 529 49 14 utgöra
388 532 26 8 var
424 528 21 12 för
450 532 22 11 sig
480 531 18 8 en
505 527 67 12 valkrets.
581 524 1 5 |

126 547 52 12 Annan
188 546 38 15 stad,
235 550 30 9 som
275 546 12 15 ej
297 545 64 16 deltager
369 549 3 8 i
379 535 73 32 landsting,
456 545 55 14 tillhör
518 548 54 8 samma

126 564 64 12 valkrets
202 567 31 9 som
245 563 24 13 det
279 562 144 16 landstingsområde,
432 562 31 12 vari
473 561 50 13 staden
535 561 37 13 förut

125 581 53 15 ingått.
198 581 39 11 Flera
251 579 149 16 landstingsområden
411 579 48 12 kunna
469 578 104 13 sammanföras

126 597 3 12 i
139 601 17 8 en
171 597 68 14 valkrets;
254 601 32 8 men
300 600 12 12 ej
327 597 22 11 må
363 595 138 15 landstingsområde
516 595 39 12 delas
564 595 8 12 å

125 613 47 13 skilda
188 614 83 12 valkretsar,
290 613 93 15 Indelningen
393 613 4 12 i
407 612 79 13 valkretsar
495 612 78 12 innehålles

126 631 3 12 i
139 631 71 15 vallagen.
240 635 15 8 För
270 635 38 11 varje
323 630 62 13 valkrets
396 630 46 15 väljes
450 630 35 12 efter
495 629 78 15 folkmäng-

126 648 27 12 den
167 652 40 8 inom
221 648 32 12 dess
267 648 58 12 område
339 651 16 8 en
364 647 97 15 riksdagsman
472 647 19 11 för
501 648 30 10 vart
542 646 31 12 fullt

127 666 23 13 tal,
160 665 100 13 motsvarande
267 664 28 15 1/59
302 668 17 9 av
326 664 43 13 rikets
379 663 81 15 folkmängd.
472 663 101 13 Valkretsarna

125 682 56 12 indelas
194 682 4 12 i
212 683 30 11 åtta
256 685 67 12 grupper,
337 681 48 12 vilken
399 680 75 16 indelning
483 680 89 12 fastställes
560 670 13 33 i

125 700 72 15 vallagen.
211 699 43 15 Varje
264 699 15 12 år
288 698 45 12 under
343 698 81 15 september
433 697 53 13 månad
483 688 45 32 skall
534 697 39 12 inom

125 720 18 9 en
158 720 17 8 av
189 716 63 12 nämnda
261 719 61 12 grupper
332 715 68 12 förrättas
410 714 23 13 val
443 716 21 11 för
475 714 98 15 nästföljande

126 733 111 17 åttaårsperiod.
255 733 27 12 Det
300 733 39 12 antal
356 732 99 12 riksdagsmän
474 731 17 13 de
505 732 68 12 särskilda

126 751 93 12 valkretsarna
232 750 40 12 skola
281 751 31 10 utse
325 750 76 11 bestämmes
419 750 45 14 enligt
473 748 100 13 ovannämnda

125 771 41 9 norm
181 771 17 9 av
214 766 78 16 Konungen
308 767 32 11 vart
357 769 29 9 10:e
401 766 15 12 år
432 765 25 14 (K.
472 765 43 16 kung.
525 765 48 12 härom

125 784 17 17 9/5
154 786 45 14 1924).
213 784 69 13 Ledamot
292 787 18 9 av
321 783 50 13 Första
380 783 89 14 kammaren,
478 786 31 9 som
517 782 31 12 icke
558 782 15 12 är

126 802 48 13 bosatt
184 802 8 12 ä
202 803 27 13 ort,
240 801 25 12 där
274 800 58 16 riksdag
339 800 48 14 hålles,
395 800 64 16 åtnjuter
466 803 17 9 av
490 799 84 13 statsmedel

124 818 95 13 resekostnad
233 818 22 13 till
268 818 26 12 och
303 818 31 12 från
345 817 75 16 riksdagen
430 818 37 12 samt
477 817 3 12 i
491 817 83 15 dagtrakta-

124 838 49 11 mente
189 839 14 11 32
217 835 27 15 kr.,
256 835 46 13 vilket
311 835 126 15 dagtraktamente
446 834 13 16 ej
469 833 21 13 får
502 833 72 16 överstiga

125 853 96 15 sammanlagt
234 855 40 12 4,500
287 852 21 12 kr.

126 870 53 12 undfår
186 870 4 12 i
197 870 126 14 dagtraktamente
331 873 15 11 24
354 870 21 11 kr.,
388 868 35 13 dock
430 868 95 15 sammanlagt
532 868 41 15 högst

127 891 39 11 3,400
176 887 21 12 kr.
211 886 76 16 Därjämte
296 887 33 14 äger
338 886 103 13 riksdagsman,
450 889 31 9 som
491 885 46 12 under
546 885 27 15 lag-

126 904 36 13 tima
171 903 57 16 riksdag
237 903 36 13 efter
283 902 63 16 beviljad
356 902 63 16 ledighet
429 902 59 13 besöker
494 902 79 13 hemorten,
582 905 1 3 |

126 923 22 11 att
158 925 18 8 av
185 920 84 13 statsmedel
278 920 45 13 undfå
333 920 81 16 ersättning
421 919 21 13 för
448 919 44 13 därav
499 918 75 13 föranledd

124 938 99 14 resekostnad,
238 938 36 12 dock
288 937 22 13 för
323 937 42 16 högst
379 940 7 9 2
399 941 39 8 resor
450 937 37 12 fram
500 936 26 13 och
539 936 36 13 åter.

126 955 62 13 Valbara
203 959 24 8 äro
241 955 32 12 män
287 954 26 13 och
325 954 67 14 kvinnor,
403 958 30 8 som
446 954 31 15 fyllt
489 957 15 12 35
515 954 15 11 år
537 954 37 11 samt

126 973 27 15 äga
166 972 27 13 och
204 973 43 12 minst
258 976 6 11 3
272 972 15 12 år
295 972 30 12 före
334 972 38 12 valet
383 971 23 16 ägt
415 971 67 15 fastighet,
497 972 77 12 taxerings-

127 989 69 13 värderad
210 989 22 13 till
244 989 87 12 åtminstone
345 992 47 10 50,000
402 988 20 13 kr..
437 988 33 12 eller
480 988 26 12 ock
516 987 21 13 till
546 989 28 11 sta-

126 1008 24 11 ten
160 1007 48 12 skatta
217 1007 37 12 samt
264 1006 44 13 under
317 1006 44 16 sagda
370 1005 21 13 tid
400 1006 55 12 skattat
462 1005 21 13 för
489 1005 62 12 inkomst
557 1008 17 9 av

128 1026 42 11 minst
182 1028 38 11 3,000
230 1024 56 12 kronor,

146 1044 47 12 Andra
203 1044 85 12 kammarens
297 1043 71 12 ledamöter
378 1042 24 12 äro
412 1046 29 11 230,
452 1042 41 12 valda
504 1042 12 12 fören
554 1041 20 12 tid

127 1065 18 9 av
155 1061 30 16 fyra
194 1061 21 14 år,
224 1060 63 13 räknade
296 1060 31 12 från
337 1059 26 13 och
370 1059 32 13 med
411 1059 56 16 januari
477 1058 60 13 månads
544 1059 30 12 bör-

127 1079 24 15 jan
162 1079 31 12 året
203 1078 31 12 näst
243 1077 38 13 efter
291 1077 29 14 det,
330 1077 45 12 under
384 1077 46 12 vilket
441 1077 38 12 valet
488 1076 43 12 skett.
549 1076 26 12 För

127 1095 40 13 dessa
176 1096 22 11 val
206 1099 15 8 är
227 1095 34 12 riket
268 1094 63 13 indelat
321 1084 12 32 i
340 1094 15 12 28
362 1094 80 13 valkretsar,
451 1097 29 8 som
488 1093 37 16 välja
532 1094 43 11 minst

126 1117 7 11 3
141 1112 96 13 riksdagsmän
244 1115 30 9 var.
280 1111 41 16 Varje
327 1111 61 12 valkrets
396 1111 35 12 skall
440 1111 40 12 alltså
489 1110 16 12 ha
514 1114 17 8 en
540 1110 35 12 folk-

128 1129 51 16 mängd.
193 1133 29 8 som
231 1129 3 12 i
243 1128 37 16 regel
289 1129 40 14 utgör
342 1128 29 15 3/30
384 1131 18 9 av
415 1127 43 13 rikets
471 1127 104 12 invånarantal.

128 1147 50 12 Rikets
192 1146 74 15 indelning
281 1150 4 8 i
300 1146 80 12 valkretsar
394 1144 80 13 innehålles
487 1144 4 13 i
505 1144 71 15 vallagen.

128 1164 43 16 Varje
180 1164 23 12 län
214 1164 40 15 utgör
263 1166 17 9 en
290 1162 69 14 valkrets,
368 1163 41 11 utom
420 1160 77 17 Älvsborgs
507 1162 28 13 län,
544 1165 31 8 som

127 1181 15 12 är
155 1181 40 12 delat
209 1181 4 12 i
227 1184 6 8 2
244 1180 60 15 kretsar,
313 1179 71 16 varjämte
398 1178 63 17 följande
475 1178 48 13 städer
536 1178 39 13 bilda

127 1202 26 9 var
166 1199 21 12 sin
201 1198 72 12 valkrets:
284 1198 12 14 1)
307 1197 89 14 Stockholm,
410 1198 13 13 2)
438 1196 56 14 Malmö,
509 1196 67 16 Hälsing-

128 1216 40 15 borg,
182 1215 93 12 Landskrona
290 1215 26 12 och
329 1213 47 16 Lund,
386 1214 12 16 3)
408 1214 77 15 Göteborg.
500 1213 27 12 Det
536 1213 39 12 antal

127 1233 98 14 riksdagsmän,
245 1232 39 15 varje
298 1232 62 12 valkrets
375 1232 31 13 äger
422 1233 34 11 utse,
469 1230 76 13 fastställes
555 1230 20 12 för

127 1250 40 15 varje
177 1248 104 18 fyraårsperiod
292 1252 17 9 av
321 1249 83 15 Konungen.

146 1270 48 13 Andra
205 1270 90 12 kammarens
305 1268 77 13 ledamöter
393 1268 58 16 åtnjuta
461 1270 54 10 samma
525 1267 51 12 ersätt-

127 1288 34 15 ning
177 1291 30 8 som
222 1287 48 12 Första
284 1286 94 12 kammarens.
392 1292 14 2 —
421 1285 55 12 Valrätt
491 1284 85 13 tillkommer

128 1308 44 9 envar
181 1304 50 12 svensk
241 1307 32 9 man
283 1303 27 12 och
319 1302 60 15 kvinna,
388 1306 31 9 som
428 1303 47 11 senast
486 1301 45 13 under
538 1301 38 12 näst-

127 1320 85 17 föregående
226 1320 83 13 kalenderår
324 1320 31 15 fyllt
371 1324 15 11 23
400 1320 15 12 år,
432 1319 35 13 dock
480 1323 13 11 ej
503 1318 27 13 den.
546 1322 30 9 som

128 1339 29 12 står
172 1338 45 13 under
230 1337 121 16 förmynderskap
359 1337 26 12 eller
403 1341 15 8 är
427 1336 4 12 i
440 1335 135 14 konkurstillstånd,

127 1356 13 15 ej
155 1356 44 12 heller
212 1355 33 14 den,
259 1358 31 9 som
302 1355 15 12 är
328 1358 17 9 av
355 1354 74 12 allmänna
438 1352 99 17 fattigvården
547 1356 30 9 om-

128 1372 99 16 händertagen
242 1372 21 12 för
276 1371 67 16 varaktig
352 1371 91 15 försörjning,
452 1371 34 12 eller
499 1370 33 13 den,
546 1373 31 9 som

128 1391 15 12 är
152 1391 31 12 från
194 1390 72 13 valrätten
277 1390 72 11 utesluten
359 1389 18 15 på
386 1388 46 16 grund
440 1392 17 8 av
464 1388 52 12 bonom
525 1386 51 13 ådömd
585 1387 1 16 |

127 1407 105 16 straffpåföljd.
251 1407 61 12 Valbara
322 1407 25 11 äro
356 1406 32 12 män
398 1406 25 12 och
433 1405 68 14 kvinnor,
511 1408 29 9 som
552 1405 24 13 äga

128 1426 53 12 valrätt
195 1425 39 12 inom
248 1424 80 12 valkretsen
342 1424 32 12 eller,
388 1423 24 12 där
428 1423 38 15 fråga
482 1423 14 11 är
506 1425 24 9 om
541 1422 31 12 stad.

128 1446 30 9 som
170 1442 47 12 består
228 1445 18 9 av
257 1441 34 12 flera
301 1441 84 14 valkretsar,
393 1440 39 12 inom
447 1440 46 15 någon
504 1443 18 8 av
532 1438 40 13 dessa,
574 1434 11 27 |

137 1452 35 26 Till
176 1459 37 13 båda
219 1459 75 12 kamrarna
299 1459 24 12 ske
328 1459 40 11 valen
374 1458 30 12 med
410 1456 104 17 proportionellt
520 1456 57 12 valsätt.

145 1477 76 12 Allmänna
231 1477 22 12 val
264 1477 21 12 till
295 1475 48 13 Andra
353 1476 82 12 kammaren
445 1474 52 14 skedde
506 1475 49 12 senast
562 1474 15 12 år

129 1497 34 14 1924,
178 1494 38 13 vilka
230 1493 23 13 val
267 1494 36 16 gälla
315 1493 22 13 för
346 1492 68 17 perioden
425 1492 93 16 1925—1928.

528 79 106 22 Riksdagen.

326 852 51 12 Annan
389 851 64 13 ledamot
463 855 18 8 av
490 851 83 12 kammaren
582 859 1 3 |

285 204 47 34 V.
361 203 231 42 Riksdagen,
620 202 91 32 dess
738 199 266 36 Ombudsmän

475 256 69 32 och
575 253 117 34 Verk.

720 316 66 17 Första
800 316 113 17 kammaren,

725 353 114 18 Stockholms
854 352 48 18 stad.

669 385 129 18 (Mandattiden
811 385 50 18 utgår
874 385 17 14 år
905 385 55 17 1929.)

590 413 80 15 Klefbeck,
688 414 49 14 Ernst
751 413 64 17 Alarik,
830 413 78 18 Kyrkoh.
922 413 50 18 [713],
988 412 10 14 f.
1011 410 28 19 66;

612 435 20 15 21
646 437 41 18 (adr.
701 436 114 18 Stockholm).

581 465 1 5 |
591 461 71 16 Trygger,
681 459 58 16 Ernst,
758 459 24 16 fd,
801 458 109 18 Justitieråd,
922 459 52 17 [930],
988 458 10 14 f.

613 481 19 15 21
647 482 41 17 (adr.
702 482 115 17 Stockholm).

581 512 1 9 |
591 505 68 18 Lindley,
666 505 70 14 Charles
744 505 66 14 Gustaf,
815 504 28 15 Sv.
849 503 190 19 transportarbetarför-

613 528 75 14 bundets
710 528 145 16 förtroendeman,
876 527 11 14 f.
907 525 27 18 65;
954 525 21 15 21
997 526 42 17 (adr.

613 550 113 18 Stockholm).

581 577 1 15 |
592 574 80 16 Berglund,
692 573 31 17 Jan
744 572 45 16 Erik,

613 596 37 15 (adr.
670 594 93 18 Enskede).

590 617 79 17 Stendahl,
682 617 48 16 Sten,
749 616 111 14 Grosshandl.

614 640 37 17 (adr:
669 639 117 18 Stockholm).

581 666 1 3 |
591 663 82 17 Thorberg,
681 661 54 18 Johan
744 661 54 15 Arvid
806 660 82 18 Justinus,
896 659 144 19 Landsorganisa-

614 688 68 11 tionens
691 684 43 14 ordf.
744 685 40 17 [90],
793 684 10 14 f.
812 682 27 17 77;
847 682 19 15 21
876 683 41 17 (adr.
926 683 114 17 Stockholm).

592 708 114 16 Hederstierna,
719 706 38 15 Carl
771 706 72 14 Fredrik
854 706 87 14 Wilhelm,
950 703 90 16 Överståt-

615 731 63 14 hållare
691 731 52 17 [474],
757 730 10 14 f.
781 727 26 18 61;
820 727 19 15 21
855 728 41 19 (adr.
910 728 114 16 Stockholm).

582 750 1 22 |
591 753 58 16 Lamm,
668 752 77 14 Herman
765 752 77 16 Fredrik,
859 751 116 16 Grosshandl.,
988 751 11 14 f.
1013 749 27 18 53;

582 779 1 6 |
613 773 21 16 21
647 775 42 18 (adr.
702 774 114 18 Stockholm).

582 799 1 5 |
592 801 30 11 von
640 797 61 18 Sydow,
720 797 51 14 Adolf
785 797 84 17 Hjalmar,
882 796 41 14 Led.
937 800 21 10 av
971 795 69 15 Arbets-

614 820 49 14 rådet
677 821 39 17 [89],
730 820 10 14 f.
753 818 27 18 62;
793 818 19 15 21
826 818 42 21 (adr.
882 818 115 18 Stockholm).

593 843 91 18 Magnuson,
704 842 41 15 Paul
766 842 54 17 Knut,
840 841 88 18 Fabrikör,
948 841 10 15 f.
977 839 28 19 76;
1018 838 22 16 24

614 866 42 17 (adr.
669 865 115 17 Stockholm).

592 888 93 17 Ljunglund,
698 888 80 14 Leonard
792 887 79 14 Kristian
883 886 76 17 Vinfrid,
972 885 68 15 Redak-

614 912 27 14 tör
654 911 51 19 [950],
718 910 10 15 f.
741 908 27 19 67;
781 908 22 16 26
816 909 42 19 (adr.
871 909 116 18 Stockholm).

1023 456 9 15 7

1012 456 9 15 5

810 572 63 14 Kassör
892 572 39 17 [88],
951 572 10 13 f.
978 569 27 17 64;
1017 569 21 15 21

880 616 50 18 [950],
950 615 11 14 f.
977 613 27 18 76;
1017 612 20 16 21

594 959 118 24 [143—244]

633 992 115 19 Stockholms
764 991 31 18 län
811 991 32 18 och
863 990 85 24 Uppsala
964 990 37 18 län.

668 1024 131 19 (Mandattiden
813 1025 53 17 utgår
880 1024 17 13 år
912 1024 54 17 1930.)

594 1052 58 18 Möller,
666 1052 45 15 Fritz
727 1052 72 17 Gustav,
814 1051 78 15 Statsråd
906 1053 38 17 [52],
959 1051 10 14 f.
982 1048 46 18 84;
1012 1044 8 32 2

615 1075 41 18 (adr.
670 1075 115 18 Stockholm).

593 1098 104 18 Lagerbjelke,
718 1098 52 15 Johan
791 1097 66 16 Gustaf,
876 1096 62 17 Greve,
954 1096 87 18 Byråchef

616 1122 50 17 [139],
680 1121 9 13 f.
703 1119 27 18 60;
742 1119 22 15 22
777 1119 41 19 (adr.
833 1117 70 20 Älvsjö).

594 1144 53 17 Berge,
666 1143 37 15 Nils
721 1143 57 16 Adolf,
797 1142 141 15 Folkskollärare,
952 1142 11 14 f.
980 1139 27 19 69;
1020 1140 21 15 22

615 1166 42 19 (adr.
672 1166 105 17 Huvudsta).

594 1189 114 16 Reuterskiöld,
727 1188 37 14 Carl
778 1187 68 18 Ludvig
861 1187 64 19 August
939 1186 50 15 Axel,
1003 1186 38 14 Pro-

616 1213 53 13 fessor
682 1212 51 17 [7161],
746 1211 11 14 f.
770 1209 27 16 70;
809 1208 22 16 22
844 1210 42 16 (adr.
899 1209 89 18 Uppsala).

593 1235 68 17 Ekman,
677 1234 38 15 Carl
730 1233 68 16 Gustaf,
815 1232 163 19 Bankofullmäktig
991 1232 51 19 [195],

617 1258 9 14 f.
640 1256 27 18 72;
679 1256 22 15 22
715 1257 42 18 (adr.
771 1254 114 21 Stockholm).

595 1280 97 16 Wahlmark,
709 1279 38 15 Carl
766 1279 72 18 Primus,
851 1278 93 19 Typograf,
956 1278 12 14 f.
982 1276 26 19 83;

617 1303 41 18 (adr.
672 1303 90 18 Uppsala).

585 1334 1 16 I
596 1326 131 17 Hammarskjöld,
739 1325 47 14 Knut
796 1324 79 16 Hjalmar
884 1323 85 15 Leonard,
979 1323 63 14 Lands-

618 1349 75 18 hövding
706 1349 49 20 [476],
769 1348 10 14 f.
793 1345 26 15 62;
832 1345 22 15 22
867 1347 41 17 (adr.
922 1346 85 18 Uppsala)

585 1382 1 4 |
595 1371 48 17 Julin,
663 1371 55 18 Johan
734 1371 80 17 Hjalmar
828 1369 76 16 Teodor,
918 1369 71 14 Notarie
1003 1369 41 18 [97],

618 1395 10 13 f.
641 1392 22 16 80
681 1392 21 15 22
716 1393 40 17 (adr.
771 1393 112 16 Stockholm).

596 1416 56 18 Borell,
672 1417 40 14 Karl
731 1416 62 14 Gustaf
810 1415 86 14 Theodor,
910 1414 69 15 Hhövd.
993 1414 52 18 [216],

618 1440 5 13 f.
642 1438 26 15 69:
681 1438 21 15 22
715 1439 42 17 (adr.
771 1438 179 17 Saltsjö-Storängen).

586 1459 1 14 |
596 1462 45 18 Fehr,
654 1462 63 15 Martin
730 1461 89 16 Nikolaus,
834 1461 88 15 Professor
934 1460 52 20 [820],
997 1459 11 15 f.
1017 1457 27 18 85;

618 1484 22 16 23
652 1485 43 18 (adr.
708 1485 115 18 Stockholm).

1021 1276 22 8 29

568 1534 30 14 144
