1048 1568
436 52 117 22 Riksdagen.

831 48 130 25 [188—192]

33 99 60 26 [188]
154 101 166 18 Västernorrlands
333 101 38 17 län.

31 132 89 21 Västberg,
130 133 56 21 Johan
201 133 77 18 Mauritz,
292 132 93 19 Redaktör,
398 132 11 16 f.
423 131 28 19 86;
466 131 22 16 28

56 155 42 21 (adr.
112 155 102 21 Sundsvall).

32 180 61 19 Rudén,
112 181 32 15 Per
163 180 88 18 Emanuel,
269 180 152 20 Hemmansägare,
434 179 11 16 f.
460 178 27 20 74;

57 205 22 16 28
92 202 42 22 (adr.
148 204 76 21 Fjällsjö,
238 201 68 22 Backe).

33 228 88 19 Molander,
141 228 76 19 Helmer,
237 228 125 18 Ombudsman,

56 251 42 21 (adr.
130 251 41 20 Säbrå,
185 250 115 21 Härnösand).

32 275 99 20 Strindiund,
145 277 83 18 Gerhard,
243 276 150 20 Hemmansägare,
407 276 11 15 f.
428 275 28 19 90;
466 275 22 16 28

56 299 42 21 (adr.
112 301 80 18 Skedom,
207 298 91 21 Sollefteå).

33 324 101 21 Bergström,
153 325 64 18 Petrus,
240 324 146 20 Hemmansägare
405 321 52 22 [976],
477 323 11 15 f.

58 348 27 19 81;
100 348 22 16 28
134 346 43 21 (adr.
191 348 93 18 Bäckland,
298 345 110 23 Nordingrå).

32 371 102 20 Sandström,
147 372 39 15 Nils
199 372 65 19 Victor,
278 371 82 16 Direktör
372 368 53 23 [976],
438 371 11 15 f.
461 369 26 20 74;

58 396 22 16 28
93 395 42 20 (adr.
149 394 82 22 Nyland).

33 416 67 22 Öhman,
113 420 40 15 Eric
167 420 59 18 Oscar,
240 419 92 18 Redaktör,
346 419 11 15 f.
368 418 28 19 86;
411 418 22 16 28
446 417 42 21 (adr.

58 442 104 21 Sundsvall).

33 467 70 21 Edberg,
116 468 32 15 Per
158 468 57 20 Jonas,
232 467 153 20 Hemmansägare,
398 467 11 15 f.
424 465 28 20 78;
466 466 22 16 28

57 490 42 21 (adr.
114 492 77 20 Borgsjö,
206 489 105 21 Erikslund).

33 515 97 19 Johansson,
147 515 39 16 Carl
203 515 58 19 Oscar,
276 515 108 18 Kamrerare,
398 514 10 16 f.
423 512 27 21 75;
466 514 22 15 28

58 537 42 21 (adr.
114 537 93 21 Sollefteå).

33 563 48 20 Berg,
94 563 52 16 Ernst
155 563 71 16 Gunnar
235 562 71 18 Harald,
316 561 172 21 Sågverksarbetare,

58 587 11 16 f.
83 587 28 19 86;
125 587 22 16 29
160 585 43 21 (adr.
217 586 85 19 Eriksdal,
317 584 69 21 Hovid).

34 629 61 26 [189]
176 633 112 22 Jämtlands
301 633 37 17 län.

34 663 77 19 Hedlund,
124 664 62 16 Paulus
202 664 73 18 Samuel,
290 663 108 16 Sekreterare
411 661 52 22 [790],
477 663 11 16 f.

60 687 27 20 78;
101 688 22 16 28
136 686 42 21 (adr.
192 688 59 19 Häste,
265 685 107 21 Östersund).

34 711 77 19 Hedlund,
124 713 66 15 Verner
199 712 80 18 Vilhelm,
289 710 201 22 Fattigvårdskonsulent

57 734 53 22 [531],
123 736 11 15 f.
149 736 27 18 83;
191 736 22 15 28
226 733 41 22 (adr.
282 732 106 22 Östersund).

33 759 80 19 Olofsson,
130 760 61 20 Johan,
205 760 147 20 Hemmansägare
365 756 52 23 [976],
435 759 11 15 f.
461 758 27 20 60;

58 784 22 15 28
92 782 42 21 (adr.
149 783 91 21 Digernäs,
254 781 95 21 Genvalla).

33 807 64 18 Olsson,
116 807 44 19 Nils,
179 807 151 20 Hemmansägare,
344 807 11 15 f.
370 805 27 20 73;
412 806 21 16 28
446 805 43 21 (adr.

58 831 139 21 Rödningsberg,
211 828 131 23 Trångsviken).

33 854 75 19 Persson,
121 855 36 19 Per,
174 855 146 20 Hemmansägare
333 852 53 22 [976],
400 854 10 16 f.
425 854 27 19 69;
467 854 22 16 28

57 877 42 21 (adr.
112 877 87 22 Trången,
212 876 68 23 Aspås).

34 919 61 33 [190]
173 925 134 17 Västerbottens
319 925 38 16 län.

32 955 90 21 Sandberg,
135 956 43 16 Olof
189 956 56 18 Evert,
259 955 124 19 Lantbrukare,
400 956 11 15 f.
425 955 27 19 86;
467 955 22 15 28

57 978 43 21 (adr.
113 979 47 19 Böle,
176 977 65 21 Umeå).

33 1002 93 19 Lindmark,
136 1003 60 16 Ewald
206 1003 66 20 Eugén,
283 1002 146 21 Hemmansägare
436 999 53 23 [976],

57 1028 11 15 f.
82 1027 28 19 85;
120 1027 22 15 28
151 1025 42 21 (adr.
203 1026 123 21 Drängsmark,
336 1024 153 23 Drängsmarkby).

33 1049 87 22 Lindberg,
139 1051 42 15 Elof
197 1051 82 18 Herman,
294 1050 92 19 Redaktör,
400 1050 11 16 f.
425 1050 28 18 91;
467 1050 22 15 28

57 1073 42 21 (adr.
113 1073 65 21 Umeå).

33 1098 95 19 Wikström,
146 1099 64 18 Anton,
230 1098 92 19 Redaktör,
342 1098 11 15 f.
370 1096 28 20 76;
412 1097 22 16 28
447 1095 42 22 (adr.

58 1120 104 22 Skellefteå).

34 1145 79 20 Wiklund,
131 1146 57 19 Adolf,
202 1145 119 16 Lantbrukare
334 1143 52 23 [950],
400 1145 11 16 f.
425 1145 28 18 59;
468 1145 22 16 28

57 1168 43 21 (adr.
114 1170 87 18 Brattfors,
215 1167 74 22 Öreälv).

33 1193 78 20 Näslund,
118 1194 38 23 Per
166 1194 61 20 Johan,
241 1193 152 20 Hemmansägare,
408 1193 11 15 f.
429 1192 28 18 86;
468 1192 22 16 28
499 1201 1 17 |

57 1215 43 22 (adr.
114 1217 57 19 Åsele,
186 1215 112 21 Östernoret).
499 1219 1 17 |

34 1240 79 19 Wiklund,
124 1241 55 21 Johan
193 1241 94 18 Bernhard,
297 1240 134 21 Distriktspolis,
441 1241 10 15 f.
462 1237 39 21 86;
490 1228 15 38 |

59 1265 22 16 28
94 1263 42 21 (adr.
150 1263 68 23 Byske).
499 1260 1 19 I

35 1310 60 23 [191]
177 1311 124 17 Norrbottens
313 1311 38 17 län.

34 1341 71 20 Nilsson,
124 1342 39 16 Nils
183 1342 47 19 Erik,
249 1342 148 20 Hemmansägare
413 1339 52 22 [976],
479 1341 11 16 f.

59 1367 28 18 66;
101 1366 22 16 28
136 1364 43 22 (adr.
192 1364 78 21 Antnäs).

34 1389 52 21 Hage,
105 1390 51 16 Ernst
178 1390 71 20 August,
269 1389 152 16 Distriktskamrer
438 1386 63 23 [605],
490 1382 12 32 |

58 1415 12 15 f.
84 1413 28 20 76;
126 1414 22 16 28
161 1411 42 22 (adr.
217 1411 65 22 Luleå).
500 1409 1 3 I

34 1437 98 21 Grapenson,
145 1438 49 15 Peter
204 1438 57 20 Jöran,
275 1437 125 16 Komminister
412 1434 52 23 [709],
480 1437 11 15 f.

60 1461 27 20 78;
102 1462 21 16 28
136 1459 43 22 (adr.
194 1459 98 22 Gällivare).

387 228 10 15 f.
418 227 27 19 92;
466 227 22 16 28

507 100 66 19 Dahlén,
586 102 52 20 Jonas
655 102 60 18 Petter,
729 101 130 19 Gruvarbetare,
873 101 11 15 f.
899 100 27 19 81;
941 101 22 15 28

530 123 42 22 (adr.
585 123 78 22 Kiruna).

507 148 103 20 Lundström,
623 149 63 16 Gustaf
696 149 71 19 Harald,
778 149 32 15 Fil.
819 149 29 19 M.,
857 148 86 19 Direktör,
952 149 11 15 f.

532 173 28 17 90;
574 173 22 16 28
609 171 42 21 (adr.
666 170 71 21 Boden).

508 196 79 21 Lövgren,
600 197 55 16 Oscar
665 196 87 20 Wilhelm,
766 196 93 19 Redaktör,
873 196 11 16 f.
899 196 27 19 88;
941 196 22 16 28

531 219 42 21 (adr.
587 219 83 23 Nyborg).

507 244 72 21 Selberg,
599 245 62 16 Gustaf
678 245 93 18 Reinhold,
785 245 153 20 Hemmansägare,
952 244 11 16 f.

533 269 27 19 84;
575 269 21 16 28
609 267 42 21 (adr.
666 269 90 20 Svartbyn,
771 266 72 22 Boden).

509 319 60 24 [192]

507 351 142 28 Avlönings=
677 351 47 22 och
749 350 214 27 pensionsbestäm-

507 381 84 22 melser
613 381 39 22 för
670 381 233 26 befattningshavare
921 380 43 23 vid

615 411 150 27 Riksdagens
780 410 67 22 verk.

726 450 18 9 av
753 446 75 16 riksdagen
838 447 60 15 antaget
907 446 28 13 den
946 447 16 12 18

507 464 32 17 juni
547 468 33 12 1921
589 465 95 16 (Riksdagens
691 464 69 13 skrivelse
767 468 17 9 nr
791 464 37 16 384).

526 483 45 12 Detta
580 482 166 16 avlöningsreglemente,
756 486 31 9 som
796 482 5 13 i
810 483 38 12 stort
857 483 29 12 sett
896 483 67 12 överens-

507 501 69 12 stämmer
582 501 33 12 med
621 500 169 16 avlöningsreglementet
796 500 22 12 för
824 500 139 16 statsdepartement

508 522 19 9 m.
533 518 15 13 fl,
554 518 39 15 verk,
600 518 85 13 tillhörande
691 518 27 13 den
724 518 42 12 civila
771 517 149 16 statsförvaltningen,
926 518 37 12 skall

508 537 26 15 äga
543 536 91 16 tillämpning
641 536 8 13 å
658 536 88 16 tjänstemän
754 536 24 12 vid
786 536 92 15 riksbanken,
886 535 77 16 riksgälds-

508 554 71 16 kontoret,
588 554 83 16 riksdagens
679 554 31 15 hus,
718 553 150 16 riksdagsbiblioteket
876 555 38 11 samt
921 554 42 16 justi-

509 572 24 12 tie-
544 572 27 12 och
578 571 278 17 militieombudsmansexpeditionerna.

526 589 75 14 Ordinarie
615 590 88 16 tjänstemän
717 589 68 13 tillsättas
799 589 30 13 dels
843 593 51 12 genom
907 589 56 13 förord-

509 608 53 15 nande,
570 607 31 13 dels
608 611 52 12 genom
668 607 68 13 fullmakt
745 607 34 13 eller
787 607 115 13 konstitutorial.

527 626 28 12 För
562 625 64 16 följande
634 625 103 16 befattningar,
745 625 46 13 vilkas
799 625 88 13 innehavare
895 625 69 13 tillsättas

508 647 51 12 genom
567 643 96 13 förordnande
670 643 19 16 på
697 643 29 13 viss
734 643 25 15 tid,
767 643 43 16 utgår
817 643 53 16 arvode,
878 643 22 13 för
908 643 16 12 år
931 643 33 12 räk-

508 663 31 13 nat,
548 661 33 13 med
590 661 112 13 nedannämnda
710 661 57 16 belopp:

508 685 107 13 verkställande
620 674 10 34 =
636 684 124 17 styrelseledamot
781 684 25 13 vid
827 684 35 13 riks-

527 703 64 13 bankens
610 703 137 16 avdelningskontor
765 703 6 12 i
789 703 74 15 Göteborg

527 721 33 13 eller
570 721 53 13 Malmö
629 710 29 34 =.
673 731 3 3 .
691 731 4 3 .
710 731 3 3 .
728 731 3 3 .

508 739 107 13 verkställande
632 738 124 17 styrelseledamot
774 738 25 13 vid
817 740 45 11 annat

526 757 95 13 riksbankens
632 756 137 16 avdelningskontor
801 766 3 3 =.
819 766 4 3 .
838 766 3 3 .
856 766 3 3 -

882 724 49 12 15,000
941 720 23 13 kr.

882 760 49 12 12,000
950 760 5 8 »

527 786 28 13 För
564 786 193 16 byråchefsbefattningarna
766 786 25 13 vid
800 786 62 16 justitie-
871 786 26 13 och
906 785 58 14 militie-

508 804 226 16 ombudsmansexpeditionerna,
744 804 46 13 vilkas
798 804 88 13 innehavare
895 803 69 13 tillsättas

509 826 51 12 genom
567 822 97 13 förordnande
671 822 29 13 tills
707 822 54 15 vidare,
769 822 43 15 utgår
818 822 53 15 arvode,
879 821 22 13 för
909 822 15 12 år
931 822 33 12 räk-

509 841 30 14 nat,
549 840 32 13 med
591 840 37 15 lägst
638 843 50 13 10,500
696 840 53 13 kronor
758 840 27 12 och
794 840 42 15 högst
847 843 49 12 11,940
905 839 59 13 kronor.

526 857 99 17 Tjänstemän,
634 862 31 9 som
674 857 68 14 tillsättas
750 861 52 12 genom
810 857 68 13 fullmakt
886 857 34 13 eller
928 857 35 13 kon-

509 875 83 16 stitutorial,
603 877 25 12 äro
638 875 73 13 fördelade
721 876 19 16 på
750 879 18 12 30
778 875 89 16 lönegrader.

528 893 6 13 I
547 893 115 13 statskalendern
675 894 25 12 äro
713 894 74 16 upptagna
801 893 116 16 tjänstemännen
930 893 32 13 från

508 912 27 12 och
545 911 33 13 med
589 912 30 12 16:e
629 911 91 16 lönegraden.

527 929 27 13 Till
562 929 17 13 de
587 929 70 13 särskilda
665 929 103 16 lönegraderna
775 929 73 12 hänföras:

527 947 28 13 Vid
564 947 88 13 riksbanken:
668 948 29 12 16:e
714 947 90 15 lönegraden:
814 946 38 13 vissa
862 946 103 13 kammarskri-

509 968 38 11 vare;
558 968 17 12 17:e:
606 965 61 13 kanslist
682 965 26 12 och
718 965 37 12 vissa
765 964 130 13 kammarskrivare
904 964 25 12 vid
938 964 27 12 hu-

509 982 98 13 vudkontoret
622 984 38 11 samt
677 982 5 13 i
692 982 73 16 Göteborg
775 982 27 12 och
813 982 58 15 Malmö;
883 982 35 12 18:e:
928 982 36 15 regi-

509 1001 69 12 stratorer
598 1000 26 13 vid
637 1000 154 16 avdelningskontoren
805 1001 41 11 utom
855 999 74 16 Göteborg
938 999 27 13 och

509 1018 58 16 Malmö;
585 1022 35 9 20:e:
639 1018 65 13 kassörer
716 1018 25 13 vid
753 1021 56 10 samma
821 1017 144 16 avdelningskontor;

509 1039 17 10 22:a:
561 1036 69 15 aktuarie,
646 1035 93 16 kontrollant,
754 1035 76 16 arkivarie,
845 1035 89 16 registrator,
944 1039 21 9 re-

509 1053 44 16 visor,
561 1054 54 15 kassör,
623 1054 99 13 föreståndare
730 1054 22 12 för
760 1053 113 16 sedelräknings-
881 1053 27 13 och
916 1054 49 15 mynt-

509 1071 185 16 räkningsavdelningarna,
707 1071 113 16 korrespondent
832 1072 38 12 samt
882 1070 83 14 bokhållare

509 1089 25 13 vid
542 1089 119 13 huvudkontoret
669 1090 68 12 ävensom
746 1089 58 15 revisor,
813 1089 89 16 registrator,
910 1089 55 12 korres-

509 1107 69 17 pondent,
589 1107 49 13 kassör
647 1108 27 12 och
684 1107 83 13 bokhållare
776 1107 5 12 i
791 1107 74 15 Göteborg
874 1107 26 12 och
911 1106 54 13 Malmö

509 1126 38 12 samt
569 1125 81 13 kamrerare
666 1125 25 13 vid
708 1125 38 13 vissa
763 1125 143 15 avdelningskontor;
929 1128 36 12 24:e:

509 1143 38 13 vissa
556 1143 80 13 kamrerare
644 1143 25 13 vid
677 1143 119 13 huvudkontoret
804 1144 39 11 samt
851 1142 81 13 kamrerare
940 1142 25 13 vid

509 1161 38 13 vissa
562 1161 143 16 avdelningskontor;
720 1161 35 13 26:e:
775 1160 92 16 sekreterare,
885 1160 81 13 statistiker

509 1179 27 13 och
547 1179 38 12 vissa
597 1179 81 12 kamrerare
689 1179 25 12 vid
726 1178 119 13 huvudkontoret
856 1179 38 12 samt
909 1178 56 12 kamre-

509 1200 32 9 rare
554 1197 5 12 i
571 1196 73 16 Göteborg
657 1196 27 13 och
697 1196 57 16 Malmö;
775 1200 35 12 30:e:
828 1196 138 13 bankosekreterare

509 1214 27 13 och
549 1214 95 13 ombudsman
658 1216 38 11 samt
709 1214 148 13 bankokommissarie
870 1213 24 13 vid
908 1213 57 13 huvud-

510 1232 72 13 kontoret.

528 1250 27 13 Vid
572 1250 133 16 riksgäldskontoret:
723 1250 29 13 16:e
769 1250 27 12 och
814 1252 30 13 17:e
858 1249 109 16 lönegraderna:

510 1268 134 15 kammarskrivare;
658 1271 32 10 22:a:
708 1268 42 12 notarie,
782 1268 54 15 kassör,
850 1267 80 13 statistiker
939 1267 27 12 och

510 1285 83 13 bokhållare
603 1287 38 11 samt
651 1285 60 16 revisor;
725 1289 7 9 26:e:
775 1285 88 13 sekreterare
872 1285 27 13 och
910 1284 55 13 kamre-

510 1307 36 12 rare;
558 1306 35 13 27:e:
605 1303 44 13 förste
660 1303 60 16 revisor;
731 1307 21 12 30:e:
772 1302 160 17 riksgäldssekreterare
938 1302 27 13 och

510 1321 95 13 ombudsman
617 1322 38 12 samt
666 1320 175 17 riksgäldskommissarie.

528 1339 28 13 Vid
572 1339 143 16 riksdagsbiblioteket:
731 1342 22 10 21:a
778 1338 92 16 lönegraden:
882 1342 21 9 2:e
914 1337 52 13 biblio-

511 1357 58 16 tekarie;
578 1361 31 12 24:e:
623 1361 21 9 1:e
652 1356 104 16 bibliotekarie;
766 1360 17 12 30:e:
818 1355 131 14 överbibliotekarie.

529 1375 27 13 Vid
568 1374 250 17 fustitieombudsmansexpeditionen:
832 1375 31 12 26:e
875 1373 91 16 lönegraden:

510 1393 93 13 sekreterare.

529 1410 28 14 Vid
567 1410 248 16 militieombudsmansexpeditionen:
831 1413 31 13 24:e
872 1409 95 16 lönegraden:

511 1428 118 17 byråintendent.

529 1446 23 13 Av
557 1446 18 13 de
583 1447 26 12 här
614 1447 75 16 upptagna
697 1436 103 33 lönegraderna
804 1436 63 33 omfatta
878 1446 53 15 16—19
943 1449 25 9 en-

511 1468 27 9 var
545 1468 7 12 5
560 1464 26 13 och
594 1468 54 12 20—30
654 1468 46 9 envar
711 1468 8 12 4
727 1464 90 13 löneklasser.
834 1463 104 17 Uppflyttning
945 1462 22 14 till

481 1508 34 16 153
