1056 1572
106 236 62 26 [148]

124 276 48 35 V.
222 274 290 47 Riksdagen,
543 274 110 37 dess
685 273 328 38 Ombudsmän

437 328 89 37 och
557 328 139 36 Verk.

258 406 144 28 Riksdagen.

121 449 67 15 Lagtima
199 449 60 15 riksdag
271 448 42 16 skall,
324 448 5 13 i
341 448 40 13 kraft
393 452 19 9 av
423 448 46 13 rikets
481 448 78 16 regerings-

103 466 43 16 form,
156 467 109 12 sammanträda
276 466 40 16 varje
327 466 16 12 år
352 466 28 12 den
392 470 16 8 10
419 466 58 16 januari
486 466 40 15 eller,
536 470 22 8 om

103 484 62 16 helgdag
174 484 19 13 då
202 484 74 16 inträffar,
285 484 47 15 dagen
342 484 69 12 därefter.

122 502 49 13 Första
183 502 87 12 kammarens
281 502 74 12 ledamöter
365 502 26 12 äro
403 505 26 12 150
441 501 26 13 och
479 501 47 16 väljas
537 501 23 13 för

104 520 32 13 åtta
146 520 21 15 år,
176 520 64 12 räknade
249 519 33 13 från
292 520 27 12 och
328 520 34 12 med
371 519 58 17 januari
437 519 61 13 månads
508 519 51 16 början

103 538 32 12 året
143 539 34 11 näst
186 538 37 12 efter
232 538 30 15 det,
271 538 47 12 under
326 538 47 12 vilket
382 537 39 13 valet
430 537 45 16 skett,
484 541 19 9 av
512 537 47 13 lands-

104 555 49 16 tingen
167 556 27 12 och
207 555 133 16 stadsfullmäktige
353 555 4 12 i
370 555 18 13 de
401 555 54 16 städer,
467 559 31 9 som
510 555 12 16 ej
530 555 29 12 del-

104 575 34 14 taga
149 573 5 13 i
170 573 79 16 landsting.
267 573 28 13 För
308 573 24 13 val
344 573 24 13 till
380 573 52 13 Första
446 573 84 13 kammaren
544 574 16 11 är

103 591 38 13 riket
154 591 55 13 indelat
223 591 4 13 i
242 595 16 12 19
272 591 86 13 valkretsar.
381 591 92 13 Stockholms
486 591 34 13 stad
532 591 27 12 och

103 609 81 16 Göteborgs
197 609 33 13 stad
243 610 52 14 utgöra
307 613 27 9 var
346 609 23 12 för
381 609 21 16 sig
415 613 17 9 en
443 609 70 12 valkrets.
531 609 28 12 An-

103 631 29 8 nan
145 627 39 16 stad,
197 631 32 8 som
242 627 12 16 ej
268 627 66 15 deltager
345 627 3 12 i
359 627 78 15 landsting,
446 627 50 12 tillhör
504 630 55 9 samma

103 645 65 13 valkrets
178 648 32 10 som
221 645 25 12 det
257 644 146 16 landstingsområde,
414 644 33 13 vari
457 644 51 13 staden
519 644 40 13 förut

102 663 54 15 ingått.
178 662 94 16 Indelningen
289 662 5 13 i
310 663 82 12 valkretsar
407 662 79 13 innehålles
505 662 4 13 i
530 662 29 13 val-

103 680 46 16 lagen.
167 681 28 12 För
210 681 41 16 varje
266 680 65 13 valkrets
347 680 46 16 väljes
409 680 37 13 efter
456 680 103 16 folkmängden

103 699 40 12 inom
157 698 32 13 dess
201 699 59 12 område
271 702 18 9 en
299 698 101 16 riksdagsman
411 698 24 13 för
445 699 34 12 vart
490 698 34 13 fullt
534 698 26 16 tal,

103 716 104 13 motsvarande
219 716 29 16 1/10
261 720 18 9 av
290 716 47 13 rikets
348 716 90 16 folkmängd.
456 716 103 13 Valkretsarna

102 734 56 13 indelas
166 734 4 13 i
179 734 31 13 åtta
218 738 68 12 grupper,
292 734 49 13 vilken
349 734 74 16 indelning
431 734 79 13 fastställes
517 734 5 12 i
530 734 30 13 val-

103 752 47 16 lagen.
165 752 44 16 Varje
218 752 16 13 år
242 752 46 13 under
296 752 83 16 september
386 752 54 13 månad
448 752 38 13 skall
493 752 40 13 inom
542 756 17 9 en

103 774 19 9 av
131 771 64 12 nämnda
203 774 63 12 grupper
273 770 70 13 förrättas
352 770 24 13 val
384 770 23 13 för
415 770 98 16 nästföljande
522 770 37 13 åtta-

103 788 79 16 årsperiod.
201 788 29 13 Det
244 788 41 13 antal
297 788 100 16 riksdagsmän
412 788 18 12 de
444 788 72 13 särskilda
530 788 29 13 val-

103 806 76 13 kretsarna
194 806 41 13 skola
249 807 32 11 utse
296 806 87 13 bestämmes
398 806 45 15 enligt
457 806 102 13 ovannämnda

103 828 42 8 norm
155 828 19 9 av
185 824 81 15 Konungen
277 825 34 11 vart
322 828 30 8 10:e
363 824 16 12 år
390 824 24 16 (K.
425 824 44 15 kung.
479 824 51 13 härom
536 823 23 16 !3/s

105 842 46 15 1941).
170 842 64 12 Valbara
248 843 26 11 äro
287 842 5 12 i
303 842 112 12 kommunernas
429 842 74 12 allmänna
517 845 42 12 ange-

103 860 84 15 lägenheter
195 859 123 16 röstberättigade
328 861 34 11 män
371 860 27 12 och
408 859 68 16 kvinnor,
486 863 31 10 som
523 863 36 13 upp-

104 878 33 12 nått
147 881 17 12 35
175 877 23 13 års
208 877 44 13 ålder.

122 896 50 12 Andra
179 895 87 13 kammarens
274 895 73 13 ledamöter
355 896 25 12 äro
389 899 31 12 230,
429 895 44 13 valda
481 895 23 13 för
511 899 18 9 en
538 895 21 13 tid

104 917 18 9 av
131 913 32 16 fyra
172 913 21 16 år,
201 913 64 13 räknade
273 913 33 13 från
314 913 27 13 och
350 913 33 13 med
392 913 58 16 januari
458 913 61 13 månads
527 913 33 12 bör-

103 931 25 16 jan
139 931 31 13 året
180 932 33 12 näst
224 931 37 13 efter
270 931 30 15 det,
311 931 46 13 under
366 931 47 13 vilket
423 931 39 13 valet
472 931 44 13 skett.
532 931 28 12 För

103 949 42 13 dessa
152 948 25 14 val
183 950 17 12 är
204 949 39 13 riket
249 949 56 13 indelat
312 949 4 12 i
324 949 17 13 28
348 949 87 13 valkretsar.
447 949 29 12 För
482 949 41 16 varje
530 949 30 12 val-

104 967 39 12 krets
149 967 46 16 väljes
201 967 37 13 efter
243 967 103 15 folkmängden
352 967 40 12 inom
397 967 33 12 dess
436 967 58 12 område
501 971 17 8 en
523 966 36 13 riks-

103 985 70 15 dagsman
179 985 58 13 förvart
242 985 34 12 fullt
281 985 25 15 tal,
311 985 103 13 motsvarande
418 984 29 16 !/230
452 984 67 13 avrikets
524 984 36 13 folk-

104 1003 58 15 mängd.
178 1002 51 13 Rikets
238 1002 74 16 indelning
322 1002 5 13 i
336 1002 82 13 valkretsar
426 1002 80 13 innehålles
515 1002 5 13 i
530 1002 30 13 val-

104 1020 46 16 lagen.
163 1020 44 16 Varje
214 1020 23 13 län
245 1022 44 14 utgör
295 1024 17 9 en
320 1020 69 16 valkrets,
396 1022 41 11 utom
446 1018 78 18 Älvsborgs
531 1020 28 15 län,

103 1042 32 9 som
143 1039 17 12 är
166 1038 40 13 delat
214 1038 4 13 i
227 1042 7 9 2
242 1038 63 16 kretsar,
312 1038 73 16 varjämte
392 1038 64 16 följande
464 1038 50 13 städer
521 1038 39 13 bilda

104 1060 27 9 var
138 1056 21 13 sin
168 1056 70 13 valkrets:
247 1056 13 16 1)
269 1056 90 16 Stockholm,
368 1056 13 16 2)
391 1056 58 16 Malmö,
458 1056 102 16 Hälsingborg,

104 1074 95 13 Landskrona
211 1074 26 13 och
250 1074 47 16 Lund,
309 1074 13 16 3)
336 1074 78 16 Göteborg.
431 1074 29 13 Det
472 1074 41 13 antal
523 1074 37 13 riks-

104 1092 75 16 dagsmän,
188 1092 41 16 varje
238 1092 64 13 valkrets
312 1093 34 15 äger
354 1094 38 14 utse,
400 1092 79 13 fastställes
489 1092 23 13 för
520 1092 40 16 varje

104 1110 107 16 fyraårsperiod
220 1114 18 9 av
246 1110 81 16 Konungen
337 1110 24 16 (K.
371 1110 43 16 kung.
424 1110 50 13 härom
481 1109 24 16 22/5
515 1111 45 15 1944).

104 1128 58 13 Valrätt
172 1128 89 13 tillkommer
269 1132 46 9 envar
323 1128 53 13 svensk
384 1132 34 9 man
427 1128 27 13 och
462 1128 60 16 kvinna,
529 1126 38 15 som
556 1122 15 28 |

104 1147 49 12 senast
162 1146 46 13 under
216 1146 120 16 nästföregående
342 1146 86 13 kalenderår
433 1146 34 16 fyllt
474 1150 15 9 21
498 1146 21 16 år,
523 1146 38 13 dock

104 1164 13 16 ej
125 1164 34 15 den,
165 1168 32 9 som
203 1164 32 13 står
240 1164 47 13 under
292 1164 126 16 förmynderskap.
428 1164 63 13 Valbara
496 1165 26 12 äro
527 1168 33 9 män
566 1175 1 3 |

104 1182 26 12 och
141 1182 69 15 kvinnor,
219 1186 31 9 som
260 1182 64 16 uppnått
335 1185 16 12 25
362 1182 24 13 års
396 1182 40 13 ålder
445 1183 39 12 samt
494 1183 27 14 äga
531 1182 29 13 val-

105 1201 31 11 rätt
145 1199 40 13 inom
195 1200 83 13 valkretsen
288 1200 41 16 eller,
339 1200 27 13 där
375 1200 41 16 fråga
425 1201 17 12 är
451 1204 24 9 om
485 1200 38 16 stad,
530 1204 30 9 som

105 1217 50 13 består
164 1221 19 9 av
192 1217 37 13 flera
238 1218 88 15 valkretsar,
334 1218 41 13 inom
384 1218 47 15 någon
442 1222 19 8 av
470 1218 46 13 dessa.

122 1235 93 13 Gemensamt
224 1236 23 12 för
255 1236 39 12 båda
303 1236 85 13 kamrarnas
395 1235 81 14 ledamöter
482 1235 50 16 gäller,
539 1236 22 12 att

104 1253 203 17 riksdagsmannabefattning
319 1254 28 12 kan
358 1255 52 12 utövas
420 1254 51 12 endast
481 1257 18 9 av
508 1254 52 12 svensk

105 1271 99 16 medborgare.

123 1289 30 13 Till
166 1289 38 13 båda
218 1289 78 13 kamrarna
309 1289 26 13 ske
349 1289 41 13 valen
405 1290 33 12 med
450 1289 111 17 proportionellt

105 1307 56 13 valsätt.

122 1325 94 12 Beträffande
230 1325 98 15 ersättningen
343 1325 23 13 för
378 1325 183 16 riksdagsmannauppdra-

105 1344 31 14 gets
150 1342 91 16 fullgörande
258 1343 38 12 hava
312 1343 109 13 bestämmelser
435 1343 44 15 givits
492 1343 5 12 i
511 1346 17 9 en
543 1347 18 8 av

106 1360 80 16 Konungen
201 1361 27 12 och
241 1360 76 16 riksdagen
333 1361 16 12 år
365 1365 34 11 1941
415 1360 65 13 samfällt
495 1360 66 13 beslutad

104 1378 58 15 stadga.
182 1378 130 13 Bestämmelserna
326 1380 25 11 äro
366 1379 4 12 i
382 1378 57 16 princip
448 1378 83 13 utformade
540 1378 20 15 så,

105 1397 23 11 att
143 1396 53 13 arvode
210 1396 43 12 utgår
268 1396 51 13 endast
334 1396 8 13 å
356 1396 43 16 tider,
414 1396 19 13 då
448 1396 68 15 ärenden,
531 1400 30 9 som

106 1414 81 15 Konungen
202 1413 62 16 förelagt
277 1414 82 15 riksdagen,
374 1415 24 12 äro
412 1414 71 13 beroende
495 1414 19 16 på
528 1414 33 12 den-

106 1435 27 9 nas
147 1431 72 16 prövning
233 1432 35 12 eller
278 1432 19 12 då
307 1432 78 16 riksdagen
394 1432 42 16 eljest
446 1432 116 13 sammanträder

105 1450 24 12 för
144 1450 96 15 mottagande
255 1453 19 9 av
287 1450 96 13 meddelande
392 1449 45 16 enligt
447 1450 6 15 $
464 1450 17 15 56
490 1450 72 14 riksdags-

105 1467 81 16 ordningen
200 1467 5 13 i
219 1467 125 17 utrikespolitiskt
357 1467 35 14 eller
401 1469 46 12 annat
457 1467 58 13 ärende.
534 1467 27 13 Vid

105 1485 60 16 lagtima
182 1486 59 15 riksdag
255 1485 38 13 skall
309 1486 53 13 arvode
378 1486 37 13 dock
431 1485 35 16 utgå
482 1486 22 12 för
517 1485 44 13 minst

552 1529 9 15 2

503 70 115 23 Riksdagen.

574 406 32 16 fyra
615 406 74 16 månader,
699 406 16 13 så
724 406 45 13 framt
778 406 13 17 ej
800 406 77 16 riksdagen
887 406 100 13 dessförinnan
994 411 36 12 upp-

564 434 2 8 |
574 424 41 13 löses.
639 424 65 13 Arvodet
717 424 46 13 under
779 424 61 16 lagtima
855 425 27 12 och
895 425 55 12 urtima
964 425 66 16 riksdags

565 446 1 3 |
574 442 64 13 faktiska
648 442 154 13 sammanträdestider
809 443 44 15 utgår
861 443 33 12 med
904 445 27 13 750
940 443 22 12 kr.
972 443 23 13 för
1000 443 30 13 må-

565 459 1 19 |
575 460 28 12 nad
613 460 23 12 för
648 460 105 15 riksdagsman,
767 464 31 9 som
812 462 16 11 är
842 461 49 12 bosatt
903 460 5 13 i
917 460 112 16 riksdagsorten,

565 479 1 16 |
575 478 26 12 och
622 481 40 12 1,000
677 478 22 12 kr.
715 478 22 12 för
752 478 53 12 månad
821 478 23 12 för
860 481 47 9 annan
923 478 107 15 riksdagsman.

565 497 1 16 |
576 495 105 16 Riksdagsman
696 496 33 15 äger
743 495 19 16 på
774 496 25 12 det
811 495 82 13 allmännas
903 495 81 14 bekostnad
993 496 37 12 före-

576 514 33 15 taga
624 517 39 9 resor
673 513 8 13 å
690 513 60 16 statliga
764 514 27 12 och
805 513 67 13 enskilda
885 513 83 17 järnvägar.
988 514 42 12 Riks-

575 532 74 15 dagsman,
660 535 31 9 som
701 535 16 9 är
726 531 49 13 bosatt
786 532 8 12 å
804 535 48 9 annan
862 533 22 11 ort
894 532 19 12 än
920 532 26 12 där
952 532 77 15 riksdagen

575 549 51 16 hålles,
641 550 34 15 äger
688 549 55 16 jämväl
757 549 25 13 vid
797 549 93 16 begagnande
903 553 18 9 av
934 550 45 12 annat
992 549 38 13 färd-

575 567 47 12 medel
631 568 18 11 än
659 567 5 12 i
673 567 46 12 första
733 567 57 16 stycket
803 568 40 14 sagts
853 567 18 16 på
881 567 25 13 det
915 567 82 13 allmännas
1006 567 24 13 be-

575 585 63 12 kostnad
652 588 31 9 resa
697 584 24 13 till
732 585 27 12 och
772 585 33 12 från
814 585 77 15 riksdagen
901 586 38 11 samt
947 585 47 12 under
1003 585 27 15 tid,

575 602 19 13 då
603 603 54 12 arvode
667 602 25 13 till
699 603 53 12 honom
761 603 48 16 utgår,
819 602 54 13 mellan
885 602 109 17 riksdagsorten
1003 603 27 13 och

575 621 79 12 hemorten.

594 638 88 13 Kamrarnas
696 637 54 13 talmän
760 638 55 13 erhålla
824 638 46 13 under
879 638 27 15 tid,
916 638 19 13 då
945 638 53 13 arvode
1008 638 23 12 till

574 656 34 13 dem
622 656 48 16 utgår,
683 656 174 16 representationsbidrag
870 656 33 12 med
918 660 41 12 1,000
973 656 21 13 kr.
1008 656 23 13 för

575 674 58 16 månad,
647 674 37 13 dock
693 674 42 16 högst
744 674 34 13 med
788 677 40 13 5,000
838 674 23 13 kr.
870 674 46 12 under
925 675 22 11 ett
956 674 27 13 och
993 678 37 8 sam-

574 696 24 9 ma
608 692 89 13 kalenderår.

593 710 55 13 Genom
657 713 17 9 en
685 714 16 8 år
711 713 33 12 1941
755 709 73 16 företagen
839 709 62 16 ändring
910 709 18 16 i$
928 699 24 31 30
958 709 73 16 riksdags-

575 728 79 15 ordningen
668 728 27 12 har
709 727 76 16 möjlighet
800 728 56 12 beretts
870 728 23 12 att
908 727 26 13 vid
949 727 33 16 krig
997 727 34 13 eller

575 745 70 16 krigsfara
655 745 79 17 uppskjuta
744 745 24 13 val
780 745 24 13 till
812 745 81 16 riksdagen,
903 745 26 13 såväl
953 745 24 13 till
985 745 45 13 första

575 767 30 9 som
615 764 45 12 andra
669 763 89 13 kammaren.
777 763 80 16 Konungen
870 763 26 13 och
906 763 77 16 riksdagen
992 763 38 13 hava

575 781 72 16 nämligen
666 781 87 15 berättigats
770 782 23 12 att
807 782 89 14 gemensamt
910 781 62 15 besluta,
988 782 23 12 att
1026 781 4 12 i

575 799 63 13 nämnda
652 799 25 13 fall
691 799 24 13 val
729 799 24 13 till
765 799 76 15 riksdagen
856 798 42 16 skall,
912 803 23 9 om
949 799 25 12 det
983 799 47 13 finnes

575 817 115 16 oundgängligen
702 817 97 15 nödvändigt,
808 817 92 16 uppskjutas,
910 816 37 13 dock
957 817 42 15 högst
1009 818 21 11 ett

575 835 16 13 år
600 842 18 2 —
628 835 62 13 beslutet
698 835 29 12 kan
737 835 81 12 emellertid
826 838 73 13 upprepas
909 841 17 3 —
935 834 32 13 från
974 834 25 13 det
1006 838 25 9 va-

575 852 20 14 let
604 853 33 13 bort
647 854 26 15 äga
683 857 37 11 rum,
729 853 27 13 och
766 854 23 11 att
795 852 82 16 valperiod,
883 856 30 9 som
920 852 48 13 skolat
974 852 56 16 utlöpa,

575 870 71 17 förlänges
660 871 33 13 med
707 872 21 11 ett
740 870 21 13 år.
780 870 56 13 Härvid
846 870 23 13 må
878 870 49 13 tillika
937 870 93 16 bestämmas,

575 890 22 12 att
607 889 114 16 giltighetstiden
735 888 23 13 för
771 888 25 13 det
805 888 29 16 val,
843 892 31 9 som
884 889 34 15 äger
926 892 33 9 rum
953 881 16 30 i
982 888 49 13 stället

575 907 22 12 för
606 907 25 12 det
645 907 94 16 uppskjutna,
754 906 37 13 skall
804 907 73 12 förkortas
889 906 33 13 med
931 907 22 12 ett
963 906 21 13 år.
1003 906 28 13 För

575 925 83 15 riksdagens
670 924 24 13 del
702 924 72 13 erfordras
783 924 81 13 emellertid
873 924 23 13 för
904 924 48 13 beslut
961 928 24 9 om
995 928 36 12 upp-

575 943 36 13 skov
624 946 19 9 av
657 942 24 13 val
695 942 26 13 och
735 942 91 16 förlängning
839 946 19 9 av
871 942 76 16 valperiod
959 942 45 13 minst
1013 941 17 16 2/s

575 960 74 17 majoritet
663 960 4 13 i
681 960 61 13 vardera
755 960 88 13 kammaren.
862 960 28 12 Det
903 964 31 12 nya
943 960 88 15 stadgandet

565 978 1 10 |
575 982 23 9 om
608 978 91 16 förlängning
712 981 19 10 av
744 978 75 16 valperiod
832 978 57 13 medför
902 978 43 15 ingen
953 978 78 12 inskränk-

575 996 34 16 ning
619 996 4 13 i
634 996 87 16 Konungens
730 997 30 11 rätt
770 997 22 12 att
801 996 68 13 förordna
878 1000 25 9 om
912 999 29 13 nya
951 995 28 13 val.

594 1014 77 13 Allmänna
680 1014 24 13 val
713 1014 23 12 till
744 1014 50 13 Andra
802 1014 86 12 kammaren
896 1014 55 12 skedde
959 1015 49 12 senast
1016 1013 15 13 år

565 1034 2 4 |
577 1036 40 12 1944,
626 1032 41 13 vilka
677 1032 24 13 val
710 1032 38 16 gälla
757 1032 23 12 för
789 1032 69 16 perioden
869 1032 96 16 1945—1948.

696 1103 75 17 Första
785 1102 121 18 kammaren.

716 1145 115 18 Stockholms
843 1146 47 17 stad.

566 1180 1 27 |
658 1181 125 21 (Mandattiden
796 1181 48 22 utgår
857 1181 18 17 år
890 1181 58 22 1953.)

566 1227 2 2 |
576 1218 60 18 Ström,
649 1218 40 16 Otto
699 1218 78 19 Fredrik,
786 1218 124 16 Skriftställare
918 1216 53 23 [851],
982 1219 10 15 f.
1002 1218 28 19 80;

567 1239 1 3 |
601 1243 22 15 46
636 1240 44 21 (adr.
693 1240 99 21 Ulvsunda).

567 1265 1 18 |
576 1265 76 20 Ewerlöf,
665 1266 47 16 Knut
726 1266 83 19 Gerhard,
823 1266 83 16 Direktör
914 1264 53 22 [928],
981 1266 11 16 f.
1002 1266 27 18 90;

567 1284 1 20 |
601 1291 22 15 46
636 1288 43 22 (adr.
693 1288 112 22 Stockholm).

576 1313 66 19 Strand,
665 1314 43 16 Axel
729 1314 87 19 Wilhelm,
838 1313 192 21 Riksgäldsfullmäktig

600 1335 53 22 [211],
667 1338 11 15 f.
692 1337 28 19 93;
734 1338 22 16 46
769 1335 43 22 (adr.
826 1335 111 21 Stockholm).

577 1360 81 21 Bergvall,
669 1362 45 20 John
727 1361 78 19 Helmer,
819 1361 83 16 Direktör
911 1359 53 22 [195],
978 1361 11 15 f.
1003 1361 27 18 92;

601 1385 22 16 46
636 1384 42 20 (adr.
692 1383 113 21 Stockholm).

577 1408 85 21 Branting,
680 1409 63 20 Georg,
761 1409 15 20 J.
795 1409 28 19 K.,
843 1408 85 19 Advokat,
941 1409 11 15 f.
966 1407 28 19 87;
1008 1409 22 15 46

567 1434 2 13 |
600 1431 43 21 (adr.
657 1431 112 21 Stockholm).

567 1448 2 21 |
577 1455 98 20 Nordenson,
688 1456 70 19 Harald,
775 1456 82 16 Direktör
869 1453 52 23 [962],
941 1456 11 16 f.
966 1456 28 18 86;
1008 1455 21 16 46

567 1470 2 30 I
600 1479 43 21 (adr.
657 1478 111 22 Stockholm).

564 1528 22 17 30
