1256 1902
552 36 117 25 Riksdagen

37 239 12 28 I
137 237 180 38 Riksdagen

34 338 11 23 1
117 346 27 15 100
153 346 16 14 12
178 346 98 15 Stockholm.
283 345 32 15 Tel.
323 346 47 14 08-14
377 345 19 15 20
403 345 23 15 20.

36 376 151 20 Regeringsformen
205 376 31 15 den
255 376 18 15 28
292 375 38 16 febr.
351 376 38 15 1974
406 376 26 18 (nr
452 375 34 17 152;
504 375 79 19 omtryckt

38 399 43 15 1982:
88 399 38 17 940;
135 398 62 15 ändrad
206 401 52 13 senast
270 398 43 15 1982:
320 398 41 19 940).
372 397 170 20 Riksdagsordningen
552 397 31 15 den

35 421 19 15 28
69 421 39 15 febr.
125 421 38 15 1974
176 421 25 18 (nr
218 421 34 16 153;
266 420 78 19 omtryckt
361 420 78 17 1983:86;
454 420 62 15 ändrad
530 422 53 13 senast

38 443 44 15 1981:
84 438 56 28 1097).
157 443 56 19 Vallag
229 443 31 15 den
277 443 8 15 8
302 442 34 16 dec.
355 443 37 14 1972
409 443 26 18 (nr
451 442 37 17 620;
505 442 79 19 omtryckt

38 466 44 15 1982:
91 466 35 17 146;
133 465 63 15 ändrad
203 468 53 12 senast
265 465 43 15 1982:
315 465 41 18 411).

36 510 91 19 Riksdagen
135 510 39 15 skall
181 509 120 16 sammanträda
307 509 22 15 till
337 509 65 19 lagtima
409 509 76 15 riksmöte
492 508 42 19 varje
540 509 17 14 år
564 509 20 18 på

35 532 31 19 dag
75 532 3 15 i
87 532 90 19 september
185 532 38 15 eller
231 531 68 16 oktober
307 536 34 10 som
351 531 84 19 riksdagen
445 531 28 15 har
481 531 68 15 bestämt
558 531 26 15 vid

36 555 69 14 närmast
113 554 98 19 föregående
219 554 64 19 lagtima
291 553 80 16 riksmöte.
380 553 71 20 Lagtima
460 553 81 17 riksmöte,
549 558 34 10 som

35 577 28 15 har
71 577 52 15 inletts
130 577 51 15 under
188 576 67 20 augusti,
263 576 90 19 september
360 576 38 15 eller
404 576 74 17 oktober,
485 576 39 15 skall
532 576 52 14 avslu-

93 602 23 12 ast
122 599 30 15 den
159 599 16 15 31
184 599 30 19 maj
220 594 69 28 följande
290 594 29 28 år.
326 598 91 19 Riksdagen
424 598 30 15 kan
461 603 26 10 om
493 598 91 19 synnerliga

94 621 66 20 religger
166 621 72 19 förlänga
245 621 87 18 riksmötet,
339 621 41 15 dock
388 621 51 19 längst
445 620 22 16 till
473 621 31 15 och
510 620 36 15 med
553 620 30 15 den

38 645 15 14 15
60 644 39 19 juni.

57 666 91 19 Riksdagen
156 666 28 15 har
191 667 29 14 349
227 666 93 15 ledamöter.
329 666 116 15 Ledamöterna
453 665 39 19 väljs
499 665 51 15 direkt
558 665 26 15 vid

35 692 21 12 ett
63 689 42 15 enda
112 688 62 16 tillfälle
182 688 25 15 för
214 693 18 10 en
241 688 56 19 period
304 693 19 10 av
331 691 22 12 tre
361 688 17 15 år
384 688 89 18 (ordinarie
481 688 36 18 val).

56 711 24 15 Av
91 711 87 15 mandaten
189 712 17 14 är
216 711 30 15 310
256 710 40 15 fasta
308 710 141 17 valkretsmandat,
461 710 42 15 vilka
514 710 70 15 fördelas

35 734 59 14 mellan
105 733 59 19 partier
174 733 20 19 på
204 733 78 19 grundval
294 737 18 11 av
324 733 107 15 valresultatet
443 732 3 15 i
458 732 42 19 varje
511 732 72 15 valkrets.

36 756 63 15 Antalet
107 756 41 15 fasta
156 755 135 15 valkretsmandat
299 755 3 15 i
311 755 42 19 varje
361 755 68 15 valkrets
437 755 85 15 fastställes
530 754 25 15 för
562 757 22 13 tre

35 778 17 15 år
58 778 3 15 i
67 778 59 15 sänder
131 778 20 19 på
157 778 78 19 grundval
241 782 19 11 av
266 782 19 11 en
291 777 89 19 beräkning
385 782 19 10 av
411 777 108 15 förhållandet
525 777 58 15 mellan

35 801 59 14 antalet
102 800 131 19 röstberättigade
241 800 3 15 i
252 800 88 15 valkretsen
348 800 30 15 och
386 800 59 14 antalet
453 799 131 19 röstberättigade

36 823 3 14 i
47 823 35 15 hela
90 823 38 15 riket
135 822 49 20 enligt
191 823 73 14 närmare
271 822 99 15 föreskrifter
377 822 3 15 i
388 822 78 19 vallagen.
473 819 59 22 Övriga
540 826 44 10 man-

35 845 27 15 dat
68 846 17 14 är
90 845 170 19 utjämningsmandat,
267 844 41 15 vilka
314 844 39 15 först
359 844 71 15 fördelas
436 844 58 15 mellan
501 844 58 19 partier
564 844 20 19 på

35 867 78 19 grundval
121 872 19 10 av
148 867 117 15 valresultatet
255 862 14 28 i
274 867 35 15 hela
317 866 39 16 riket
363 867 30 14 och
401 866 70 15 därefter
478 866 67 15 tillföres
553 866 31 15 val-

36 889 63 16 kretsar.
109 890 30 14 För
147 889 42 19 varje
197 889 66 15 mandat
271 894 34 10 som
315 889 39 19 parti
363 889 29 15 fått
400 891 42 13 utses
450 889 3 14 i
463 888 121 16 vederbörande

36 912 68 15 valkrets
110 917 19 10 en
137 912 144 19 riksdagsledamot
288 911 48 19 enligt
343 911 99 15 föreskrifter
449 915 34 11 som
491 911 82 15 meddelas
580 910 3 15 i

36 934 77 19 vallagen.
121 934 39 15 Parti
167 938 34 11 som
209 934 28 15 har
243 934 28 15 fått
278 934 62 14 mindre
347 934 19 14 än
374 933 33 19 fyra
414 936 66 16 procent
487 938 19 10 av
513 934 71 14 rösterna

36 956 23 15 får
67 956 32 15 inte
106 956 42 15 delta
157 956 3 15 i
168 956 186 19 mandatfördelningen.
363 955 56 16 Partiet
428 956 30 14 kan
467 955 41 15 dock
517 955 14 15 få
540 960 44 10 man-

35 979 27 15 dat
70 979 3 14 i
82 979 68 14 valkrets
157 978 29 15 där
192 978 26 15 det
226 978 28 15 har
261 978 29 15 fått
298 978 47 15 minst
352 978 33 15 tolv
393 981 66 16 procent
467 982 19 10 av
494 979 76 13 rösterna.

57 1000 215 20 Riksdagsmannauppdrag
280 1000 31 15 kan
320 1001 56 14 utövas
384 1000 56 15 endast
448 1004 19 10 av
475 1000 57 15 svensk
541 1000 43 14 med-

35 1023 67 19 borgare
111 1027 34 11 som
154 1023 16 14 är
179 1022 65 19 myndig
252 1023 30 14 och
291 1025 81 16 upptagen
381 1022 3 15 i
394 1022 82 19 röstlängd
484 1022 53 15 såsom
546 1023 38 14 röst-

35 1045 94 19 berättigad.

56 1067 87 15 Allmänna
155 1067 24 15 val
191 1067 41 19 ägde
243 1070 52 12 senast
307 1071 34 11 rum
356 1067 37 14 1982
404 1066 30 15 och
447 1067 48 18 avsåg
507 1066 77 19 perioden

38 1090 104 14 1982—1985.

57 1111 103 16 Beträffande
170 1111 152 19 riksdagsledamots
331 1111 88 19 ersättning
428 1111 28 15 har
465 1111 120 15 bestämmelser

35 1137 53 12 senast
98 1134 46 19 givits
155 1134 4 14 i
170 1133 152 20 ersättningsstadga
333 1133 31 15 den
378 1134 16 14 17
405 1133 34 15 dec.
454 1134 34 14 1971
501 1134 25 17 (nr
540 1133 44 16 1197;

35 1156 62 15 ändrad
104 1156 30 15 och
141 1156 78 19 omtryckt
226 1159 53 12 senast
288 1156 43 15 1982:
341 1156 34 18 119)
382 1155 25 15 för
413 1155 93 19 riksdagens
513 1155 71 15 ledamö-

35 1181 27 13 ter.
72 1178 151 19 Riksdagsledamot
231 1178 69 19 åtnjuter
308 1178 60 15 arvode
376 1178 35 15 från
420 1178 30 15 och
459 1178 36 15 med
505 1178 79 19 ingången

36 1205 18 11 av
62 1201 31 15 den
101 1201 59 15 månad
167 1201 20 14 då
195 1201 31 14 han
233 1200 39 15 skall
280 1203 15 12 ta
302 1201 41 18 plats
350 1200 3 15 i
362 1200 90 19 riksdagen,
460 1200 42 15 dock
509 1200 14 19 ej
530 1200 25 15 för
562 1200 22 15 tid

36 1223 49 15 innan
92 1223 31 15 han
130 1223 45 15 blivit
182 1223 76 17 ledamot,
264 1223 22 15 till
293 1223 30 15 och
331 1222 36 15 med
374 1223 80 18 utgången
461 1227 19 10 av
486 1222 31 15 den
525 1222 59 15 månad

35 1245 20 15 då
66 1245 224 19 riksdagsmannauppdraget
301 1245 68 19 upphör.
381 1245 65 15 Arvode
456 1245 46 19 utgår
512 1245 35 14 med
558 1245 26 14 be-

36 1268 39 19 lopp
86 1267 25 16 för
121 1268 60 14 månad
192 1272 34 10 som
238 1270 88 12 motsvarar
337 1267 22 15 tio
369 1267 92 15 tolftedelar
472 1272 19 10 av
503 1267 47 15 lönen
562 1267 22 15 till

35 1290 131 18 statstjänsteman
174 1290 3 14 i
184 1290 74 18 lönegrad
266 1290 11 14 F
283 1290 22 14 25.
314 1289 54 15 Därtill
375 1289 95 15 tillkommer
476 1294 19 10 en
502 1289 81 15 kostnads-

35 1312 88 18 ersättning
132 1316 34 10 som
176 1312 45 18 utgår
230 1311 36 15 med
275 1311 61 19 belopp
345 1311 114 14 motsvarande
469 1311 25 14 för
503 1311 16 14 år
529 1311 55 14 räknat

36 1333 19 15 70
61 1334 14 14 20
82 1338 19 10 av
108 1333 26 15 det
141 1333 26 15 vid
175 1333 40 15 årets
222 1333 59 19 ingång
288 1333 74 19 gällande
369 1333 107 18 basbeloppet
483 1332 48 19 enligt
539 1332 45 19 lagen

36 1360 26 10 om
68 1356 59 14 allmän
134 1355 94 19 försäkring.
236 1355 43 15 Båda
285 1355 80 19 beloppen
372 1356 17 14 är
394 1354 155 20 beskattningsbara.
554 1354 30 15 Till

36 1378 70 14 ledamot
112 1382 35 10 som
153 1377 14 19 ej
174 1378 17 14 är
196 1377 88 19 berättigad
291 1377 22 15 till
320 1377 106 15 traktamente
432 1377 45 19 utgår
483 1377 101 15 kostnadser-

35 1399 70 19 sättning
115 1399 36 15 med
161 1399 60 19 belopp
231 1404 34 10 som
276 1402 88 12 motsvarar
374 1399 31 15 helt
415 1399 95 19 basbelopp.
519 1399 65 15 Trakta-

36 1424 52 13 mente
96 1422 45 19 utgår
148 1421 51 15 under
205 1421 23 15 tid
235 1421 21 15 då
264 1421 75 15 riksmöte
347 1421 49 19 pågår
404 1421 36 15 med
448 1421 60 19 belopp
516 1423 69 13 motsva-

36 1444 49 15 rande
94 1444 8 15 3
110 1444 29 15 360
148 1444 18 14 kr
175 1443 24 16 för
208 1443 59 15 månad
276 1443 23 15 till
309 1443 145 19 riksdagsledamot
463 1448 34 10 som
507 1444 17 14 är
532 1443 53 15 bosatt

36 1466 65 15 utanför
106 1469 21 12 ett
132 1466 67 15 område
204 1470 34 11 som
245 1466 86 19 begränsas
336 1470 19 10 av
361 1470 19 10 en
386 1465 48 15 cirkel
441 1465 36 15 med
484 1466 19 14 70
508 1465 26 15 km
541 1465 44 15 radie

35 1488 30 15 och
74 1488 37 15 med
120 1488 118 19 riksdagshuset
246 1493 34 10 som
290 1488 109 19 medelpunkt.
407 1487 30 15 Till
446 1488 70 14 ledamot
525 1492 34 10 som
568 1488 17 14 är

36 1511 52 15 bosatt
98 1511 58 14 15—70
164 1510 26 15 km
198 1510 35 15 från
242 1510 118 19 riksdagshuset
369 1510 45 19 utgår
422 1510 97 15 reducerade
527 1510 58 15 trakta-

36 1533 117 19 mentsbelopp.
162 1533 151 19 Riksdagsledamot
320 1533 36 19 äger
363 1533 20 18 på
391 1532 26 15 det
424 1532 91 15 allmännas
521 1532 64 15 bekost-

36 1555 31 15 nad
75 1555 72 19 företaga
155 1560 46 10 resor.
211 1555 151 19 Riksdagsledamot
369 1555 17 15 är
393 1555 20 19 på
421 1554 94 20 riksdagens
521 1554 64 16 bekost-

36 1578 31 15 nad
75 1577 101 20 grupplivför:

57 1600 93 15 Utskottens
159 1600 99 15 ordförande
267 1600 29 15 och
306 1600 34 15 vice
348 1599 100 16 ordförande
457 1599 87 18 redovisas,
554 1599 31 15 för-

36 1625 43 13 utom
89 1622 3 15 i
102 1622 121 15 nedanstående
231 1622 102 19 förteckning
341 1623 39 14 över
388 1622 94 19 riksdagens
491 1622 93 17 ledamöter,

35 1645 40 15 även
84 1645 51 15 under
142 1644 35 15 avd.
186 1649 18 10 nr
211 1645 14 15 8.
234 1644 130 15 Statskalendern
372 1644 83 15 redovisar
462 1644 111 15 ledamöterna
581 1644 3 14 i

35 1667 31 15 den
75 1666 119 19 ordningsföljd
203 1666 3 15 i
216 1666 52 15 vilken
277 1666 19 15 de
305 1667 16 14 är
329 1669 83 16 upptagna
420 1666 4 14 i
432 1666 31 15 den
472 1671 19 10 av
500 1666 84 19 riksdagen

35 1689 97 19 upprättade
139 1688 127 20 förteckningen.
274 1685 85 18 Årssiffror
366 1688 44 15 inom
418 1690 74 17 parentes
499 1688 86 15 betecknar

35 1711 67 19 tidigare
111 1711 112 18 ledamotskap
232 1715 19 10 av
260 1710 85 19 riksdagen
354 1711 35 18 (FK
402 1717 12 5 =
427 1710 49 15 första
485 1710 100 17 kammaren,

36 1733 29 15 AK
77 1740 12 5 =
100 1733 50 15 andra
158 1733 99 17 kammaren,
266 1733 13 14 R
289 1739 13 5 =
313 1732 97 19 riksdagen).

596 1806 22 16 49

708 345 157 21 Partiställningen
873 344 5 17 i
886 344 95 21 riksdagen

980 385 48 15 Antal
1036 384 89 16 ledamöter

917 404 52 29 Män
1019 407 74 15 Kvinnor
1106 407 53 15 Totalt

631 429 173 16 Socialdemokratiska
812 429 77 19 riksdags-

651 448 72 27 gruppen
933 451 26 15 115
1020 451 16 14 51
1111 450 27 15 166

631 474 85 15 Moderata
724 473 133 20 samlingspartiet
941 473 18 15 65
1019 473 17 14 2
1119 472 19 15 86

630 492 117 29 Centerpartiet
941 495 19 15 38
1022 495 16 15 18
1119 494 19 15 56

621 514 108 28 Folkpartiet
944 517 16 15 18
1030 517 8 15 3
1119 517 16 15 21

631 541 125 19 Vänsterpartiet
763 540 137 16 kommunisterna
944 540 17 15 16
1030 540 9 14 4
1119 539 19 15 20

632 585 88 19 Riksdagen
727 585 46 15 totalt
931 583 30 16 252
1018 579 11 27 9”
1109 583 30 15 349

711 636 112 17 Procentuell
835 635 100 21 fördelning
947 640 20 12 av
979 635 90 21 kvinnliga
1081 635 98 16 ledamöter

712 669 46 17 inom
767 669 88 21 partierna

1013 705 56 29 Antal
1111 709 66 15 Procent

632 733 158 16 Socialdemokratisi
800 741 6 6 a
813 732 78 20 riksdags-

652 760 73 15 gruppen
1021 754 16 15 51
1110 754 34 17 30,7

633 778 85 15 Moderata
725 777 134 20 samlingspartiet
1021 777 17 14 21
1110 776 35 17 24,4

622 796 127 27 Centerpartiet
1024 799 16 14 18
1110 798 32 18 32,1

622 818 108 28 Folkpartiet
1032 821 8 15 3
1113 821 31 17 14,3

632 845 125 19 Vänsterpartiet
764 844 137 15 kommunisterna
1032 844 9 14 4
1110 843 35 17 20,0

633 888 88 19 Riksdagen
728 888 47 15 totalt
1013 882 26 27 9”
1110 886 35 18 27,7

634 971 27 22 Ja
684 967 23 36 -
715 973 152 21 Kammarens
878 972 126 22 ledamöter

713 1022 65 15 Talman

635 1045 84 18 Bengtsson
727 1044 37 15 Sten
773 1044 46 15 Bertil
828 1044 88 19 Ingemund,
927 1044 21 17 19,
957 1044 18 14 79
983 1049 6 10 s

714 1088 52 14 Förste
773 1088 32 14 vice
812 1088 58 14 talman

633 1110 86 15 Troedsson
728 1110 79 19 Ingegerd,
815 1110 24 17 29,
847 1110 18 14 79
873 1114 14 10 m

714 1153 51 15 Andre
771 1153 32 15 vice
810 1153 58 14 talman

634 1175 79 19 Dahlgren
722 1176 27 14 Per
757 1175 59 15 Anders
825 1175 51 17 Bertil,
884 1175 24 17 25,
916 1175 19 15 82
943 1179 8 10 c

712 1218 55 19 Tredje
774 1219 32 14 vice
813 1218 58 15 talman

634 1241 74 14 Eriksson
716 1241 36 14 Karl
761 1241 42 16 Erik,
811 1241 24 16 25,
843 1241 19 14 76
869 1240 17 19 fp

632 1287 28 23 7b

633 1337 53 15 Palme
694 1337 41 15 Sven
745 1337 40 14 Olof
792 1336 73 15 Joachim
875 1335 119 17 Statsminister,
1004 1336 23 16 27,
1036 1335 34 18 (FK
1081 1335 59 15 58—68
1150 1335 30 14 AK

653 1359 67 18 69—70)
727 1359 16 15 71
753 1358 108 19 (Stockholm)
868 1363 7 10 s

633 1382 69 14 Bohman
712 1382 22 14 Bo
742 1381 50 15 Gösta
800 1381 23 14 JK
833 1380 16 15 fd
858 1380 76 17 Statsråd,
946 1381 22 16 11,
976 1380 37 17 (AK
1023 1380 59 14 58—69
1093 1380 25 14 FK
1128 1380 25 17 70)
1162 1379 16 14 71

653 1403 108 19 (Stockholm)
768 1407 15 10 m

633 1425 79 15 Lindkvist
719 1425 53 15 Oskar
779 1424 69 15 William
855 1424 81 19 Org.chef,
944 1424 24 17 21,
975 1424 37 18 (AK
1020 1424 61 14 61—64
1087 1424 68 17 66—70)
1162 1423 16 14 71

653 1447 108 19 (Stockholm)
768 1447 45 15 CU:s
821 1447 33 14 vice
862 1446 40 15 ordf.
911 1451 6 10 s

633 1470 106 15 Hermansson
746 1469 107 15 Carl-Henrik
861 1469 28 14 PM
898 1468 16 15 fd
922 1468 81 17 Chefred.,
1014 1468 21 17 17,
1042 1468 37 17 (AK
1088 1468 67 17 63—70)
1162 1468 16 14 71

653 1492 108 18 (Stockholm)
768 1491 31 19 vpk

633 1514 66 19 Lidgard
709 1514 45 15 Hans
763 1514 47 14 Bertil
820 1514 73 18 Ingemar
900 1513 30 17 JK,
942 1513 22 17 16,
972 1513 34 18 (FK
1016 1512 67 18 65—70)
1092 1512 16 14 71
1119 1512 62 17 (Stock-

654 1536 50 18 holm)
711 1536 51 15 JuU:s
769 1535 42 16 ordf.
819 1540 14 10 m

634 1559 60 14 Ullsten
704 1558 32 19 Stig
747 1558 40 19 Kjell
797 1557 40 15 Olof
844 1558 46 18 (Ola)
899 1557 88 15 Socionom
997 1557 17 14 fd
1024 1556 76 18 Statsråd,
1110 1557 24 16 31,
1143 1556 37 18 (AK

654 1581 67 18 65—70)
728 1581 16 14 71
754 1580 108 18 (Stockholm)
870 1579 17 19 fp

634 1603 87 15 Andersson
727 1603 37 14 Sten
770 1602 45 15 Sture
821 1602 76 17 Statsråd,
903 1602 25 17 23,
934 1602 34 17 (FK
975 1601 68 18 66—70)
1048 1601 16 14 71
1073 1601 109 17 (Stockholm)

712 1293 116 17 Stockholms
837 1292 98 17 kommuns
944 1292 78 16 valkrets

654 1630 6 10 s

634 1647 95 15 Fridolfsson
737 1647 39 19 Filip
783 1646 69 15 William
861 1646 81 17 Fabrikör,
950 1646 24 17 23,
981 1646 37 18 (AK
1026 1645 61 15 65—70
1095 1645 12 15 R
1115 1645 67 18 72—79)

654 1669 19 15 82
680 1669 108 18 (Stockholm)
796 1673 14 10 nm

633 1692 84 18 Sigurdsen
730 1691 68 15 Gertrud
811 1690 81 16 Christina
905 1690 76 17 Statsråd,
995 1690 24 17 23,
1032 1690 37 17 (AK
1083 1689 68 18 69—70)
1163 1689 16 15 71

654 1713 108 19 (Stockholm)
769 1718 7 10 s

634 1736 88 15 Andersson
729 1735 44 15 Gerd
782 1736 32 14 Eva
822 1735 69 17 Monica,
899 1735 24 17 48,
932 1735 18 14 82
958 1734 109 18 (Stockholm)
1074 1739 6 9 s
