1268 1886
65 50 79 18 30-30b
572 52 110 23 Riksdagen

64 138 26 24 30
147 142 127 26 Riksdagen
728 139 139 19 Partiställningen
873 140 5 14 i
885 140 86 18 riksdagen

146 179 55 18 Riksg.
212 179 11 14 1.
231 179 21 14 Pa
262 179 29 15 100
300 179 18 14 12
325 179 99 15 Stockholm.
431 180 32 14 Tel.
470 180 62 14 08-786
538 180 21 14 40
566 180 20 14 00
1016 177 44 13 Antal
1068 177 81 22 ledamöter

117 209 3 2 a
963 193 47 28 Män
1051 198 67 13 Kvinnor
1138 198 47 13 Totalt

65 209 150 19 Regeringsformen
232 210 30 14 den
280 210 21 15 28
318 210 38 14 febr.
377 210 40 15 1974
434 211 25 17 (nr
478 211 35 16 152;
531 211 77 18 omtryckt
617 205 24 30 =
645 217 163 14 Socialdemokraterna
985 218 19 13 84
1061 218 18 13 77
1141 218 24 13 161

67 231 44 15 1994:
121 231 45 17 1483;
180 232 58 14 ändrad
251 235 52 11 senast
319 232 45 15 1994:
375 232 52 18 1483).
440 232 168 19 Riksdagsordningen
645 237 78 14 Moderata
730 238 124 17 samlingspartiet
984 238 19 14 58
1061 238 19 14 22
1149 239 19 13 80

64 254 30 14 den
103 253 20 15 28
132 253 38 15 febr.
182 254 40 14 1974
232 254 24 18 (nr
267 254 34 17 153;
311 254 79 19 omtryckt
401 255 44 14 1992:
453 255 27 16 43;
489 255 58 14 ändrad
557 258 52 12 senast
620 249 18 28 —
645 258 63 14 Centern
986 259 17 13 17
1063 259 17 14 10
1149 259 19 14 27

66 276 45 14 1994:
121 276 53 17 1652).
190 276 54 19 Vallag
259 276 31 15 den
306 276 9 15 8
330 277 34 14 dec.
383 277 40 14 1972
438 277 25 17 (nr
478 277 37 17 620;
531 277 77 19 omtryckt
645 279 89 17 Folkpartiet
741 279 86 14 liberalerna
987 280 16 13 17
1070 280 10 13 9
1149 280 19 14 26

67 298 44 14 1994:
119 298 37 17 287;
164 298 58 15 ändrad
230 301 52 12 senast
292 299 44 14 1994:
347 299 52 17 1636).
645 300 115 17 Vänsterpartiet
986 300 17 14 12
1063 301 17 13 10
1149 301 19 13 22

637 310 105 33 Miljöpartiet
986 321 17 13 10
1071 321 8 14 8
1151 321 16 14 18

64 342 90 19 Riksdagen
162 343 17 14 är
185 342 27 15 det
218 342 65 15 främsta
290 343 123 19 representativa
420 346 103 16 statsorganet
530 343 25 15 för
562 348 46 10 sven-
618 336 20 31 —
645 341 151 14 Kristdemokratiska
802 341 127 18 Samhällspartiet
986 342 17 13 10
1070 342 9 13 5
1151 342 16 13 15

64 364 28 15 ska
97 364 54 15 folket.
157 364 91 19 Riksdagen
254 365 50 14 stiftar
309 365 30 19 lag,
344 365 69 15 beslutar
418 370 26 10 om
450 365 40 15 skatt
495 366 23 14 till
523 368 49 12 staten
578 366 30 14 och
616 360 19 29 =
645 367 84 18 Riksdagen
736 368 43 13 totalt
973 363 28 27 208
1051 368 25 14 141
1138 368 28 14 349

64 386 95 15 bestämmer
165 387 29 14 hur
201 389 58 12 statens
266 387 52 14 medel
326 387 39 14 skall
373 387 85 15 användas.

86 408 90 19 Riksdagen
184 408 52 15 består
243 413 19 10 av
270 409 31 15 349
310 409 90 17 ledamöter,
408 409 46 15 valda
461 409 50 15 direkt
519 414 19 10 av
546 410 50 14 folket
604 410 3 14 i
726 408 99 14 Procentuell
832 408 91 19 fördelning
929 412 19 11 av
955 408 81 19 kvinnliga
1043 408 89 15 ledamöter

63 430 79 15 allmänna
150 431 29 14 val.
188 431 82 14 Ordinarie
278 431 98 19 riksdagsval
384 433 37 17 äger
427 436 34 10 rum
469 434 32 12 vart
509 432 50 19 fjärde
565 431 17 15 år
588 431 20 20 på
726 436 44 14 inom
776 436 83 18 partierna

63 453 49 18 tredje
122 453 82 18 söndagen
215 453 4 14 i
231 453 89 19 september
330 453 62 15 månad.
404 454 85 14 Allmänna
500 454 24 14 val
536 454 22 14 till
569 454 38 14 riks-
1024 451 52 27 Antal
1120 459 62 13 Procent

63 475 51 18 dagen
121 475 40 19 ägde
168 478 52 11 senast
227 480 33 10 rum
267 475 30 15 den
307 475 17 15 18
332 476 89 18 september
429 476 41 14 1994
476 476 31 14 och
514 481 46 10 avser
565 476 42 15 tiden
617 471 18 28 —
644 478 164 14 Socialdemokraterna
1042 479 19 13 IT
1119 479 20 14 48

64 496 38 15 intill
112 497 36 14 dess
157 501 19 10 en
186 497 58 19 nyvald
253 497 63 19 riksdag
325 498 59 14 samlas
392 498 40 14 efter
440 498 98 19 riksdagsval
548 498 30 15 den
587 498 21 15 20
620 492 15 29 -
644 499 78 14 Moderata
729 499 124 18 samlingspartiet
1042 500 19 13 22
1120 500 19 13 21

63 519 89 19 september
162 519 44 15 1998.
634 510 74 32 Centern
1045 521 16 13 10
1120 521 19 13 37

85 541 30 14 För
123 541 98 19 riksdagsval
231 543 16 13 är
256 541 39 15 riket
304 542 59 14 indelat
372 542 4 14 i
386 542 20 15 29
416 542 88 15 valkretsar.
514 543 24 14 Av
547 542 20 15 de
576 542 32 15 349
645 540 114 18 Vänsterpartiet
1044 541 17 14 10
1119 541 19 14 45

63 563 156 19 riksdagsmandaten
229 565 17 13 är
255 564 32 14 310
296 564 40 14 fasta
346 564 137 17 valkretsmandat,
494 569 35 10 som
538 564 69 15 fördelas
644 561 89 23 Folkpartiet
740 561 86 14 liberalerna
1052 562 9 13 9
1120 562 18 13 35

63 585 57 14 mellan
132 585 106 15 valkretsarna
248 585 40 15 efter
298 586 57 14 antalet
366 586 129 19 röstberättigade
506 586 4 15 i
522 586 42 19 varje
575 587 32 14 val-
620 577 17 33 —
644 581 97 23 Miljöpartiet
910 602 2 2 -
1052 582 9 14 8
1119 582 20 14 44

63 607 45 15 krets.
115 607 45 15 Inom
167 607 42 19 varje
216 607 68 15 valkrets
290 608 70 14 tillfaller
366 608 84 15 mandaten
456 608 19 15 de
482 608 4 14 i
493 608 114 19 riksdagsvalet
644 602 150 14 Kristdemokratiska
801 602 127 18 Samhällspartiet
1052 603 8 13 5
1120 603 18 13 33

62 629 94 19 deltagande
162 630 77 21 partierna
244 630 120 18 proportionellt
369 629 20 20 på
394 630 76 19 grundval
476 635 20 10 av
502 631 105 14 valresultatet
620 623 16 32 —
644 628 84 18 Riksdagen
735 629 43 13 totalt
1033 629 25 14 141
1119 629 19 14 40

63 651 43 15 inom
113 651 94 15 valkretsen.
215 649 60 21 Övriga
282 652 21 15 39
310 652 64 15 mandat
381 653 16 14 är
404 652 161 19 utjämningsmandat
572 657 35 10 som

63 673 68 15 fördelas
141 673 17 15 så
168 676 20 12 att
198 674 43 19 varje
250 674 47 19 partis
307 674 120 19 sammanlagda
436 675 41 14 antal
487 675 58 19 platser
554 675 4 14 i
568 675 39 14 riks-
623 667 16 32 —
644 671 39 24 30a
715 671 139 35 Riksdagen

62 696 51 18 dagen
119 695 17 15 så
142 697 37 13 nära
185 700 35 11 som
226 696 62 19 möjligt
294 701 53 10 svarar
352 699 33 12 mot
391 697 57 14 antalet
454 697 69 19 avgivna
528 698 49 14 röster
583 697 24 15 för

62 718 55 18 partiet
124 718 4 14 i
136 718 36 14 hela
179 718 56 15 landet.
725 722 66 15 Talman

84 740 6 14 I
98 740 111 19 fördelningen
216 745 20 10 av
244 740 137 19 riksdagsmandat
388 741 50 14 deltar
445 741 55 15 endast
508 741 56 19 partier
572 746 35 10 som

62 762 28 15 har
97 761 29 16 fått
135 762 47 15 minst
191 762 35 19 fyra
234 765 65 16 procent
308 767 19 10 av
337 763 73 19 samtliga
420 763 3 15 i
432 763 36 15 hela
478 763 52 15 landet
539 763 68 19 avgivna

62 785 52 13 röster.
122 784 24 14 Ett
154 784 38 19 parti
201 789 34 10 som
244 785 30 14 inte
282 784 28 15 når
316 789 32 14 upp
356 785 22 14 till
386 785 176 19 fyraprocentsgränsen
571 790 35 10 men

62 810 35 10 som
105 806 28 14 har
140 806 62 15 erhållit
209 806 48 15 minst
265 807 33 14 tolv
306 809 65 16 procent
379 811 19 10 av
407 808 69 13 rösterna
485 807 3 14 i
498 807 32 15 viss
539 807 67 15 valkrets

62 828 49 15 deltar
120 828 41 15 dock
172 828 26 15 vid
208 828 111 19 fördelningen
329 833 19 10 av
359 829 19 14 de
388 829 41 15 fasta
438 829 153 15 valkretsmandaten
602 830 4 14 i

62 854 61 11 samma
130 850 72 15 valkrets.

84 872 68 15 Rösträtt
159 872 26 15 vid
192 872 98 19 riksdagsval
298 873 27 14 har
332 873 57 14 svensk
397 873 108 19 medborgare,
512 878 36 10 som
554 876 52 12 senast

62 894 19 19 på
87 894 77 19 valdagen
171 894 35 19 fyllt
214 895 18 14 18
239 894 16 15 år
260 895 50 14 under
315 895 111 19 förutsättning
432 898 21 12 att
458 895 30 15 han
495 897 16 13 är
517 898 78 16 upptagen
602 896 3 14 i

62 917 84 18 röstlängd.

101 940 12 13 ör
122 941 21 12 att
152 938 53 15 kunna
214 941 42 12 utses
266 939 22 14 till
299 939 143 19 riksdagsledamot
451 940 49 18 gäller
509 944 61 10 samma
579 940 27 14 be-

61 960 119 19 hörighetskrav
188 965 35 10 som
230 961 25 14 för
261 962 66 14 rösträtt.

84 982 90 19 Riksdagen
183 983 123 14 sammanträder
314 983 22 15 till
346 983 80 17 riksmöte,
435 983 40 15 efter
483 984 47 18 nyval
538 983 20 20 på
566 984 39 14 fem-

61 1005 47 14 tonde
115 1005 51 18 dagen
173 1005 40 14 efter
220 1005 45 17 valet,
272 1005 31 14 och
310 1005 55 19 övriga
372 1005 16 15 år
394 1006 49 14 första
450 1006 72 18 tisdagen
529 1006 4 14 i
540 1006 66 14 oktober

62 1026 61 15 månad.

83 1049 148 18 Riksdagsärenden
241 1049 55 15 bereds
307 1049 3 14 i
321 1049 47 19 något
377 1054 19 10 av
406 1050 92 18 riksdagens
508 1050 58 14 utskott
575 1050 30 14 och

61 1072 57 17 avgörs
126 1075 58 15 genom
193 1071 51 15 beslut
252 1071 4 14 i
265 1071 65 19 plenum
338 1071 110 18 (kammaren).
457 1072 100 19 Regeringen
566 1072 39 15 skall

61 1092 72 16 samråda
138 1093 36 15 med
180 1093 115 15 EU-nämnden
301 1093 4 15 i
311 1093 53 19 frågor
369 1098 35 10 som
410 1094 39 15 skall
455 1094 86 15 behandlas
547 1094 4 15 i
557 1095 48 14 Euro-

61 1115 55 19 peiska
126 1115 83 15 Unionens
220 1115 39 15 Råd.
271 1116 143 15 Utrikesnämnden
425 1118 17 13 är
452 1116 78 15 samråds-
541 1117 30 14 och
582 1117 23 14 in-

61 1137 142 19 formationsorgan
211 1138 58 14 mellan
276 1138 93 19 regeringen
376 1138 30 15 och
413 1138 84 19 riksdagen
505 1139 3 14 i
516 1139 89 18 betydelse-

61 1159 39 15 fulla
106 1159 135 19 utrikespolitiska
248 1160 72 14 ärenden.

83 1181 101 15 Beträffande
194 1182 151 18 riksdagsledamots
354 1182 86 19 ersättning
449 1183 28 14 har
486 1183 120 15 bestämmelser

61 1206 52 12 senast
121 1203 47 19 givits
177 1204 4 14 i
191 1204 25 18 lag
224 1204 30 14 den
263 1204 10 14 9
279 1204 34 19 juni
325 1204 41 15 1994
374 1205 25 17 (nr
409 1205 47 17 1065)
465 1209 27 10 om
500 1205 105 15 ekonomiska

61 1225 57 15 villkor
122 1225 26 15 för
152 1226 93 19 riksdagens
250 1226 90 15 ledamöter.
346 1227 64 14 Arvode
415 1226 45 19 utgår
465 1227 35 14 med
506 1227 59 19 belopp
570 1231 34 11 som

60 1247 69 15 bestäms
141 1252 19 10 av
172 1248 92 19 riksdagens
276 1248 131 15 arvodesnämnd.
420 1249 70 14 Arvodet
502 1250 16 13 är
530 1249 3 14 i
543 1249 61 19 januari

63 1270 39 14 1995
110 1269 21 15 26
138 1270 32 14 500
178 1269 65 15 kr/mån.
252 1270 60 15 Utöver
320 1271 64 14 arvodet
393 1271 76 14 utbetalas
477 1275 19 10 en
505 1271 99 15 kostnadser-

60 1292 68 18 sättning
137 1296 35 10 som
181 1292 25 15 för
215 1291 16 16 år
256 1292 37 15 räknat
302 1294 46 17 utgör
356 1293 49 14 20096
415 1297 19 10 av
444 1293 103 19 basbeloppet
556 1293 48 19 enligt

60 1314 46 18 lagen
112 1318 27 10 om
145 1314 57 15 allmän
209 1314 93 19 försäkring.
309 1314 47 15 Såväl
363 1315 64 14 arvodet
433 1319 35 10 som
474 1315 130 15 kostnadsersätt-

60 1336 58 19 ningen
130 1337 16 14 är
158 1336 107 19 skattepliktig
277 1337 74 15 inkomst.
364 1337 94 15 Ledamöter
469 1342 35 10 som
516 1339 17 13 är
544 1338 61 14 bosatta

60 1358 62 15 utanför
128 1358 175 15 Stockholmsområdet
310 1358 23 15 får
340 1359 102 15 traktamente
449 1364 34 10 som
491 1361 16 13 är
513 1360 91 18 skatteplik-

60 1380 28 19 tigt
92 1380 50 19 enligt
146 1380 65 15 allmänt
216 1381 73 18 gällande
294 1381 54 19 regler.
353 1381 116 15 Traktamentet
474 1382 76 14 utbetalas
556 1382 49 14 under

63 1402 88 15 1994/1995
158 1403 36 14 med
200 1403 31 14 238
237 1403 66 19 kr/dygn
310 1403 49 14 under
363 1403 31 15 den
400 1403 21 15 tid
427 1403 84 19 riksdagen
517 1405 16 13 är
538 1404 66 17 samlad,

59 1424 30 15 dvs
98 1429 19 10 ca
127 1424 9 15 8
147 1424 100 15 månader/år.
258 1425 150 19 Riksdagsledamot
418 1425 24 15 får
452 1425 19 19 på
481 1426 25 14 det
517 1426 87 14 allmännas

60 1446 87 15 bekostnad
154 1446 50 15 företa
211 1451 46 10 resor.

82 1469 92 14 Utskottens
183 1469 95 15 ordförande
287 1469 30 15 och
327 1469 35 15 vice
372 1469 94 15 ordförande
476 1470 86 17 redovisas,
573 1470 30 15 för-

59 1493 44 12 utom
113 1491 4 14 i
127 1490 117 16 nedanstående
254 1491 99 19 förteckning
363 1493 39 13 över
411 1492 92 19 riksdagens
513 1492 90 17 ledamöter,

59 1514 40 13 även
108 1513 49 14 under
166 1513 55 15 avd.nr
229 1513 24 15 33.
262 1513 128 15 Statskalendern
399 1514 81 15 redovisar
488 1514 115 19 riksdagsleda-

60 1536 70 13 möterna
138 1535 4 14 i
151 1535 30 15 den
190 1535 117 19 ordningsföljd
316 1536 5 14 i
330 1536 53 14 vilken
392 1536 19 15 de
420 1537 16 14 är
444 1539 80 16 upptagna
532 1536 4 15 i
545 1537 30 14 den
584 1541 19 10 av

59 1557 83 19 riksdagen
152 1558 91 18 upprättade
251 1557 126 20 förteckningen.
387 1554 85 19 Årssiffror
480 1559 43 14 inom
532 1562 71 15 parentes

59 1579 84 14 betecknar
148 1579 66 19 tidigare
219 1579 110 20 ledamotskap
335 1584 19 10 av
360 1580 11 14 ri!
413 1585 30 14 igen
450 1581 33 17 (FK
489 1586 11 6 =
506 1580 49 15 första
559 1581 44 14 kam-

59 1605 58 13 maren,
125 1601 29 15 AK
162 1607 12 6 =
180 1602 48 14 andra
235 1602 96 17 kammaren,
340 1602 12 14 R
360 1608 11 6 =
378 1602 96 19 riksdagen).

610 1829 22 16 50

643 744 41 15 Dahl
692 744 30 15 Rut
728 744 73 19 Birgitta,
809 745 25 16 37,
842 745 21 14 94
870 749 6 10 s

726 786 54 14 Förste
787 786 33 14 vice
826 786 61 14 talman

643 807 59 19 Björck
709 807 62 15 Anders
779 808 83 16 Per-Arne,
869 808 26 16 44,
903 808 20 14 94
931 812 15 10 m

725 849 54 14 Andre
786 849 33 14 vice
826 849 60 14 talman

643 870 73 15 Thurdin
722 870 49 15 Görel
778 871 56 17 Maria,
841 871 26 17 42,
875 871 20 14 94
902 875 9 10 c

725 912 56 18 Tredje
788 912 33 14 vice
828 912 60 15 talman

642 933 66 15 Eirefelt
714 934 28 14 Jan
749 934 78 17 Christer,
834 934 26 17 42,
868 934 20 15 94
896 934 17 19 fp

643 977 39 24 30b

643 1026 85 15 Hellström
738 1027 44 14 Mats
791 1027 50 14 Johan
852 1026 74 17 Statsråd,
936 1027 26 17 42,
973 1027 37 17 (AK
1021 1027 61 18 69-70)
1093 1028 17 13 71
1124 1027 62 18 (Stock-

666 1048 50 18 holm)
724 1053 7 10 s

642 1071 81 14 Ersättare
728 1071 30 18 för
766 1071 86 14 statsrådet
861 1071 93 15 Hellström:
964 1071 96 19 Segelström
1069 1072 47 18 Inger
1125 1072 62 18 Agneta

666 1092 93 20 Miljösekr.,
766 1093 26 16 52,
800 1093 20 14 94
828 1093 107 18 (Stockholm)
943 1098 7 10 s

642 1115 70 14 Theorin
726 1115 48 14 Karin
789 1115 35 19 Maj
839 1115 41 15 Britt
894 1116 88 18 Margareta
997 1116 113 17 Ambassadör,
1125 1116 26 17 32,
1166 1116 18 15 71

666 1137 107 18 (Stockholm)
781 1142 7 10 s

641 1159 91 16 Johansson
742 1159 37 15 Sten
789 1159 39 15 Olof
836 1159 55 15 Håkan
901 1160 17 14 fd
928 1159 74 18 Statsråd,
1012 1160 25 17 37,
1048 1160 18 15 71
1078 1160 108 18 (Stockholm)

666 1181 80 15 Partiordf.
754 1186 8 10 c

641 1203 18 15 af
668 1203 57 19 Ugglas
735 1204 63 14 Märtha
808 1204 104 19 Margaretha
923 1204 82 15 Civ.ekon.
1016 1204 17 15 fd
1044 1204 74 17 Statsråd,
1129 1205 26 17 39,
1166 1205 20 14 74

665 1225 108 18 (Stockholm)
781 1230 15 10 m

642 1247 88 15 Fleetwood
741 1248 81 14 Elisabeth
833 1248 47 14 Alma
891 1248 74 15 Fredrika
976 1248 123 15 Swantesdotter
1110 1249 76 18 Adjunkt,

665 1270 25 16 27,
698 1270 20 14 79
726 1270 108 17 (Stockholm)
842 1270 52 15 KrU:s
901 1270 35 15 vice
943 1270 40 15 ordf.
991 1275 16 10 m

641 1292 43 14 Bildt
693 1292 35 14 Nils
739 1292 56 14 Daniel
806 1292 38 15 Carl
854 1292 18 15 fd
882 1292 117 17 Statsminister,
1010 1293 26 17 49,
1046 1293 21 14 79
1078 1293 108 18 (Stockholm)

665 1314 81 14 Partiordf.
754 1319 15 9 m

641 1336 78 19 Friggebo
727 1336 50 19 Birgit
786 1337 40 14 Irma
835 1336 76 19 Gunborg
920 1336 16 15 fd
946 1336 74 18 Statsråd,
1029 1337 26 17 41,
1065 1337 20 18 (R
1094 1337 62 18 79-82)
1166 1337 19 15 85

665 1358 107 18 (Stockholm)
781 1359 44 14 KU:s
832 1359 40 14 ordf.
880 1358 17 19 fp

641 1380 55 15 Sahlin
703 1380 49 15 Mona
759 1380 77 19 Ingeborg
844 1380 74 17 Statsråd,
926 1381 25 17 57,
960 1381 20 15 82
987 1381 69 18 (Nacka)
1064 1386 6 10 s

641 1403 80 14 Ersättare
725 1403 30 18 för
761 1402 86 15 statsrådet
854 1403 62 14 Sahlin:
924 1403 70 15 Fonseca
1001 1403 42 16 Juan
1051 1403 61 19 Miguel
1121 1404 64 16 Förest.,

664 1425 26 16 54,
697 1424 21 15 94
725 1424 60 18 (Kista)
792 1429 7 10 s

641 1446 41 15 Cars
689 1446 56 15 Hadar
752 1447 38 14 Otto
797 1447 72 19 Hjalmar
875 1447 61 15 Gustav
944 1447 65 15 Gunnar
1016 1447 50 15 H:son
1074 1448 30 14 PM
1112 1447 17 15 fd
1137 1448 48 14 Stats-

664 1468 32 17 råd,
704 1469 25 16 33,
737 1469 19 14 85
764 1469 108 21 (Stockholm)
880 1469 45 15 NU:s
932 1469 35 15 vice
974 1469 41 15 ordf.
1022 1469 17 19 fp

640 1489 73 20 Nygårds
720 1491 83 15 Sven-Åke
810 1491 102 17 Smidesarb.,
919 1492 26 16 43,
953 1492 21 17 (R
981 1492 62 17 88-91)
1050 1492 21 14 94
1078 1492 90 18 (Bromma)
1176 1497 6 10 s

640 1513 84 19 Lindqvist
732 1513 51 19 Bengt
792 1513 40 15 Olof
840 1514 67 14 Lennart
917 1513 16 15 fd
943 1513 74 18 Statsråd,
1027 1514 26 17 36,
1063 1514 20 18 (R
1093 1514 62 17 88-91)
1164 1514 20 15 93

664 1535 72 19 (Tyresö)
744 1540 6 10 s

640 1557 105 15 Westerholm
752 1558 62 14 Barbro
821 1558 34 14 MD
862 1558 40 14 Doc.
910 1558 47 17 Prof.,
965 1558 25 17 33,
998 1558 20 15 88
1026 1558 108 18 (Stockholm)
1142 1559 17 18 fp

640 1579 114 15 Cederschiöld
762 1579 36 15 Ulla
807 1580 88 18 Margareta
903 1580 84 15 Charlotte
995 1580 26 14 FK
1030 1580 101 19 Näringspol.
1140 1581 44 16 sekr.,

663 1602 26 16 44,
697 1601 20 15 88
725 1602 107 17 (Stockholm)
840 1606 15 10 m

640 1623 94 19 Zetterberg
740 1624 52 18 Ingrid
799 1624 34 14 Eva
840 1624 93 19 Margareta,
940 1624 26 17 47,
974 1625 18 14 91
1002 1625 108 17 (Stockholm)
1118 1629 9 10 v

640 1645 87 19 Odenberg
733 1646 60 14 Mikael
801 1646 42 15 I:son
852 1646 72 17 Konsult,
931 1646 26 17 53,
965 1647 18 14 91
993 1647 108 17 (Stockholm)
1108 1651 16 10 m

640 1667 81 15 Wistrand
727 1668 67 18 Birgitta
801 1668 61 15 Helena
868 1669 89 18 Margareta
963 1669 27 14 FK
996 1669 37 16 Dir.,
1040 1669 25 16 39,
1072 1669 18 14 91
1100 1669 84 19 (Uppsala)

663 1694 15 10 m

640 1712 100 14 Kristersson
746 1712 29 14 Ulf
779 1712 88 17 Civ.ekon.,
875 1712 25 17 63,
908 1712 20 15 94
936 1712 108 18 (Stockholm)
1052 1717 15 10 m

640 1733 80 19 Lindgren
727 1733 52 19 Sylvia
786 1734 53 14 Astrid
846 1734 83 17 Tidn.bud,
936 1734 27 17 45,
970 1734 21 15 92
998 1734 108 18 (Stockholm)
1114 1739 7 10 s

725 985 116 16 Stockholms
849 985 97 17 kommuns
955 986 77 16 valkrets
