<?xml version="1.0" encoding="UTF-8"?>
<alto xmlns="http://www.loc.gov/standards/alto/ns-v3#" xmlns:xlink="http://www.w3.org/1999/xlink" xmlns:xsi="http://www.w3.org/2001/XMLSchema-instance" xsi:schemaLocation="http://www.loc.gov/standards/alto/ns-v3# http://www.loc.gov/alto/v3/alto-3-0.xsd">
	<Description>
		<MeasurementUnit>pixel</MeasurementUnit>
		<sourceImageInformation>
			<fileName></fileName>
		</sourceImageInformation>
		<OCRProcessing ID="OCR_0">
			<ocrProcessingStep>
				<processingSoftware>
					<softwareName>tesseract 4.1.1</softwareName>
				</processingSoftware>
			</ocrProcessingStep>
		</OCRProcessing>
	</Description>
	<Layout>
		<Page WIDTH="1066" HEIGHT="1572" PHYSICAL_IMG_NR="0" ID="page_0">
			<PrintSpace HPOS="0" VPOS="0" WIDTH="1066" HEIGHT="1572">
				<ComposedBlock ID="cblock_0" HPOS="454" VPOS="57" WIDTH="116" HEIGHT="22">
					<TextBlock ID="block_0" HPOS="454" VPOS="57" WIDTH="116" HEIGHT="22">
						<TextLine ID="line_0" HPOS="454" VPOS="57" WIDTH="116" HEIGHT="22">
							<String ID="string_0" HPOS="454" VPOS="57" WIDTH="116" HEIGHT="22" WC="0.96" CONTENT="Riksdagen."/>
						</TextLine>
					</TextBlock>
				</ComposedBlock>
				<ComposedBlock ID="cblock_1" HPOS="47" VPOS="246" WIDTH="62" HEIGHT="24">
					<TextBlock ID="block_1" HPOS="47" VPOS="246" WIDTH="62" HEIGHT="24">
						<TextLine ID="line_1" HPOS="47" VPOS="246" WIDTH="62" HEIGHT="24">
							<String ID="string_1" HPOS="47" VPOS="246" WIDTH="62" HEIGHT="24" WC="0.96" CONTENT="[142]"/>
						</TextLine>
					</TextBlock>
				</ComposedBlock>
				<ComposedBlock ID="cblock_2" HPOS="846" VPOS="56" WIDTH="132" HEIGHT="34">
					<TextBlock ID="block_2" HPOS="846" VPOS="56" WIDTH="132" HEIGHT="34">
						<TextLine ID="line_2" HPOS="846" VPOS="56" WIDTH="132" HEIGHT="34">
							<String ID="string_2" HPOS="846" VPOS="56" WIDTH="132" HEIGHT="34" WC="0.74" CONTENT="[142—143]"/>
						</TextLine>
					</TextBlock>
				</ComposedBlock>
				<ComposedBlock ID="cblock_3" HPOS="65" VPOS="282" WIDTH="896" HEIGHT="91">
					<TextBlock ID="block_3" HPOS="65" VPOS="282" WIDTH="896" HEIGHT="91">
						<TextLine ID="line_3" HPOS="65" VPOS="282" WIDTH="896" HEIGHT="48">
							<String ID="string_3" HPOS="65" VPOS="284" WIDTH="50" HEIGHT="35" WC="0.89" CONTENT="V."/><SP WIDTH="50" VPOS="284" HPOS="115"/>
							<String ID="string_4" HPOS="165" VPOS="282" WIDTH="292" HEIGHT="48" WC="0.95" CONTENT="Riksdagen,"/><SP WIDTH="32" VPOS="282" HPOS="457"/>
							<String ID="string_5" HPOS="489" VPOS="283" WIDTH="111" HEIGHT="36" WC="0.93" CONTENT="dess"/><SP WIDTH="32" VPOS="283" HPOS="600"/>
							<String ID="string_6" HPOS="632" VPOS="282" WIDTH="329" HEIGHT="38" WC="0.89" CONTENT="Ombudsmän"/>
						</TextLine>
						<TextLine ID="line_4" HPOS="382" VPOS="336" WIDTH="261" HEIGHT="37">
							<String ID="string_7" HPOS="382" VPOS="337" WIDTH="90" HEIGHT="36" WC="0.96" CONTENT="och"/><SP WIDTH="31" VPOS="337" HPOS="472"/>
							<String ID="string_8" HPOS="503" VPOS="336" WIDTH="140" HEIGHT="37" WC="0.96" CONTENT="Verk."/>
						</TextLine>
					</TextBlock>
				</ComposedBlock>
				<ComposedBlock ID="cblock_4" HPOS="201" VPOS="415" WIDTH="145" HEIGHT="27">
					<TextBlock ID="block_4" HPOS="201" VPOS="415" WIDTH="145" HEIGHT="27">
						<TextLine ID="line_5" HPOS="201" VPOS="415" WIDTH="145" HEIGHT="27">
							<String ID="string_9" HPOS="201" VPOS="415" WIDTH="145" HEIGHT="27" WC="0.96" CONTENT="Riksdagen."/>
						</TextLine>
					</TextBlock>
				</ComposedBlock>
				<ComposedBlock ID="cblock_5" HPOS="45" VPOS="456" WIDTH="459" HEIGHT="658">
					<TextBlock ID="block_5" HPOS="46" VPOS="456" WIDTH="458" HEIGHT="52">
						<TextLine ID="line_6" HPOS="66" VPOS="456" WIDTH="437" HEIGHT="17">
							<String ID="string_10" HPOS="66" VPOS="456" WIDTH="67" HEIGHT="17" WC="0.91" CONTENT="Lagtima"/><SP WIDTH="13" VPOS="456" HPOS="133"/>
							<String ID="string_11" HPOS="146" VPOS="457" WIDTH="58" HEIGHT="15" WC="0.96" CONTENT="riksdag"/><SP WIDTH="13" VPOS="457" HPOS="204"/>
							<String ID="string_12" HPOS="217" VPOS="456" WIDTH="53" HEIGHT="16" WC="0.47" CONTENT="skall,"/><SP WIDTH="-9" VPOS="456" HPOS="270"/>
							<String ID="string_13" HPOS="261" VPOS="446" WIDTH="9" HEIGHT="31" WC="0.47" CONTENT="i"/><SP WIDTH="13" VPOS="446" HPOS="270"/>
							<String ID="string_14" HPOS="283" VPOS="456" WIDTH="40" HEIGHT="13" WC="0.96" CONTENT="kraft"/><SP WIDTH="13" VPOS="456" HPOS="323"/>
							<String ID="string_15" HPOS="336" VPOS="460" WIDTH="19" HEIGHT="9" WC="0.96" CONTENT="av"/><SP WIDTH="13" VPOS="460" HPOS="355"/>
							<String ID="string_16" HPOS="368" VPOS="456" WIDTH="45" HEIGHT="13" WC="0.93" CONTENT="rikets"/><SP WIDTH="13" VPOS="456" HPOS="413"/>
							<String ID="string_17" HPOS="426" VPOS="456" WIDTH="77" HEIGHT="17" WC="0.92" CONTENT="regerings-"/>
						</TextLine>
						<TextLine ID="line_7" HPOS="46" VPOS="474" WIDTH="458" HEIGHT="17">
							<String ID="string_18" HPOS="46" VPOS="475" WIDTH="43" HEIGHT="15" WC="0.96" CONTENT="form,"/><SP WIDTH="12" VPOS="475" HPOS="89"/>
							<String ID="string_19" HPOS="101" VPOS="475" WIDTH="109" HEIGHT="13" WC="0.95" CONTENT="sammanträda"/><SP WIDTH="12" VPOS="475" HPOS="210"/>
							<String ID="string_20" HPOS="222" VPOS="474" WIDTH="41" HEIGHT="16" WC="0.96" CONTENT="varje"/><SP WIDTH="11" VPOS="474" HPOS="263"/>
							<String ID="string_21" HPOS="274" VPOS="474" WIDTH="16" HEIGHT="13" WC="0.96" CONTENT="år"/><SP WIDTH="12" VPOS="474" HPOS="290"/>
							<String ID="string_22" HPOS="302" VPOS="474" WIDTH="27" HEIGHT="13" WC="0.96" CONTENT="den"/><SP WIDTH="14" VPOS="474" HPOS="329"/>
							<String ID="string_23" HPOS="343" VPOS="478" WIDTH="17" HEIGHT="9" WC="0.82" CONTENT="10"/><SP WIDTH="11" VPOS="478" HPOS="360"/>
							<String ID="string_24" HPOS="371" VPOS="474" WIDTH="57" HEIGHT="17" WC="0.90" CONTENT="januari"/><SP WIDTH="7" VPOS="474" HPOS="428"/>
							<String ID="string_25" HPOS="435" VPOS="474" WIDTH="38" HEIGHT="16" WC="0.90" CONTENT="eller,"/><SP WIDTH="7" VPOS="474" HPOS="473"/>
							<String ID="string_26" HPOS="480" VPOS="478" WIDTH="24" HEIGHT="10" WC="0.96" CONTENT="om"/>
						</TextLine>
						<TextLine ID="line_8" HPOS="47" VPOS="492" WIDTH="297" HEIGHT="16">
							<String ID="string_27" HPOS="47" VPOS="492" WIDTH="61" HEIGHT="16" WC="0.96" CONTENT="helgdag"/><SP WIDTH="8" VPOS="492" HPOS="108"/>
							<String ID="string_28" HPOS="116" VPOS="493" WIDTH="18" HEIGHT="12" WC="0.96" CONTENT="då"/><SP WIDTH="8" VPOS="493" HPOS="134"/>
							<String ID="string_29" HPOS="142" VPOS="492" WIDTH="73" HEIGHT="16" WC="0.96" CONTENT="inträffar,"/><SP WIDTH="7" VPOS="492" HPOS="215"/>
							<String ID="string_30" HPOS="222" VPOS="492" WIDTH="46" HEIGHT="16" WC="0.96" CONTENT="dagen"/><SP WIDTH="8" VPOS="492" HPOS="268"/>
							<String ID="string_31" HPOS="276" VPOS="492" WIDTH="68" HEIGHT="13" WC="0.96" CONTENT="därefter."/>
						</TextLine>
					</TextBlock>
					<TextBlock ID="block_6" HPOS="45" VPOS="510" WIDTH="459" HEIGHT="586">
						<TextLine ID="line_9" HPOS="65" VPOS="510" WIDTH="439" HEIGHT="16">
							<String ID="string_32" HPOS="65" VPOS="511" WIDTH="50" HEIGHT="12" WC="0.96" CONTENT="Första"/><SP WIDTH="12" VPOS="511" HPOS="115"/>
							<String ID="string_33" HPOS="127" VPOS="510" WIDTH="87" HEIGHT="13" WC="0.96" CONTENT="kammarens"/><SP WIDTH="11" VPOS="510" HPOS="214"/>
							<String ID="string_34" HPOS="225" VPOS="510" WIDTH="73" HEIGHT="13" WC="0.96" CONTENT="ledamöter"/><SP WIDTH="12" VPOS="510" HPOS="298"/>
							<String ID="string_35" HPOS="310" VPOS="511" WIDTH="25" HEIGHT="12" WC="0.96" CONTENT="äro"/><SP WIDTH="12" VPOS="511" HPOS="335"/>
							<String ID="string_36" HPOS="347" VPOS="513" WIDTH="26" HEIGHT="12" WC="0.96" CONTENT="150"/><SP WIDTH="12" VPOS="513" HPOS="373"/>
							<String ID="string_37" HPOS="385" VPOS="510" WIDTH="27" HEIGHT="13" WC="0.96" CONTENT="och"/><SP WIDTH="12" VPOS="510" HPOS="412"/>
							<String ID="string_38" HPOS="424" VPOS="510" WIDTH="46" HEIGHT="16" WC="0.96" CONTENT="väljas"/><SP WIDTH="12" VPOS="510" HPOS="470"/>
							<String ID="string_39" HPOS="482" VPOS="510" WIDTH="22" HEIGHT="13" WC="0.96" CONTENT="för"/>
						</TextLine>
						<TextLine ID="line_10" HPOS="47" VPOS="528" WIDTH="456" HEIGHT="16">
							<String ID="string_40" HPOS="47" VPOS="528" WIDTH="32" HEIGHT="13" WC="0.96" CONTENT="åtta"/><SP WIDTH="10" VPOS="528" HPOS="79"/>
							<String ID="string_41" HPOS="89" VPOS="528" WIDTH="21" HEIGHT="15" WC="0.96" CONTENT="år,"/><SP WIDTH="9" VPOS="528" HPOS="110"/>
							<String ID="string_42" HPOS="119" VPOS="528" WIDTH="64" HEIGHT="13" WC="0.96" CONTENT="räknade"/><SP WIDTH="10" VPOS="528" HPOS="183"/>
							<String ID="string_43" HPOS="193" VPOS="528" WIDTH="32" HEIGHT="13" WC="0.96" CONTENT="från"/><SP WIDTH="10" VPOS="528" HPOS="225"/>
							<String ID="string_44" HPOS="235" VPOS="528" WIDTH="27" HEIGHT="13" WC="0.96" CONTENT="och"/><SP WIDTH="10" VPOS="528" HPOS="262"/>
							<String ID="string_45" HPOS="272" VPOS="528" WIDTH="33" HEIGHT="12" WC="0.96" CONTENT="med"/><SP WIDTH="10" VPOS="528" HPOS="305"/>
							<String ID="string_46" HPOS="315" VPOS="528" WIDTH="57" HEIGHT="16" WC="0.96" CONTENT="januari"/><SP WIDTH="10" VPOS="528" HPOS="372"/>
							<String ID="string_47" HPOS="382" VPOS="528" WIDTH="60" HEIGHT="13" WC="0.96" CONTENT="månads"/><SP WIDTH="10" VPOS="528" HPOS="442"/>
							<String ID="string_48" HPOS="452" VPOS="528" WIDTH="51" HEIGHT="16" WC="0.96" CONTENT="början"/>
						</TextLine>
						<TextLine ID="line_11" HPOS="47" VPOS="545" WIDTH="456" HEIGHT="16">
							<String ID="string_49" HPOS="47" VPOS="546" WIDTH="30" HEIGHT="13" WC="0.96" CONTENT="året"/><SP WIDTH="11" VPOS="546" HPOS="77"/>
							<String ID="string_50" HPOS="88" VPOS="547" WIDTH="32" HEIGHT="12" WC="0.96" CONTENT="näst"/><SP WIDTH="10" VPOS="547" HPOS="120"/>
							<String ID="string_51" HPOS="130" VPOS="546" WIDTH="37" HEIGHT="13" WC="0.96" CONTENT="efter"/><SP WIDTH="9" VPOS="546" HPOS="167"/>
							<String ID="string_52" HPOS="176" VPOS="546" WIDTH="30" HEIGHT="15" WC="0.96" CONTENT="det,"/><SP WIDTH="10" VPOS="546" HPOS="206"/>
							<String ID="string_53" HPOS="216" VPOS="546" WIDTH="46" HEIGHT="12" WC="0.96" CONTENT="under"/><SP WIDTH="9" VPOS="546" HPOS="262"/>
							<String ID="string_54" HPOS="271" VPOS="545" WIDTH="46" HEIGHT="13" WC="0.96" CONTENT="vilket"/><SP WIDTH="10" VPOS="545" HPOS="317"/>
							<String ID="string_55" HPOS="327" VPOS="545" WIDTH="38" HEIGHT="13" WC="0.96" CONTENT="valet"/><SP WIDTH="10" VPOS="545" HPOS="365"/>
							<String ID="string_56" HPOS="375" VPOS="546" WIDTH="44" HEIGHT="15" WC="0.96" CONTENT="skett,"/><SP WIDTH="8" VPOS="546" HPOS="419"/>
							<String ID="string_57" HPOS="427" VPOS="549" WIDTH="18" HEIGHT="9" WC="0.93" CONTENT="av"/><SP WIDTH="11" VPOS="549" HPOS="445"/>
							<String ID="string_58" HPOS="456" VPOS="545" WIDTH="47" HEIGHT="13" WC="0.92" CONTENT="lands-"/>
						</TextLine>
						<TextLine ID="line_12" HPOS="47" VPOS="563" WIDTH="456" HEIGHT="17">
							<String ID="string_59" HPOS="47" VPOS="564" WIDTH="57" HEIGHT="15" WC="0.96" CONTENT="tingens"/><SP WIDTH="15" VPOS="564" HPOS="104"/>
							<String ID="string_60" HPOS="119" VPOS="563" WIDTH="79" HEIGHT="14" WC="0.96" CONTENT="ledamöter"/><SP WIDTH="14" VPOS="563" HPOS="198"/>
							<String ID="string_61" HPOS="212" VPOS="563" WIDTH="26" HEIGHT="13" WC="0.96" CONTENT="och"/><SP WIDTH="14" VPOS="563" HPOS="238"/>
							<String ID="string_62" HPOS="252" VPOS="563" WIDTH="132" HEIGHT="16" WC="0.96" CONTENT="stadsfullmäktige"/><SP WIDTH="14" VPOS="563" HPOS="384"/>
							<String ID="string_63" HPOS="398" VPOS="563" WIDTH="5" HEIGHT="13" WC="0.96" CONTENT="i"/><SP WIDTH="15" VPOS="563" HPOS="403"/>
							<String ID="string_64" HPOS="418" VPOS="564" WIDTH="18" HEIGHT="12" WC="0.96" CONTENT="de"/><SP WIDTH="14" VPOS="564" HPOS="436"/>
							<String ID="string_65" HPOS="450" VPOS="564" WIDTH="53" HEIGHT="16" WC="0.96" CONTENT="städer,"/>
						</TextLine>
						<TextLine ID="line_13" HPOS="46" VPOS="581" WIDTH="457" HEIGHT="17">
							<String ID="string_66" HPOS="46" VPOS="585" WIDTH="32" HEIGHT="10" WC="0.96" CONTENT="som"/><SP WIDTH="12" VPOS="585" HPOS="78"/>
							<String ID="string_67" HPOS="90" VPOS="582" WIDTH="13" HEIGHT="16" WC="0.95" CONTENT="ej"/><SP WIDTH="13" VPOS="582" HPOS="103"/>
							<String ID="string_68" HPOS="116" VPOS="582" WIDTH="58" HEIGHT="15" WC="0.95" CONTENT="deltaga"/><SP WIDTH="11" VPOS="582" HPOS="174"/>
							<String ID="string_69" HPOS="185" VPOS="582" WIDTH="5" HEIGHT="12" WC="0.96" CONTENT="i"/><SP WIDTH="12" VPOS="582" HPOS="190"/>
							<String ID="string_70" HPOS="202" VPOS="581" WIDTH="79" HEIGHT="16" WC="0.96" CONTENT="landsting."/><SP WIDTH="19" VPOS="581" HPOS="281"/>
							<String ID="string_71" HPOS="300" VPOS="582" WIDTH="28" HEIGHT="12" WC="0.96" CONTENT="För"/><SP WIDTH="10" VPOS="582" HPOS="328"/>
							<String ID="string_72" HPOS="338" VPOS="581" WIDTH="23" HEIGHT="13" WC="0.96" CONTENT="val"/><SP WIDTH="10" VPOS="581" HPOS="361"/>
							<String ID="string_73" HPOS="371" VPOS="581" WIDTH="22" HEIGHT="13" WC="0.96" CONTENT="till"/><SP WIDTH="9" VPOS="581" HPOS="393"/>
							<String ID="string_74" HPOS="402" VPOS="582" WIDTH="51" HEIGHT="13" WC="0.93" CONTENT="Första"/><SP WIDTH="11" VPOS="582" HPOS="453"/>
							<String ID="string_75" HPOS="464" VPOS="582" WIDTH="39" HEIGHT="13" WC="0.91" CONTENT="kam-"/>
						</TextLine>
						<TextLine ID="line_14" HPOS="46" VPOS="599" WIDTH="457" HEIGHT="16">
							<String ID="string_76" HPOS="46" VPOS="603" WIDTH="50" HEIGHT="10" WC="0.96" CONTENT="maren"/><SP WIDTH="14" VPOS="603" HPOS="96"/>
							<String ID="string_77" HPOS="110" VPOS="601" WIDTH="16" HEIGHT="12" WC="0.96" CONTENT="är"/><SP WIDTH="14" VPOS="601" HPOS="126"/>
							<String ID="string_78" HPOS="140" VPOS="600" WIDTH="37" HEIGHT="12" WC="0.96" CONTENT="riket"/><SP WIDTH="14" VPOS="600" HPOS="177"/>
							<String ID="string_79" HPOS="191" VPOS="599" WIDTH="55" HEIGHT="13" WC="0.96" CONTENT="indelat"/><SP WIDTH="14" VPOS="599" HPOS="246"/>
							<String ID="string_80" HPOS="260" VPOS="599" WIDTH="5" HEIGHT="13" WC="0.96" CONTENT="i"/><SP WIDTH="14" VPOS="599" HPOS="265"/>
							<String ID="string_81" HPOS="279" VPOS="603" WIDTH="16" HEIGHT="12" WC="0.96" CONTENT="19"/><SP WIDTH="13" VPOS="603" HPOS="295"/>
							<String ID="string_82" HPOS="308" VPOS="599" WIDTH="85" HEIGHT="13" WC="0.96" CONTENT="valkretsar."/><SP WIDTH="19" VPOS="599" HPOS="393"/>
							<String ID="string_83" HPOS="412" VPOS="599" WIDTH="91" HEIGHT="14" WC="0.96" CONTENT="Stockholms"/>
						</TextLine>
						<TextLine ID="line_15" HPOS="46" VPOS="617" WIDTH="457" HEIGHT="16">
							<String ID="string_84" HPOS="46" VPOS="618" WIDTH="33" HEIGHT="13" WC="0.96" CONTENT="stad"/><SP WIDTH="9" VPOS="618" HPOS="79"/>
							<String ID="string_85" HPOS="88" VPOS="618" WIDTH="27" HEIGHT="13" WC="0.96" CONTENT="och"/><SP WIDTH="8" VPOS="618" HPOS="115"/>
							<String ID="string_86" HPOS="123" VPOS="617" WIDTH="81" HEIGHT="16" WC="0.96" CONTENT="Göteborgs"/><SP WIDTH="8" VPOS="617" HPOS="204"/>
							<String ID="string_87" HPOS="212" VPOS="617" WIDTH="33" HEIGHT="13" WC="0.96" CONTENT="stad"/><SP WIDTH="9" VPOS="617" HPOS="245"/>
							<String ID="string_88" HPOS="254" VPOS="618" WIDTH="52" HEIGHT="15" WC="0.96" CONTENT="utgöra"/><SP WIDTH="8" VPOS="618" HPOS="306"/>
							<String ID="string_89" HPOS="314" VPOS="621" WIDTH="26" HEIGHT="9" WC="0.96" CONTENT="var"/><SP WIDTH="9" VPOS="621" HPOS="340"/>
							<String ID="string_90" HPOS="349" VPOS="617" WIDTH="21" HEIGHT="13" WC="0.96" CONTENT="för"/><SP WIDTH="9" VPOS="617" HPOS="370"/>
							<String ID="string_91" HPOS="379" VPOS="617" WIDTH="21" HEIGHT="16" WC="0.96" CONTENT="sig"/><SP WIDTH="8" VPOS="617" HPOS="400"/>
							<String ID="string_92" HPOS="408" VPOS="621" WIDTH="17" HEIGHT="9" WC="0.96" CONTENT="en"/><SP WIDTH="10" VPOS="621" HPOS="425"/>
							<String ID="string_93" HPOS="435" VPOS="618" WIDTH="68" HEIGHT="13" WC="0.82" CONTENT="valkrets."/>
						</TextLine>
						<TextLine ID="line_16" HPOS="46" VPOS="635" WIDTH="457" HEIGHT="16">
							<String ID="string_94" HPOS="46" VPOS="636" WIDTH="52" HEIGHT="13" WC="0.96" CONTENT="Annan"/><SP WIDTH="10" VPOS="636" HPOS="98"/>
							<String ID="string_95" HPOS="108" VPOS="635" WIDTH="38" HEIGHT="16" WC="0.96" CONTENT="stad,"/><SP WIDTH="9" VPOS="635" HPOS="146"/>
							<String ID="string_96" HPOS="155" VPOS="639" WIDTH="31" HEIGHT="9" WC="0.96" CONTENT="som"/><SP WIDTH="10" VPOS="639" HPOS="186"/>
							<String ID="string_97" HPOS="196" VPOS="635" WIDTH="13" HEIGHT="16" WC="0.96" CONTENT="ej"/><SP WIDTH="9" VPOS="635" HPOS="209"/>
							<String ID="string_98" HPOS="218" VPOS="635" WIDTH="65" HEIGHT="16" WC="0.96" CONTENT="deltager"/><SP WIDTH="9" VPOS="635" HPOS="283"/>
							<String ID="string_99" HPOS="292" VPOS="635" WIDTH="4" HEIGHT="13" WC="0.96" CONTENT="i"/><SP WIDTH="10" VPOS="635" HPOS="296"/>
							<String ID="string_100" HPOS="306" VPOS="635" WIDTH="76" HEIGHT="16" WC="0.96" CONTENT="landsting,"/><SP WIDTH="11" VPOS="635" HPOS="382"/>
							<String ID="string_101" HPOS="393" VPOS="635" WIDTH="48" HEIGHT="13" WC="0.85" CONTENT="tillhör"/><SP WIDTH="7" VPOS="635" HPOS="441"/>
							<String ID="string_102" HPOS="448" VPOS="639" WIDTH="55" HEIGHT="9" WC="0.96" CONTENT="samma"/>
						</TextLine>
						<TextLine ID="line_17" HPOS="46" VPOS="653" WIDTH="456" HEIGHT="16">
							<String ID="string_103" HPOS="46" VPOS="653" WIDTH="65" HEIGHT="13" WC="0.96" CONTENT="valkrets"/><SP WIDTH="11" VPOS="653" HPOS="111"/>
							<String ID="string_104" HPOS="122" VPOS="657" WIDTH="31" HEIGHT="9" WC="0.96" CONTENT="som"/><SP WIDTH="11" VPOS="657" HPOS="153"/>
							<String ID="string_105" HPOS="164" VPOS="654" WIDTH="25" HEIGHT="12" WC="0.93" CONTENT="det"/><SP WIDTH="12" VPOS="654" HPOS="189"/>
							<String ID="string_106" HPOS="201" VPOS="653" WIDTH="144" HEIGHT="16" WC="0.92" CONTENT="landstingsområde,"/><SP WIDTH="12" VPOS="653" HPOS="345"/>
							<String ID="string_107" HPOS="357" VPOS="653" WIDTH="33" HEIGHT="13" WC="0.96" CONTENT="vari"/><SP WIDTH="10" VPOS="653" HPOS="390"/>
							<String ID="string_108" HPOS="400" VPOS="653" WIDTH="51" HEIGHT="13" WC="0.96" CONTENT="staden"/><SP WIDTH="13" VPOS="653" HPOS="451"/>
							<String ID="string_109" HPOS="464" VPOS="653" WIDTH="38" HEIGHT="13" WC="0.96" CONTENT="förut"/>
						</TextLine>
						<TextLine ID="line_18" HPOS="46" VPOS="671" WIDTH="457" HEIGHT="16">
							<String ID="string_110" HPOS="46" VPOS="671" WIDTH="52" HEIGHT="16" WC="0.96" CONTENT="ingått."/><SP WIDTH="23" VPOS="671" HPOS="98"/>
							<String ID="string_111" HPOS="121" VPOS="671" WIDTH="41" HEIGHT="13" WC="0.92" CONTENT="Flera"/><SP WIDTH="13" VPOS="671" HPOS="162"/>
							<String ID="string_112" HPOS="175" VPOS="671" WIDTH="149" HEIGHT="16" WC="0.90" CONTENT="landstingsområden"/><SP WIDTH="13" VPOS="671" HPOS="324"/>
							<String ID="string_113" HPOS="337" VPOS="671" WIDTH="49" HEIGHT="13" WC="0.93" CONTENT="kunna"/><SP WIDTH="12" VPOS="671" HPOS="386"/>
							<String ID="string_114" HPOS="398" VPOS="671" WIDTH="105" HEIGHT="13" WC="0.91" CONTENT="sammanföras"/>
						</TextLine>
						<TextLine ID="line_19" HPOS="46" VPOS="688" WIDTH="457" HEIGHT="17">
							<String ID="string_115" HPOS="46" VPOS="689" WIDTH="5" HEIGHT="13" WC="0.96" CONTENT="i"/><SP WIDTH="13" VPOS="689" HPOS="51"/>
							<String ID="string_116" HPOS="64" VPOS="693" WIDTH="18" HEIGHT="9" WC="0.96" CONTENT="en"/><SP WIDTH="14" VPOS="693" HPOS="82"/>
							<String ID="string_117" HPOS="96" VPOS="689" WIDTH="68" HEIGHT="15" WC="0.96" CONTENT="valkrets;"/><SP WIDTH="14" VPOS="689" HPOS="164"/>
							<String ID="string_118" HPOS="178" VPOS="693" WIDTH="32" HEIGHT="9" WC="0.96" CONTENT="men"/><SP WIDTH="14" VPOS="693" HPOS="210"/>
							<String ID="string_119" HPOS="224" VPOS="689" WIDTH="13" HEIGHT="16" WC="0.96" CONTENT="ej"/><SP WIDTH="14" VPOS="689" HPOS="237"/>
							<String ID="string_120" HPOS="251" VPOS="689" WIDTH="24" HEIGHT="12" WC="0.93" CONTENT="må"/><SP WIDTH="14" VPOS="689" HPOS="275"/>
							<String ID="string_121" HPOS="289" VPOS="688" WIDTH="140" HEIGHT="16" WC="0.91" CONTENT="landstingsområde"/><SP WIDTH="13" VPOS="688" HPOS="429"/>
							<String ID="string_122" HPOS="442" VPOS="689" WIDTH="39" HEIGHT="13" WC="0.93" CONTENT="delas"/><SP WIDTH="13" VPOS="689" HPOS="481"/>
							<String ID="string_123" HPOS="494" VPOS="689" WIDTH="9" HEIGHT="13" WC="0.91" CONTENT="å"/>
						</TextLine>
						<TextLine ID="line_20" HPOS="45" VPOS="706" WIDTH="458" HEIGHT="16">
							<String ID="string_124" HPOS="45" VPOS="706" WIDTH="47" HEIGHT="14" WC="0.96" CONTENT="skilda"/><SP WIDTH="12" VPOS="706" HPOS="92"/>
							<String ID="string_125" HPOS="104" VPOS="707" WIDTH="86" HEIGHT="13" WC="0.69" CONTENT="valkretsar."/><SP WIDTH="21" VPOS="707" HPOS="190"/>
							<String ID="string_126" HPOS="211" VPOS="706" WIDTH="94" HEIGHT="16" WC="0.95" CONTENT="Indelningen"/><SP WIDTH="11" VPOS="706" HPOS="305"/>
							<String ID="string_127" HPOS="316" VPOS="706" WIDTH="5" HEIGHT="13" WC="0.96" CONTENT="i"/><SP WIDTH="12" VPOS="706" HPOS="321"/>
							<String ID="string_128" HPOS="333" VPOS="706" WIDTH="80" HEIGHT="13" WC="0.93" CONTENT="valkretsar"/><SP WIDTH="12" VPOS="706" HPOS="413"/>
							<String ID="string_129" HPOS="425" VPOS="707" WIDTH="78" HEIGHT="13" WC="0.91" CONTENT="innehålles"/>
						</TextLine>
						<TextLine ID="line_21" HPOS="46" VPOS="724" WIDTH="456" HEIGHT="17">
							<String ID="string_130" HPOS="46" VPOS="725" WIDTH="5" HEIGHT="13" WC="0.96" CONTENT="i"/><SP WIDTH="11" VPOS="725" HPOS="51"/>
							<String ID="string_131" HPOS="62" VPOS="724" WIDTH="70" HEIGHT="16" WC="0.95" CONTENT="vallagen."/><SP WIDTH="22" VPOS="724" HPOS="132"/>
							<String ID="string_132" HPOS="154" VPOS="725" WIDTH="27" HEIGHT="13" WC="0.95" CONTENT="För"/><SP WIDTH="11" VPOS="725" HPOS="181"/>
							<String ID="string_133" HPOS="192" VPOS="724" WIDTH="41" HEIGHT="16" WC="0.96" CONTENT="varje"/><SP WIDTH="11" VPOS="724" HPOS="233"/>
							<String ID="string_134" HPOS="244" VPOS="724" WIDTH="64" HEIGHT="13" WC="0.93" CONTENT="valkrets"/><SP WIDTH="11" VPOS="724" HPOS="308"/>
							<String ID="string_135" HPOS="319" VPOS="724" WIDTH="45" HEIGHT="16" WC="0.92" CONTENT="väljes"/><SP WIDTH="11" VPOS="724" HPOS="364"/>
							<String ID="string_136" HPOS="375" VPOS="724" WIDTH="37" HEIGHT="13" WC="0.93" CONTENT="efter"/><SP WIDTH="11" VPOS="724" HPOS="412"/>
							<String ID="string_137" HPOS="423" VPOS="724" WIDTH="79" HEIGHT="17" WC="0.91" CONTENT="folkmäng-"/>
						</TextLine>
						<TextLine ID="line_22" HPOS="46" VPOS="742" WIDTH="456" HEIGHT="16">
							<String ID="string_138" HPOS="46" VPOS="743" WIDTH="28" HEIGHT="13" WC="0.96" CONTENT="den"/><SP WIDTH="12" VPOS="743" HPOS="74"/>
							<String ID="string_139" HPOS="86" VPOS="743" WIDTH="39" HEIGHT="13" WC="0.96" CONTENT="inom"/><SP WIDTH="11" VPOS="743" HPOS="125"/>
							<String ID="string_140" HPOS="136" VPOS="742" WIDTH="33" HEIGHT="14" WC="0.96" CONTENT="dess"/><SP WIDTH="11" VPOS="742" HPOS="169"/>
							<String ID="string_141" HPOS="180" VPOS="743" WIDTH="59" HEIGHT="13" WC="0.96" CONTENT="område"/><SP WIDTH="11" VPOS="743" HPOS="239"/>
							<String ID="string_142" HPOS="250" VPOS="746" WIDTH="17" HEIGHT="9" WC="0.96" CONTENT="en"/><SP WIDTH="13" VPOS="746" HPOS="267"/>
							<String ID="string_143" HPOS="280" VPOS="742" WIDTH="99" HEIGHT="16" WC="0.96" CONTENT="riksdagsman"/><SP WIDTH="12" VPOS="742" HPOS="379"/>
							<String ID="string_144" HPOS="391" VPOS="742" WIDTH="22" HEIGHT="13" WC="0.96" CONTENT="för"/><SP WIDTH="12" VPOS="742" HPOS="413"/>
							<String ID="string_145" HPOS="425" VPOS="744" WIDTH="32" HEIGHT="12" WC="0.96" CONTENT="vart"/><SP WIDTH="12" VPOS="744" HPOS="457"/>
							<String ID="string_146" HPOS="469" VPOS="742" WIDTH="33" HEIGHT="14" WC="0.96" CONTENT="fullt"/>
						</TextLine>
						<TextLine ID="line_23" HPOS="47" VPOS="760" WIDTH="455" HEIGHT="16">
							<String ID="string_147" HPOS="47" VPOS="760" WIDTH="25" HEIGHT="16" WC="0.96" CONTENT="tal,"/><SP WIDTH="7" VPOS="760" HPOS="72"/>
							<String ID="string_148" HPOS="79" VPOS="760" WIDTH="103" HEIGHT="14" WC="0.93" CONTENT="motsvarande"/><SP WIDTH="8" VPOS="760" HPOS="182"/>
							<String ID="string_149" HPOS="190" VPOS="761" WIDTH="29" HEIGHT="15" WC="0.55" CONTENT="&#39;/:so"/><SP WIDTH="7" VPOS="761" HPOS="219"/>
							<String ID="string_150" HPOS="226" VPOS="764" WIDTH="18" HEIGHT="9" WC="0.96" CONTENT="av"/><SP WIDTH="7" VPOS="764" HPOS="244"/>
							<String ID="string_151" HPOS="251" VPOS="760" WIDTH="45" HEIGHT="13" WC="0.96" CONTENT="rikets"/><SP WIDTH="5" VPOS="760" HPOS="296"/>
							<String ID="string_152" HPOS="301" VPOS="760" WIDTH="89" HEIGHT="16" WC="0.93" CONTENT="folkmängd."/><SP WIDTH="10" VPOS="760" HPOS="390"/>
							<String ID="string_153" HPOS="400" VPOS="760" WIDTH="102" HEIGHT="14" WC="0.91" CONTENT="Valkretsarna"/>
						</TextLine>
						<TextLine ID="line_24" HPOS="45" VPOS="778" WIDTH="457" HEIGHT="16">
							<String ID="string_154" HPOS="45" VPOS="778" WIDTH="67" HEIGHT="13" WC="0.96" CONTENT="indelas"/><SP WIDTH="-13" VPOS="778" HPOS="112"/>
							<String ID="string_155" HPOS="99" VPOS="768" WIDTH="16" HEIGHT="30" WC="0.96" CONTENT="i"/><SP WIDTH="5" VPOS="768" HPOS="115"/>
							<String ID="string_156" HPOS="120" VPOS="778" WIDTH="31" HEIGHT="13" WC="0.96" CONTENT="åtta"/><SP WIDTH="8" VPOS="778" HPOS="151"/>
							<String ID="string_157" HPOS="159" VPOS="782" WIDTH="67" HEIGHT="12" WC="0.96" CONTENT="grupper,"/><SP WIDTH="7" VPOS="782" HPOS="226"/>
							<String ID="string_158" HPOS="233" VPOS="778" WIDTH="48" HEIGHT="13" WC="0.96" CONTENT="vilken"/><SP WIDTH="8" VPOS="778" HPOS="281"/>
							<String ID="string_159" HPOS="289" VPOS="778" WIDTH="73" HEIGHT="16" WC="0.96" CONTENT="indelning"/><SP WIDTH="7" VPOS="778" HPOS="362"/>
							<String ID="string_160" HPOS="369" VPOS="778" WIDTH="78" HEIGHT="13" WC="0.96" CONTENT="fastställes"/><SP WIDTH="14" VPOS="778" HPOS="447"/>
							<String ID="string_161" HPOS="461" VPOS="778" WIDTH="4" HEIGHT="13" WC="0.92" CONTENT="i"/><SP WIDTH="8" VPOS="778" HPOS="465"/>
							<String ID="string_162" HPOS="473" VPOS="778" WIDTH="29" HEIGHT="13" WC="0.92" CONTENT="val-"/>
						</TextLine>
						<TextLine ID="line_25" HPOS="46" VPOS="796" WIDTH="456" HEIGHT="16">
							<String ID="string_163" HPOS="46" VPOS="796" WIDTH="45" HEIGHT="16" WC="0.95" CONTENT="lagen."/><SP WIDTH="20" VPOS="796" HPOS="91"/>
							<String ID="string_164" HPOS="111" VPOS="796" WIDTH="43" HEIGHT="16" WC="0.96" CONTENT="Varje"/><SP WIDTH="8" VPOS="796" HPOS="154"/>
							<String ID="string_165" HPOS="162" VPOS="796" WIDTH="16" HEIGHT="13" WC="0.96" CONTENT="år"/><SP WIDTH="8" VPOS="796" HPOS="178"/>
							<String ID="string_166" HPOS="186" VPOS="796" WIDTH="46" HEIGHT="13" WC="0.96" CONTENT="under"/><SP WIDTH="8" VPOS="796" HPOS="232"/>
							<String ID="string_167" HPOS="240" VPOS="796" WIDTH="82" HEIGHT="16" WC="0.96" CONTENT="september"/><SP WIDTH="8" VPOS="796" HPOS="322"/>
							<String ID="string_168" HPOS="330" VPOS="796" WIDTH="53" HEIGHT="13" WC="0.96" CONTENT="månad"/><SP WIDTH="9" VPOS="796" HPOS="383"/>
							<String ID="string_169" HPOS="392" VPOS="796" WIDTH="36" HEIGHT="13" WC="0.96" CONTENT="skall"/><SP WIDTH="9" VPOS="796" HPOS="428"/>
							<String ID="string_170" HPOS="437" VPOS="796" WIDTH="39" HEIGHT="13" WC="0.96" CONTENT="inom"/><SP WIDTH="8" VPOS="796" HPOS="476"/>
							<String ID="string_171" HPOS="484" VPOS="800" WIDTH="18" HEIGHT="9" WC="0.96" CONTENT="en"/>
						</TextLine>
						<TextLine ID="line_26" HPOS="46" VPOS="813" WIDTH="456" HEIGHT="17">
							<String ID="string_172" HPOS="46" VPOS="818" WIDTH="19" HEIGHT="9" WC="0.96" CONTENT="av"/><SP WIDTH="9" VPOS="818" HPOS="65"/>
							<String ID="string_173" HPOS="74" VPOS="814" WIDTH="63" HEIGHT="13" WC="0.96" CONTENT="nämnda"/><SP WIDTH="9" VPOS="814" HPOS="137"/>
							<String ID="string_174" HPOS="146" VPOS="817" WIDTH="62" HEIGHT="13" WC="0.96" CONTENT="grupper"/><SP WIDTH="9" VPOS="817" HPOS="208"/>
							<String ID="string_175" HPOS="217" VPOS="814" WIDTH="69" HEIGHT="12" WC="0.96" CONTENT="förrättas"/><SP WIDTH="9" VPOS="814" HPOS="286"/>
							<String ID="string_176" HPOS="295" VPOS="813" WIDTH="24" HEIGHT="13" WC="0.96" CONTENT="val"/><SP WIDTH="8" VPOS="813" HPOS="319"/>
							<String ID="string_177" HPOS="327" VPOS="814" WIDTH="22" HEIGHT="12" WC="0.96" CONTENT="för"/><SP WIDTH="9" VPOS="814" HPOS="349"/>
							<String ID="string_178" HPOS="358" VPOS="813" WIDTH="98" HEIGHT="17" WC="0.93" CONTENT="nästföljande"/><SP WIDTH="9" VPOS="813" HPOS="456"/>
							<String ID="string_179" HPOS="465" VPOS="814" WIDTH="37" HEIGHT="13" WC="0.92" CONTENT="åtta-"/>
						</TextLine>
						<TextLine ID="line_27" HPOS="46" VPOS="831" WIDTH="455" HEIGHT="17">
							<String ID="string_180" HPOS="46" VPOS="831" WIDTH="77" HEIGHT="17" WC="0.92" CONTENT="årsperiod."/><SP WIDTH="24" VPOS="831" HPOS="123"/>
							<String ID="string_181" HPOS="147" VPOS="832" WIDTH="29" HEIGHT="13" WC="0.89" CONTENT="Det"/><SP WIDTH="13" VPOS="832" HPOS="176"/>
							<String ID="string_182" HPOS="189" VPOS="832" WIDTH="41" HEIGHT="12" WC="0.96" CONTENT="antal"/><SP WIDTH="14" VPOS="832" HPOS="230"/>
							<String ID="string_183" HPOS="244" VPOS="831" WIDTH="99" HEIGHT="16" WC="0.96" CONTENT="riksdagsmän"/><SP WIDTH="14" VPOS="831" HPOS="343"/>
							<String ID="string_184" HPOS="357" VPOS="832" WIDTH="18" HEIGHT="12" WC="0.95" CONTENT="de"/><SP WIDTH="13" VPOS="832" HPOS="375"/>
							<String ID="string_185" HPOS="388" VPOS="831" WIDTH="71" HEIGHT="13" WC="0.93" CONTENT="särskilda"/><SP WIDTH="13" VPOS="831" HPOS="459"/>
							<String ID="string_186" HPOS="472" VPOS="832" WIDTH="29" HEIGHT="13" WC="0.93" CONTENT="val-"/>
						</TextLine>
						<TextLine ID="line_28" HPOS="45" VPOS="849" WIDTH="457" HEIGHT="16">
							<String ID="string_187" HPOS="45" VPOS="850" WIDTH="76" HEIGHT="12" WC="0.96" CONTENT="kretsarna"/><SP WIDTH="15" VPOS="850" HPOS="121"/>
							<String ID="string_188" HPOS="136" VPOS="849" WIDTH="40" HEIGHT="13" WC="0.96" CONTENT="skola"/><SP WIDTH="15" VPOS="849" HPOS="176"/>
							<String ID="string_189" HPOS="191" VPOS="851" WIDTH="32" HEIGHT="11" WC="0.96" CONTENT="utse"/><SP WIDTH="15" VPOS="851" HPOS="223"/>
							<String ID="string_190" HPOS="238" VPOS="849" WIDTH="87" HEIGHT="13" WC="0.96" CONTENT="bestämmes"/><SP WIDTH="14" VPOS="849" HPOS="325"/>
							<String ID="string_191" HPOS="339" VPOS="849" WIDTH="46" HEIGHT="16" WC="0.96" CONTENT="enligt"/><SP WIDTH="15" VPOS="849" HPOS="385"/>
							<String ID="string_192" HPOS="400" VPOS="850" WIDTH="102" HEIGHT="13" WC="0.96" CONTENT="ovannämnda"/>
						</TextLine>
						<TextLine ID="line_29" HPOS="46" VPOS="866" WIDTH="455" HEIGHT="17">
							<String ID="string_193" HPOS="46" VPOS="871" WIDTH="41" HEIGHT="9" WC="0.96" CONTENT="norm"/><SP WIDTH="11" VPOS="871" HPOS="87"/>
							<String ID="string_194" HPOS="98" VPOS="871" WIDTH="19" HEIGHT="9" WC="0.96" CONTENT="av"/><SP WIDTH="12" VPOS="871" HPOS="117"/>
							<String ID="string_195" HPOS="129" VPOS="867" WIDTH="80" HEIGHT="16" WC="0.96" CONTENT="Konungen"/><SP WIDTH="11" VPOS="867" HPOS="209"/>
							<String ID="string_196" HPOS="220" VPOS="868" WIDTH="33" HEIGHT="12" WC="0.96" CONTENT="vart"/><SP WIDTH="12" VPOS="868" HPOS="253"/>
							<String ID="string_197" HPOS="265" VPOS="871" WIDTH="30" HEIGHT="9" WC="0.95" CONTENT="10:e"/><SP WIDTH="11" VPOS="871" HPOS="295"/>
							<String ID="string_198" HPOS="306" VPOS="867" WIDTH="16" HEIGHT="13" WC="0.92" CONTENT="år"/><SP WIDTH="12" VPOS="867" HPOS="322"/>
							<String ID="string_199" HPOS="334" VPOS="867" WIDTH="23" HEIGHT="16" WC="0.92" CONTENT="(K."/><SP WIDTH="13" VPOS="867" HPOS="357"/>
							<String ID="string_200" HPOS="370" VPOS="867" WIDTH="43" HEIGHT="16" WC="0.95" CONTENT="kung."/><SP WIDTH="9" VPOS="867" HPOS="413"/>
							<String ID="string_201" HPOS="422" VPOS="867" WIDTH="50" HEIGHT="13" WC="0.93" CONTENT="härom"/><SP WIDTH="8" VPOS="867" HPOS="472"/>
							<String ID="string_202" HPOS="480" VPOS="866" WIDTH="21" HEIGHT="17" WC="0.0" CONTENT="&#39;2/,"/>
						</TextLine>
						<TextLine ID="line_30" HPOS="47" VPOS="884" WIDTH="455" HEIGHT="17">
							<String ID="string_203" HPOS="47" VPOS="885" WIDTH="46" HEIGHT="16" WC="0.93" CONTENT="1931)."/><SP WIDTH="23" VPOS="885" HPOS="93"/>
							<String ID="string_204" HPOS="116" VPOS="885" WIDTH="70" HEIGHT="13" WC="0.93" CONTENT="Ledamot"/><SP WIDTH="13" VPOS="885" HPOS="186"/>
							<String ID="string_205" HPOS="199" VPOS="888" WIDTH="19" HEIGHT="10" WC="0.96" CONTENT="av"/><SP WIDTH="13" VPOS="888" HPOS="218"/>
							<String ID="string_206" HPOS="231" VPOS="885" WIDTH="52" HEIGHT="13" WC="0.96" CONTENT="Första"/><SP WIDTH="13" VPOS="885" HPOS="283"/>
							<String ID="string_207" HPOS="296" VPOS="884" WIDTH="89" HEIGHT="16" WC="0.96" CONTENT="kammaren,"/><SP WIDTH="13" VPOS="884" HPOS="385"/>
							<String ID="string_208" HPOS="398" VPOS="888" WIDTH="31" HEIGHT="10" WC="0.96" CONTENT="som"/><SP WIDTH="13" VPOS="888" HPOS="429"/>
							<String ID="string_209" HPOS="442" VPOS="885" WIDTH="31" HEIGHT="13" WC="0.96" CONTENT="icke"/><SP WIDTH="13" VPOS="885" HPOS="473"/>
							<String ID="string_210" HPOS="486" VPOS="886" WIDTH="16" HEIGHT="12" WC="0.95" CONTENT="är"/>
						</TextLine>
						<TextLine ID="line_31" HPOS="46" VPOS="902" WIDTH="456" HEIGHT="16">
							<String ID="string_211" HPOS="46" VPOS="903" WIDTH="49" HEIGHT="13" WC="0.93" CONTENT="bosatt"/><SP WIDTH="9" VPOS="903" HPOS="95"/>
							<String ID="string_212" HPOS="104" VPOS="902" WIDTH="8" HEIGHT="13" WC="0.93" CONTENT="å"/><SP WIDTH="9" VPOS="902" HPOS="112"/>
							<String ID="string_213" HPOS="121" VPOS="904" WIDTH="27" HEIGHT="14" WC="0.96" CONTENT="ort,"/><SP WIDTH="9" VPOS="904" HPOS="148"/>
							<String ID="string_214" HPOS="157" VPOS="903" WIDTH="27" HEIGHT="12" WC="0.96" CONTENT="där"/><SP WIDTH="8" VPOS="903" HPOS="184"/>
							<String ID="string_215" HPOS="192" VPOS="902" WIDTH="58" HEIGHT="16" WC="0.96" CONTENT="riksdag"/><SP WIDTH="9" VPOS="902" HPOS="250"/>
							<String ID="string_216" HPOS="259" VPOS="902" WIDTH="49" HEIGHT="16" WC="0.96" CONTENT="hålles,"/><SP WIDTH="10" VPOS="902" HPOS="308"/>
							<String ID="string_217" HPOS="318" VPOS="902" WIDTH="65" HEIGHT="16" WC="0.96" CONTENT="åtnjuter"/><SP WIDTH="8" VPOS="902" HPOS="383"/>
							<String ID="string_218" HPOS="391" VPOS="906" WIDTH="18" HEIGHT="9" WC="0.93" CONTENT="av"/><SP WIDTH="9" VPOS="906" HPOS="409"/>
							<String ID="string_219" HPOS="418" VPOS="903" WIDTH="84" HEIGHT="13" WC="0.92" CONTENT="statsmedel"/>
						</TextLine>
						<TextLine ID="line_32" HPOS="46" VPOS="920" WIDTH="454" HEIGHT="16">
							<String ID="string_220" HPOS="46" VPOS="920" WIDTH="95" HEIGHT="13" WC="0.91" CONTENT="resekostnad"/><SP WIDTH="12" VPOS="920" HPOS="141"/>
							<String ID="string_221" HPOS="153" VPOS="920" WIDTH="21" HEIGHT="13" WC="0.93" CONTENT="till"/><SP WIDTH="7" VPOS="920" HPOS="174"/>
							<String ID="string_222" HPOS="181" VPOS="920" WIDTH="26" HEIGHT="13" WC="0.96" CONTENT="och"/><SP WIDTH="7" VPOS="920" HPOS="207"/>
							<String ID="string_223" HPOS="214" VPOS="920" WIDTH="32" HEIGHT="13" WC="0.96" CONTENT="från"/><SP WIDTH="8" VPOS="920" HPOS="246"/>
							<String ID="string_224" HPOS="254" VPOS="920" WIDTH="75" HEIGHT="16" WC="0.96" CONTENT="riksdagen"/><SP WIDTH="8" VPOS="920" HPOS="329"/>
							<String ID="string_225" HPOS="337" VPOS="920" WIDTH="46" HEIGHT="16" WC="0.96" CONTENT="jämte"/><SP WIDTH="6" VPOS="920" HPOS="383"/>
							<String ID="string_226" HPOS="389" VPOS="921" WIDTH="22" HEIGHT="12" WC="0.93" CONTENT="ett"/><SP WIDTH="6" VPOS="921" HPOS="411"/>
							<String ID="string_227" HPOS="417" VPOS="921" WIDTH="83" HEIGHT="15" WC="0.92" CONTENT="dagtrakta-"/>
						</TextLine>
						<TextLine ID="line_33" HPOS="45" VPOS="938" WIDTH="457" HEIGHT="15">
							<String ID="string_228" HPOS="45" VPOS="940" WIDTH="49" HEIGHT="11" WC="0.96" CONTENT="mente"/><SP WIDTH="17" VPOS="940" HPOS="94"/>
							<String ID="string_229" HPOS="111" VPOS="942" WIDTH="19" HEIGHT="9" WC="0.96" CONTENT="av"/><SP WIDTH="16" VPOS="942" HPOS="130"/>
							<String ID="string_230" HPOS="146" VPOS="941" WIDTH="17" HEIGHT="12" WC="0.96" CONTENT="25"/><SP WIDTH="13" VPOS="941" HPOS="163"/>
							<String ID="string_231" HPOS="176" VPOS="938" WIDTH="22" HEIGHT="13" WC="0.94" CONTENT="kr."/><SP WIDTH="15" VPOS="938" HPOS="198"/>
							<String ID="string_232" HPOS="213" VPOS="938" WIDTH="23" HEIGHT="13" WC="0.96" CONTENT="för"/><SP WIDTH="9" VPOS="938" HPOS="236"/>
							<String ID="string_233" HPOS="245" VPOS="938" WIDTH="62" HEIGHT="13" WC="0.96" CONTENT="vardera"/><SP WIDTH="9" VPOS="938" HPOS="307"/>
							<String ID="string_234" HPOS="316" VPOS="942" WIDTH="42" HEIGHT="9" WC="0.96" CONTENT="resan"/><SP WIDTH="10" VPOS="942" HPOS="358"/>
							<String ID="string_235" HPOS="368" VPOS="939" WIDTH="39" HEIGHT="12" WC="0.96" CONTENT="samt"/><SP WIDTH="9" VPOS="939" HPOS="407"/>
							<String ID="string_236" HPOS="416" VPOS="939" WIDTH="22" HEIGHT="12" WC="0.96" CONTENT="ett"/><SP WIDTH="9" VPOS="939" HPOS="438"/>
							<String ID="string_237" HPOS="447" VPOS="939" WIDTH="55" HEIGHT="13" WC="0.95" CONTENT="arvode"/>
						</TextLine>
						<TextLine ID="line_34" HPOS="45" VPOS="956" WIDTH="450" HEIGHT="16">
							<String ID="string_238" HPOS="45" VPOS="956" WIDTH="47" HEIGHT="13" WC="0.96" CONTENT="under"/><SP WIDTH="8" VPOS="956" HPOS="92"/>
							<String ID="string_239" HPOS="100" VPOS="956" WIDTH="77" HEIGHT="16" WC="0.96" CONTENT="riksdagen"/><SP WIDTH="10" VPOS="956" HPOS="177"/>
							<String ID="string_240" HPOS="187" VPOS="960" WIDTH="19" HEIGHT="9" WC="0.93" CONTENT="av"/><SP WIDTH="10" VPOS="960" HPOS="206"/>
							<String ID="string_241" HPOS="216" VPOS="960" WIDTH="41" HEIGHT="12" WC="0.92" CONTENT="4,000"/><SP WIDTH="11" VPOS="960" HPOS="257"/>
							<String ID="string_242" HPOS="268" VPOS="956" WIDTH="22" HEIGHT="13" WC="0.96" CONTENT="kr."/><SP WIDTH="16" VPOS="956" HPOS="290"/>
							<String ID="string_243" HPOS="306" VPOS="956" WIDTH="51" HEIGHT="13" WC="0.96" CONTENT="Annan"/><SP WIDTH="8" VPOS="956" HPOS="357"/>
							<String ID="string_244" HPOS="365" VPOS="956" WIDTH="63" HEIGHT="13" WC="0.96" CONTENT="ledamot"/><SP WIDTH="8" VPOS="956" HPOS="428"/>
							<String ID="string_245" HPOS="436" VPOS="960" WIDTH="18" HEIGHT="9" WC="0.96" CONTENT="av"/><SP WIDTH="8" VPOS="960" HPOS="454"/>
							<String ID="string_246" HPOS="462" VPOS="956" WIDTH="33" HEIGHT="13" WC="0.7" CONTENT="kam."/>
						</TextLine>
						<TextLine ID="line_35" HPOS="45" VPOS="974" WIDTH="457" HEIGHT="16">
							<String ID="string_247" HPOS="45" VPOS="977" WIDTH="50" HEIGHT="10" WC="0.95" CONTENT="maren"/><SP WIDTH="15" VPOS="977" HPOS="95"/>
							<String ID="string_248" HPOS="110" VPOS="974" WIDTH="65" HEIGHT="16" WC="0.95" CONTENT="åtnjuter"/><SP WIDTH="14" VPOS="974" HPOS="175"/>
							<String ID="string_249" HPOS="189" VPOS="974" WIDTH="54" HEIGHT="12" WC="0.95" CONTENT="arvode"/><SP WIDTH="14" VPOS="974" HPOS="243"/>
							<String ID="string_250" HPOS="257" VPOS="977" WIDTH="19" HEIGHT="9" WC="0.92" CONTENT="av"/><SP WIDTH="16" VPOS="977" HPOS="276"/>
							<String ID="string_251" HPOS="292" VPOS="977" WIDTH="41" HEIGHT="12" WC="0.91" CONTENT="3,000"/><SP WIDTH="9" VPOS="977" HPOS="333"/>
							<String ID="string_252" HPOS="342" VPOS="974" WIDTH="22" HEIGHT="12" WC="0.96" CONTENT="kr."/><SP WIDTH="18" VPOS="974" HPOS="364"/>
							<String ID="string_253" HPOS="382" VPOS="974" WIDTH="77" HEIGHT="16" WC="0.96" CONTENT="Därjämte"/><SP WIDTH="10" VPOS="974" HPOS="459"/>
							<String ID="string_254" HPOS="469" VPOS="975" WIDTH="33" HEIGHT="12" WC="0.96" CONTENT="äger"/>
						</TextLine>
						<TextLine ID="line_36" HPOS="45" VPOS="991" WIDTH="455" HEIGHT="17">
							<String ID="string_255" HPOS="45" VPOS="991" WIDTH="104" HEIGHT="15" WC="0.96" CONTENT="riksdagsman,"/><SP WIDTH="10" VPOS="991" HPOS="149"/>
							<String ID="string_256" HPOS="159" VPOS="995" WIDTH="31" HEIGHT="9" WC="0.96" CONTENT="som"/><SP WIDTH="10" VPOS="995" HPOS="190"/>
							<String ID="string_257" HPOS="200" VPOS="991" WIDTH="45" HEIGHT="13" WC="0.96" CONTENT="under"/><SP WIDTH="9" VPOS="991" HPOS="245"/>
							<String ID="string_258" HPOS="254" VPOS="991" WIDTH="60" HEIGHT="16" WC="0.96" CONTENT="lagtima"/><SP WIDTH="10" VPOS="991" HPOS="314"/>
							<String ID="string_259" HPOS="324" VPOS="991" WIDTH="58" HEIGHT="16" WC="0.96" CONTENT="riksdag"/><SP WIDTH="9" VPOS="991" HPOS="382"/>
							<String ID="string_260" HPOS="391" VPOS="991" WIDTH="37" HEIGHT="13" WC="0.96" CONTENT="efter"/><SP WIDTH="10" VPOS="991" HPOS="428"/>
							<String ID="string_261" HPOS="438" VPOS="991" WIDTH="62" HEIGHT="17" WC="0.96" CONTENT="beviljad"/>
						</TextLine>
						<TextLine ID="line_37" HPOS="45" VPOS="1009" WIDTH="456" HEIGHT="16">
							<String ID="string_262" HPOS="45" VPOS="1009" WIDTH="63" HEIGHT="16" WC="0.95" CONTENT="ledighet"/><SP WIDTH="15" VPOS="1009" HPOS="108"/>
							<String ID="string_263" HPOS="123" VPOS="1009" WIDTH="60" HEIGHT="13" WC="0.95" CONTENT="besöker"/><SP WIDTH="14" VPOS="1009" HPOS="183"/>
							<String ID="string_264" HPOS="197" VPOS="1009" WIDTH="79" HEIGHT="16" WC="0.96" CONTENT="hemorten,"/><SP WIDTH="16" VPOS="1009" HPOS="276"/>
							<String ID="string_265" HPOS="292" VPOS="1010" WIDTH="22" HEIGHT="12" WC="0.96" CONTENT="att"/><SP WIDTH="14" VPOS="1010" HPOS="314"/>
							<String ID="string_266" HPOS="328" VPOS="1013" WIDTH="19" HEIGHT="9" WC="0.93" CONTENT="av"/><SP WIDTH="11" VPOS="1013" HPOS="347"/>
							<String ID="string_267" HPOS="358" VPOS="1009" WIDTH="85" HEIGHT="13" WC="0.92" CONTENT="statsmedel"/><SP WIDTH="13" VPOS="1009" HPOS="443"/>
							<String ID="string_268" HPOS="456" VPOS="1010" WIDTH="45" HEIGHT="13" WC="0.92" CONTENT="undfå"/>
						</TextLine>
						<TextLine ID="line_38" HPOS="45" VPOS="1027" WIDTH="456" HEIGHT="16">
							<String ID="string_269" HPOS="45" VPOS="1027" WIDTH="81" HEIGHT="16" WC="0.96" CONTENT="ersättning"/><SP WIDTH="14" VPOS="1027" HPOS="126"/>
							<String ID="string_270" HPOS="140" VPOS="1027" WIDTH="22" HEIGHT="13" WC="0.96" CONTENT="för"/><SP WIDTH="13" VPOS="1027" HPOS="162"/>
							<String ID="string_271" HPOS="175" VPOS="1027" WIDTH="45" HEIGHT="13" WC="0.93" CONTENT="därav"/><SP WIDTH="13" VPOS="1027" HPOS="220"/>
							<String ID="string_272" HPOS="233" VPOS="1027" WIDTH="74" HEIGHT="13" WC="0.92" CONTENT="föranledd"/><SP WIDTH="10" VPOS="1027" HPOS="307"/>
							<String ID="string_273" HPOS="317" VPOS="1027" WIDTH="97" HEIGHT="16" WC="0.91" CONTENT="resekostnad,"/><SP WIDTH="15" VPOS="1027" HPOS="414"/>
							<String ID="string_274" HPOS="429" VPOS="1027" WIDTH="37" HEIGHT="13" WC="0.96" CONTENT="dock"/><SP WIDTH="14" VPOS="1027" HPOS="466"/>
							<String ID="string_275" HPOS="480" VPOS="1028" WIDTH="21" HEIGHT="13" WC="0.96" CONTENT="för"/>
						</TextLine>
						<TextLine ID="line_39" HPOS="45" VPOS="1044" WIDTH="456" HEIGHT="16">
							<String ID="string_276" HPOS="45" VPOS="1045" WIDTH="43" HEIGHT="15" WC="0.92" CONTENT="högst"/><SP WIDTH="14" VPOS="1045" HPOS="88"/>
							<String ID="string_277" HPOS="102" VPOS="1048" WIDTH="7" HEIGHT="12" WC="0.91" CONTENT="5"/><SP WIDTH="15" VPOS="1048" HPOS="109"/>
							<String ID="string_278" HPOS="124" VPOS="1048" WIDTH="38" HEIGHT="10" WC="0.96" CONTENT="resor"/><SP WIDTH="14" VPOS="1048" HPOS="162"/>
							<String ID="string_279" HPOS="176" VPOS="1045" WIDTH="36" HEIGHT="13" WC="0.96" CONTENT="fram"/><SP WIDTH="10" VPOS="1045" HPOS="212"/>
							<String ID="string_280" HPOS="222" VPOS="1045" WIDTH="26" HEIGHT="12" WC="0.96" CONTENT="och"/><SP WIDTH="11" VPOS="1045" HPOS="248"/>
							<String ID="string_281" HPOS="259" VPOS="1045" WIDTH="36" HEIGHT="13" WC="0.95" CONTENT="åter."/><SP WIDTH="19" VPOS="1045" HPOS="295"/>
							<String ID="string_282" HPOS="314" VPOS="1045" WIDTH="62" HEIGHT="13" WC="0.96" CONTENT="Valbara"/><SP WIDTH="10" VPOS="1045" HPOS="376"/>
							<String ID="string_283" HPOS="386" VPOS="1044" WIDTH="38" HEIGHT="14" WC="0.96" CONTENT="äro"/><SP WIDTH="-9" VPOS="1044" HPOS="424"/>
							<String ID="string_284" HPOS="415" VPOS="1040" WIDTH="18" HEIGHT="27" WC="0.93" CONTENT="i"/><SP WIDTH="2" VPOS="1040" HPOS="433"/>
							<String ID="string_285" HPOS="435" VPOS="1045" WIDTH="66" HEIGHT="13" WC="0.93" CONTENT="kommu-"/>
						</TextLine>
						<TextLine ID="line_40" HPOS="45" VPOS="1062" WIDTH="455" HEIGHT="17">
							<String ID="string_286" HPOS="45" VPOS="1066" WIDTH="52" HEIGHT="9" WC="0.91" CONTENT="nernas"/><SP WIDTH="13" VPOS="1066" HPOS="97"/>
							<String ID="string_287" HPOS="110" VPOS="1062" WIDTH="74" HEIGHT="13" WC="0.95" CONTENT="allmänna"/><SP WIDTH="14" VPOS="1062" HPOS="184"/>
							<String ID="string_288" HPOS="198" VPOS="1062" WIDTH="121" HEIGHT="16" WC="0.96" CONTENT="angelägenheter"/><SP WIDTH="13" VPOS="1062" HPOS="319"/>
							<String ID="string_289" HPOS="332" VPOS="1062" WIDTH="122" HEIGHT="17" WC="0.96" CONTENT="röstberättigade"/><SP WIDTH="13" VPOS="1062" HPOS="454"/>
							<String ID="string_290" HPOS="467" VPOS="1064" WIDTH="33" HEIGHT="12" WC="0.96" CONTENT="män"/>
						</TextLine>
						<TextLine ID="line_41" HPOS="45" VPOS="1080" WIDTH="334" HEIGHT="16">
							<String ID="string_291" HPOS="45" VPOS="1080" WIDTH="27" HEIGHT="14" WC="0.96" CONTENT="och"/><SP WIDTH="10" VPOS="1080" HPOS="72"/>
							<String ID="string_292" HPOS="82" VPOS="1080" WIDTH="68" HEIGHT="16" WC="0.96" CONTENT="kvinnor,"/><SP WIDTH="10" VPOS="1080" HPOS="150"/>
							<String ID="string_293" HPOS="160" VPOS="1084" WIDTH="31" HEIGHT="9" WC="0.96" CONTENT="som"/><SP WIDTH="9" VPOS="1084" HPOS="191"/>
							<String ID="string_294" HPOS="200" VPOS="1080" WIDTH="64" HEIGHT="16" WC="0.96" CONTENT="uppnått"/><SP WIDTH="12" VPOS="1080" HPOS="264"/>
							<String ID="string_295" HPOS="276" VPOS="1084" WIDTH="15" HEIGHT="12" WC="0.96" CONTENT="35"/><SP WIDTH="11" VPOS="1084" HPOS="291"/>
							<String ID="string_296" HPOS="302" VPOS="1080" WIDTH="23" HEIGHT="13" WC="0.96" CONTENT="års"/><SP WIDTH="10" VPOS="1080" HPOS="325"/>
							<String ID="string_297" HPOS="335" VPOS="1080" WIDTH="44" HEIGHT="13" WC="0.95" CONTENT="ålder."/>
						</TextLine>
					</TextBlock>
					<TextBlock ID="block_7" HPOS="64" VPOS="1098" WIDTH="437" HEIGHT="16">
						<TextLine ID="line_42" HPOS="64" VPOS="1098" WIDTH="437" HEIGHT="16">
							<String ID="string_298" HPOS="64" VPOS="1098" WIDTH="49" HEIGHT="13" WC="0.96" CONTENT="Andra"/><SP WIDTH="9" VPOS="1098" HPOS="113"/>
							<String ID="string_299" HPOS="122" VPOS="1098" WIDTH="87" HEIGHT="13" WC="0.96" CONTENT="kammarens"/><SP WIDTH="8" VPOS="1098" HPOS="209"/>
							<String ID="string_300" HPOS="217" VPOS="1098" WIDTH="73" HEIGHT="13" WC="0.96" CONTENT="ledamöter"/><SP WIDTH="7" VPOS="1098" HPOS="290"/>
							<String ID="string_301" HPOS="297" VPOS="1099" WIDTH="26" HEIGHT="12" WC="0.96" CONTENT="äro"/><SP WIDTH="9" VPOS="1099" HPOS="323"/>
							<String ID="string_302" HPOS="332" VPOS="1102" WIDTH="30" HEIGHT="12" WC="0.96" CONTENT="230,"/><SP WIDTH="10" VPOS="1102" HPOS="362"/>
							<String ID="string_303" HPOS="372" VPOS="1098" WIDTH="43" HEIGHT="13" WC="0.96" CONTENT="valda"/><SP WIDTH="8" VPOS="1098" HPOS="415"/>
							<String ID="string_304" HPOS="423" VPOS="1098" WIDTH="23" HEIGHT="13" WC="0.96" CONTENT="för"/><SP WIDTH="7" VPOS="1098" HPOS="446"/>
							<String ID="string_305" HPOS="453" VPOS="1102" WIDTH="18" HEIGHT="9" WC="0.96" CONTENT="en"/><SP WIDTH="9" VPOS="1102" HPOS="471"/>
							<String ID="string_306" HPOS="480" VPOS="1098" WIDTH="21" HEIGHT="13" WC="0.96" CONTENT="tid"/>
						</TextLine>
					</TextBlock>
				</ComposedBlock>
				<ComposedBlock ID="cblock_6" HPOS="496" VPOS="963" WIDTH="4" HEIGHT="3">
					<TextBlock ID="block_8" HPOS="496" VPOS="963" WIDTH="4" HEIGHT="3">
						<TextLine ID="line_43" HPOS="496" VPOS="963" WIDTH="4" HEIGHT="3">
							<String ID="string_307" HPOS="496" VPOS="963" WIDTH="4" HEIGHT="3" WC="0.95" CONTENT=" "/>
						</TextLine>
					</TextBlock>
				</ComposedBlock>
				<ComposedBlock ID="cblock_7" HPOS="46" VPOS="1115" WIDTH="465" HEIGHT="17">
					<TextBlock ID="block_9" HPOS="46" VPOS="1115" WIDTH="465" HEIGHT="17">
						<TextLine ID="line_44" HPOS="46" VPOS="1115" WIDTH="465" HEIGHT="17">
							<String ID="string_308" HPOS="46" VPOS="1119" WIDTH="19" HEIGHT="9" WC="0.96" CONTENT="av"/><SP WIDTH="8" VPOS="1119" HPOS="65"/>
							<String ID="string_309" HPOS="73" VPOS="1116" WIDTH="33" HEIGHT="16" WC="0.96" CONTENT="fyra"/><SP WIDTH="9" VPOS="1116" HPOS="106"/>
							<String ID="string_310" HPOS="115" VPOS="1115" WIDTH="20" HEIGHT="14" WC="0.87" CONTENT="år,"/><SP WIDTH="9" VPOS="1115" HPOS="135"/>
							<String ID="string_311" HPOS="144" VPOS="1116" WIDTH="64" HEIGHT="13" WC="0.96" CONTENT="räknade"/><SP WIDTH="8" VPOS="1116" HPOS="208"/>
							<String ID="string_312" HPOS="216" VPOS="1116" WIDTH="32" HEIGHT="13" WC="0.96" CONTENT="från"/><SP WIDTH="9" VPOS="1116" HPOS="248"/>
							<String ID="string_313" HPOS="257" VPOS="1116" WIDTH="27" HEIGHT="13" WC="0.96" CONTENT="och"/><SP WIDTH="9" VPOS="1116" HPOS="284"/>
							<String ID="string_314" HPOS="293" VPOS="1116" WIDTH="33" HEIGHT="13" WC="0.96" CONTENT="med"/><SP WIDTH="10" VPOS="1116" HPOS="326"/>
							<String ID="string_315" HPOS="336" VPOS="1116" WIDTH="56" HEIGHT="16" WC="0.96" CONTENT="januari"/><SP WIDTH="8" VPOS="1116" HPOS="392"/>
							<String ID="string_316" HPOS="400" VPOS="1116" WIDTH="61" HEIGHT="13" WC="0.93" CONTENT="månads"/><SP WIDTH="9" VPOS="1116" HPOS="461"/>
							<String ID="string_317" HPOS="470" VPOS="1116" WIDTH="41" HEIGHT="13" WC="0.92" CONTENT="bör-"/><SP WIDTH="-10" VPOS="1116" HPOS="511"/>
							<String ID="string_318" HPOS="501" VPOS="1111" WIDTH="14" HEIGHT="26" WC="0.84" CONTENT="|"/>
						</TextLine>
					</TextBlock>
				</ComposedBlock>
				<ComposedBlock ID="cblock_8" HPOS="44" VPOS="1133" WIDTH="457" HEIGHT="69">
					<TextBlock ID="block_10" HPOS="44" VPOS="1133" WIDTH="457" HEIGHT="69">
						<TextLine ID="line_45" HPOS="45" VPOS="1133" WIDTH="456" HEIGHT="17">
							<String ID="string_319" HPOS="45" VPOS="1133" WIDTH="25" HEIGHT="17" WC="0.96" CONTENT="jan"/><SP WIDTH="11" VPOS="1133" HPOS="70"/>
							<String ID="string_320" HPOS="81" VPOS="1133" WIDTH="30" HEIGHT="13" WC="0.96" CONTENT="året"/><SP WIDTH="12" VPOS="1133" HPOS="111"/>
							<String ID="string_321" HPOS="123" VPOS="1134" WIDTH="32" HEIGHT="12" WC="0.96" CONTENT="näst"/><SP WIDTH="11" VPOS="1134" HPOS="155"/>
							<String ID="string_322" HPOS="166" VPOS="1134" WIDTH="36" HEIGHT="12" WC="0.96" CONTENT="efter"/><SP WIDTH="9" VPOS="1134" HPOS="202"/>
							<String ID="string_323" HPOS="211" VPOS="1134" WIDTH="30" HEIGHT="14" WC="0.96" CONTENT="det,"/><SP WIDTH="11" VPOS="1134" HPOS="241"/>
							<String ID="string_324" HPOS="252" VPOS="1134" WIDTH="46" HEIGHT="12" WC="0.96" CONTENT="under"/><SP WIDTH="10" VPOS="1134" HPOS="298"/>
							<String ID="string_325" HPOS="308" VPOS="1133" WIDTH="45" HEIGHT="13" WC="0.96" CONTENT="vilket"/><SP WIDTH="11" VPOS="1133" HPOS="353"/>
							<String ID="string_326" HPOS="364" VPOS="1133" WIDTH="38" HEIGHT="14" WC="0.96" CONTENT="valet"/><SP WIDTH="11" VPOS="1133" HPOS="402"/>
							<String ID="string_327" HPOS="413" VPOS="1134" WIDTH="44" HEIGHT="13" WC="0.93" CONTENT="skett."/><SP WIDTH="16" VPOS="1134" HPOS="457"/>
							<String ID="string_328" HPOS="473" VPOS="1134" WIDTH="28" HEIGHT="13" WC="0.96" CONTENT="För"/>
						</TextLine>
						<TextLine ID="line_46" HPOS="45" VPOS="1151" WIDTH="456" HEIGHT="17">
							<String ID="string_329" HPOS="45" VPOS="1151" WIDTH="41" HEIGHT="13" WC="0.96" CONTENT="dessa"/><SP WIDTH="11" VPOS="1151" HPOS="86"/>
							<String ID="string_330" HPOS="97" VPOS="1151" WIDTH="23" HEIGHT="13" WC="0.93" CONTENT="val"/><SP WIDTH="7" VPOS="1151" HPOS="120"/>
							<String ID="string_331" HPOS="127" VPOS="1152" WIDTH="15" HEIGHT="12" WC="0.93" CONTENT="är"/><SP WIDTH="7" VPOS="1152" HPOS="142"/>
							<String ID="string_332" HPOS="149" VPOS="1151" WIDTH="37" HEIGHT="13" WC="0.96" CONTENT="riket"/><SP WIDTH="6" VPOS="1151" HPOS="186"/>
							<String ID="string_333" HPOS="192" VPOS="1151" WIDTH="55" HEIGHT="13" WC="0.96" CONTENT="indelat"/><SP WIDTH="7" VPOS="1151" HPOS="247"/>
							<String ID="string_334" HPOS="254" VPOS="1152" WIDTH="4" HEIGHT="12" WC="0.96" CONTENT="i"/><SP WIDTH="8" VPOS="1152" HPOS="258"/>
							<String ID="string_335" HPOS="266" VPOS="1152" WIDTH="16" HEIGHT="12" WC="0.96" CONTENT="28"/><SP WIDTH="8" VPOS="1152" HPOS="282"/>
							<String ID="string_336" HPOS="290" VPOS="1151" WIDTH="85" HEIGHT="13" WC="0.95" CONTENT="valkretsar."/><SP WIDTH="16" VPOS="1151" HPOS="375"/>
							<String ID="string_337" HPOS="391" VPOS="1151" WIDTH="28" HEIGHT="13" WC="0.96" CONTENT="För"/><SP WIDTH="6" VPOS="1151" HPOS="419"/>
							<String ID="string_338" HPOS="425" VPOS="1152" WIDTH="40" HEIGHT="16" WC="0.93" CONTENT="varje"/><SP WIDTH="6" VPOS="1152" HPOS="465"/>
							<String ID="string_339" HPOS="471" VPOS="1152" WIDTH="30" HEIGHT="13" WC="0.92" CONTENT="val-"/>
						</TextLine>
						<TextLine ID="line_47" HPOS="44" VPOS="1169" WIDTH="457" HEIGHT="16">
							<String ID="string_340" HPOS="44" VPOS="1169" WIDTH="40" HEIGHT="13" WC="0.92" CONTENT="krets"/><SP WIDTH="6" VPOS="1169" HPOS="84"/>
							<String ID="string_341" HPOS="90" VPOS="1169" WIDTH="46" HEIGHT="15" WC="0.92" CONTENT="väljes"/><SP WIDTH="6" VPOS="1169" HPOS="136"/>
							<String ID="string_342" HPOS="142" VPOS="1169" WIDTH="38" HEIGHT="13" WC="0.96" CONTENT="efter"/><SP WIDTH="5" VPOS="1169" HPOS="180"/>
							<String ID="string_343" HPOS="185" VPOS="1169" WIDTH="101" HEIGHT="16" WC="0.96" CONTENT="folkmängden"/><SP WIDTH="7" VPOS="1169" HPOS="286"/>
							<String ID="string_344" HPOS="293" VPOS="1169" WIDTH="39" HEIGHT="13" WC="0.96" CONTENT="inom"/><SP WIDTH="6" VPOS="1169" HPOS="332"/>
							<String ID="string_345" HPOS="338" VPOS="1169" WIDTH="32" HEIGHT="13" WC="0.96" CONTENT="dess"/><SP WIDTH="6" VPOS="1169" HPOS="370"/>
							<String ID="string_346" HPOS="376" VPOS="1170" WIDTH="59" HEIGHT="12" WC="0.96" CONTENT="område"/><SP WIDTH="7" VPOS="1170" HPOS="435"/>
							<String ID="string_347" HPOS="442" VPOS="1173" WIDTH="17" HEIGHT="9" WC="0.93" CONTENT="en"/><SP WIDTH="5" VPOS="1173" HPOS="459"/>
							<String ID="string_348" HPOS="464" VPOS="1170" WIDTH="37" HEIGHT="13" WC="0.92" CONTENT="riks-"/>
						</TextLine>
						<TextLine ID="line_48" HPOS="45" VPOS="1186" WIDTH="456" HEIGHT="16">
							<String ID="string_349" HPOS="45" VPOS="1187" WIDTH="68" HEIGHT="15" WC="0.90" CONTENT="dagsman"/><SP WIDTH="6" VPOS="1187" HPOS="113"/>
							<String ID="string_350" HPOS="119" VPOS="1187" WIDTH="22" HEIGHT="12" WC="0.96" CONTENT="för"/><SP WIDTH="5" VPOS="1187" HPOS="141"/>
							<String ID="string_351" HPOS="146" VPOS="1188" WIDTH="33" HEIGHT="11" WC="0.96" CONTENT="vart"/><SP WIDTH="5" VPOS="1188" HPOS="179"/>
							<String ID="string_352" HPOS="184" VPOS="1187" WIDTH="33" HEIGHT="12" WC="0.96" CONTENT="fullt"/><SP WIDTH="5" VPOS="1187" HPOS="217"/>
							<String ID="string_353" HPOS="222" VPOS="1187" WIDTH="26" HEIGHT="15" WC="0.94" CONTENT="tal,"/><SP WIDTH="5" VPOS="1187" HPOS="248"/>
							<String ID="string_354" HPOS="253" VPOS="1187" WIDTH="102" HEIGHT="13" WC="0.91" CONTENT="motsvarande"/><SP WIDTH="6" VPOS="1187" HPOS="355"/>
							<String ID="string_355" HPOS="361" VPOS="1186" WIDTH="29" HEIGHT="16" WC="0.29" CONTENT="7/230"/><SP WIDTH="5" VPOS="1186" HPOS="390"/>
							<String ID="string_356" HPOS="395" VPOS="1191" WIDTH="18" HEIGHT="9" WC="0.96" CONTENT="av"/><SP WIDTH="4" VPOS="1191" HPOS="413"/>
							<String ID="string_357" HPOS="417" VPOS="1187" WIDTH="45" HEIGHT="13" WC="0.93" CONTENT="rikets"/><SP WIDTH="3" VPOS="1187" HPOS="462"/>
							<String ID="string_358" HPOS="465" VPOS="1187" WIDTH="36" HEIGHT="13" WC="0.90" CONTENT="folk-"/>
						</TextLine>
					</TextBlock>
				</ComposedBlock>
				<ComposedBlock ID="cblock_9" HPOS="44" VPOS="1203" WIDTH="467" HEIGHT="18">
					<TextBlock ID="block_11" HPOS="44" VPOS="1203" WIDTH="467" HEIGHT="18">
						<TextLine ID="line_49" HPOS="44" VPOS="1203" WIDTH="467" HEIGHT="18">
							<String ID="string_359" HPOS="44" VPOS="1205" WIDTH="58" HEIGHT="15" WC="0.94" CONTENT="mängd."/><SP WIDTH="12" VPOS="1205" HPOS="102"/>
							<String ID="string_360" HPOS="114" VPOS="1205" WIDTH="50" HEIGHT="13" WC="0.96" CONTENT="Rikets"/><SP WIDTH="5" VPOS="1205" HPOS="164"/>
							<String ID="string_361" HPOS="169" VPOS="1205" WIDTH="73" HEIGHT="14" WC="0.96" CONTENT="indelning"/><SP WIDTH="5" VPOS="1205" HPOS="242"/>
							<String ID="string_362" HPOS="247" VPOS="1205" WIDTH="4" HEIGHT="12" WC="0.96" CONTENT="i"/><SP WIDTH="6" VPOS="1205" HPOS="251"/>
							<String ID="string_363" HPOS="257" VPOS="1205" WIDTH="80" HEIGHT="13" WC="0.86" CONTENT="valkretsar"/><SP WIDTH="4" VPOS="1205" HPOS="337"/>
							<String ID="string_364" HPOS="341" VPOS="1205" WIDTH="78" HEIGHT="13" WC="0.86" CONTENT="innehålles"/><SP WIDTH="4" VPOS="1205" HPOS="419"/>
							<String ID="string_365" HPOS="423" VPOS="1205" WIDTH="3" HEIGHT="13" WC="0.96" CONTENT="i"/><SP WIDTH="5" VPOS="1205" HPOS="426"/>
							<String ID="string_366" HPOS="431" VPOS="1205" WIDTH="70" HEIGHT="16" WC="0.95" CONTENT="vallagen,"/><SP WIDTH="9" VPOS="1205" HPOS="501"/>
							<String ID="string_367" HPOS="510" VPOS="1203" WIDTH="1" HEIGHT="3" WC="0.92" CONTENT="|"/>
						</TextLine>
					</TextBlock>
				</ComposedBlock>
				<ComposedBlock ID="cblock_10" HPOS="45" VPOS="1221" WIDTH="457" HEIGHT="268">
					<TextBlock ID="block_12" HPOS="45" VPOS="1221" WIDTH="456" HEIGHT="125">
						<TextLine ID="line_50" HPOS="45" VPOS="1221" WIDTH="456" HEIGHT="18">
							<String ID="string_368" HPOS="45" VPOS="1222" WIDTH="44" HEIGHT="17" WC="0.96" CONTENT="Varje"/><SP WIDTH="10" VPOS="1222" HPOS="89"/>
							<String ID="string_369" HPOS="99" VPOS="1222" WIDTH="23" HEIGHT="13" WC="0.96" CONTENT="län"/><SP WIDTH="11" VPOS="1222" HPOS="122"/>
							<String ID="string_370" HPOS="133" VPOS="1224" WIDTH="42" HEIGHT="14" WC="0.96" CONTENT="utgör"/><SP WIDTH="10" VPOS="1224" HPOS="175"/>
							<String ID="string_371" HPOS="185" VPOS="1226" WIDTH="17" HEIGHT="9" WC="0.96" CONTENT="en"/><SP WIDTH="11" VPOS="1226" HPOS="202"/>
							<String ID="string_372" HPOS="213" VPOS="1223" WIDTH="68" HEIGHT="15" WC="0.96" CONTENT="valkrets,"/><SP WIDTH="10" VPOS="1223" HPOS="281"/>
							<String ID="string_373" HPOS="291" VPOS="1225" WIDTH="41" HEIGHT="11" WC="0.96" CONTENT="utom"/><SP WIDTH="12" VPOS="1225" HPOS="332"/>
							<String ID="string_374" HPOS="344" VPOS="1221" WIDTH="77" HEIGHT="18" WC="0.96" CONTENT="Älvsborgs"/><SP WIDTH="10" VPOS="1221" HPOS="421"/>
							<String ID="string_375" HPOS="431" VPOS="1223" WIDTH="28" HEIGHT="16" WC="0.96" CONTENT="län,"/><SP WIDTH="11" VPOS="1223" HPOS="459"/>
							<String ID="string_376" HPOS="470" VPOS="1227" WIDTH="31" HEIGHT="9" WC="0.96" CONTENT="som"/>
						</TextLine>
						<TextLine ID="line_51" HPOS="45" VPOS="1240" WIDTH="456" HEIGHT="17">
							<String ID="string_377" HPOS="45" VPOS="1241" WIDTH="16" HEIGHT="12" WC="0.96" CONTENT="är"/><SP WIDTH="13" VPOS="1241" HPOS="61"/>
							<String ID="string_378" HPOS="74" VPOS="1240" WIDTH="39" HEIGHT="13" WC="0.96" CONTENT="delat"/><SP WIDTH="13" VPOS="1240" HPOS="113"/>
							<String ID="string_379" HPOS="126" VPOS="1240" WIDTH="5" HEIGHT="13" WC="0.96" CONTENT="i"/><SP WIDTH="13" VPOS="1240" HPOS="131"/>
							<String ID="string_380" HPOS="144" VPOS="1244" WIDTH="8" HEIGHT="9" WC="0.96" CONTENT="2"/><SP WIDTH="13" VPOS="1244" HPOS="152"/>
							<String ID="string_381" HPOS="165" VPOS="1241" WIDTH="61" HEIGHT="15" WC="0.96" CONTENT="kretsar,"/><SP WIDTH="13" VPOS="1241" HPOS="226"/>
							<String ID="string_382" HPOS="239" VPOS="1241" WIDTH="73" HEIGHT="16" WC="0.96" CONTENT="varjämte"/><SP WIDTH="12" VPOS="1241" HPOS="312"/>
							<String ID="string_383" HPOS="324" VPOS="1240" WIDTH="64" HEIGHT="17" WC="0.96" CONTENT="följande"/><SP WIDTH="12" VPOS="1240" HPOS="388"/>
							<String ID="string_384" HPOS="400" VPOS="1241" WIDTH="49" HEIGHT="13" WC="0.96" CONTENT="städer"/><SP WIDTH="13" VPOS="1241" HPOS="449"/>
							<String ID="string_385" HPOS="462" VPOS="1241" WIDTH="39" HEIGHT="13" WC="0.96" CONTENT="bilda"/>
						</TextLine>
						<TextLine ID="line_52" HPOS="45" VPOS="1258" WIDTH="456" HEIGHT="17">
							<String ID="string_386" HPOS="45" VPOS="1262" WIDTH="26" HEIGHT="9" WC="0.96" CONTENT="var"/><SP WIDTH="9" VPOS="1262" HPOS="71"/>
							<String ID="string_387" HPOS="80" VPOS="1258" WIDTH="21" HEIGHT="13" WC="0.97" CONTENT="sin"/><SP WIDTH="10" VPOS="1258" HPOS="101"/>
							<String ID="string_388" HPOS="111" VPOS="1258" WIDTH="68" HEIGHT="13" WC="0.96" CONTENT="valkrets:"/><SP WIDTH="11" VPOS="1258" HPOS="179"/>
							<String ID="string_389" HPOS="190" VPOS="1258" WIDTH="12" HEIGHT="15" WC="0.95" CONTENT="1)"/><SP WIDTH="9" VPOS="1258" HPOS="202"/>
							<String ID="string_390" HPOS="211" VPOS="1258" WIDTH="89" HEIGHT="16" WC="0.96" CONTENT="Stockholm,"/><SP WIDTH="10" VPOS="1258" HPOS="300"/>
							<String ID="string_391" HPOS="310" VPOS="1259" WIDTH="13" HEIGHT="16" WC="0.96" CONTENT="2)"/><SP WIDTH="10" VPOS="1259" HPOS="323"/>
							<String ID="string_392" HPOS="333" VPOS="1258" WIDTH="58" HEIGHT="16" WC="0.96" CONTENT="Malmö,"/><SP WIDTH="10" VPOS="1258" HPOS="391"/>
							<String ID="string_393" HPOS="401" VPOS="1258" WIDTH="100" HEIGHT="17" WC="0.96" CONTENT="Hälsingborg,"/>
						</TextLine>
						<TextLine ID="line_53" HPOS="45" VPOS="1276" WIDTH="456" HEIGHT="16">
							<String ID="string_394" HPOS="45" VPOS="1276" WIDTH="95" HEIGHT="13" WC="0.96" CONTENT="Landskrona"/><SP WIDTH="12" VPOS="1276" HPOS="140"/>
							<String ID="string_395" HPOS="152" VPOS="1276" WIDTH="27" HEIGHT="13" WC="0.96" CONTENT="och"/><SP WIDTH="13" VPOS="1276" HPOS="179"/>
							<String ID="string_396" HPOS="192" VPOS="1276" WIDTH="46" HEIGHT="16" WC="0.96" CONTENT="Lund,"/><SP WIDTH="14" VPOS="1276" HPOS="238"/>
							<String ID="string_397" HPOS="252" VPOS="1277" WIDTH="14" HEIGHT="15" WC="0.96" CONTENT="3)"/><SP WIDTH="13" VPOS="1277" HPOS="266"/>
							<String ID="string_398" HPOS="279" VPOS="1276" WIDTH="78" HEIGHT="16" WC="0.96" CONTENT="Göteborg."/><SP WIDTH="16" VPOS="1276" HPOS="357"/>
							<String ID="string_399" HPOS="373" VPOS="1276" WIDTH="29" HEIGHT="13" WC="0.96" CONTENT="Det"/><SP WIDTH="12" VPOS="1276" HPOS="402"/>
							<String ID="string_400" HPOS="414" VPOS="1276" WIDTH="41" HEIGHT="13" WC="0.93" CONTENT="antal"/><SP WIDTH="11" VPOS="1276" HPOS="455"/>
							<String ID="string_401" HPOS="466" VPOS="1277" WIDTH="35" HEIGHT="13" WC="0.91" CONTENT="riks-"/>
						</TextLine>
						<TextLine ID="line_54" HPOS="45" VPOS="1294" WIDTH="320" HEIGHT="16">
							<String ID="string_402" HPOS="45" VPOS="1294" WIDTH="75" HEIGHT="15" WC="0.90" CONTENT="dagsmän,"/><SP WIDTH="18" VPOS="1294" HPOS="120"/>
							<String ID="string_403" HPOS="138" VPOS="1294" WIDTH="41" HEIGHT="16" WC="0.96" CONTENT="varje"/><SP WIDTH="17" VPOS="1294" HPOS="179"/>
							<String ID="string_404" HPOS="196" VPOS="1294" WIDTH="64" HEIGHT="13" WC="0.96" CONTENT="valkrets"/><SP WIDTH="18" VPOS="1294" HPOS="260"/>
							<String ID="string_405" HPOS="278" VPOS="1295" WIDTH="34" HEIGHT="15" WC="0.95" CONTENT="äger"/><SP WIDTH="17" VPOS="1295" HPOS="312"/>
							<String ID="string_406" HPOS="329" VPOS="1296" WIDTH="36" HEIGHT="13" WC="0.95" CONTENT="utse,"/>
						</TextLine>
						<TextLine ID="line_55" HPOS="45" VPOS="1311" WIDTH="456" HEIGHT="18">
							<String ID="string_407" HPOS="45" VPOS="1311" WIDTH="40" HEIGHT="16" WC="0.96" CONTENT="varje"/><SP WIDTH="15" VPOS="1311" HPOS="85"/>
							<String ID="string_408" HPOS="100" VPOS="1311" WIDTH="107" HEIGHT="17" WC="0.96" CONTENT="fyraårsperiod"/><SP WIDTH="14" VPOS="1311" HPOS="207"/>
							<String ID="string_409" HPOS="221" VPOS="1316" WIDTH="18" HEIGHT="9" WC="0.96" CONTENT="av"/><SP WIDTH="16" VPOS="1316" HPOS="239"/>
							<String ID="string_410" HPOS="255" VPOS="1312" WIDTH="81" HEIGHT="16" WC="0.93" CONTENT="Konungen"/><SP WIDTH="15" VPOS="1312" HPOS="336"/>
							<String ID="string_411" HPOS="351" VPOS="1312" WIDTH="25" HEIGHT="17" WC="0.90" CONTENT="(K."/><SP WIDTH="14" VPOS="1312" HPOS="376"/>
							<String ID="string_412" HPOS="390" VPOS="1312" WIDTH="45" HEIGHT="16" WC="0.96" CONTENT="kung."/><SP WIDTH="15" VPOS="1312" HPOS="435"/>
							<String ID="string_413" HPOS="450" VPOS="1312" WIDTH="51" HEIGHT="13" WC="0.96" CONTENT="härom"/>
						</TextLine>
						<TextLine ID="line_56" HPOS="45" VPOS="1328" WIDTH="82" HEIGHT="18">
							<String ID="string_414" HPOS="45" VPOS="1328" WIDTH="24" HEIGHT="17" WC="0.58" CONTENT="2/5"/><SP WIDTH="11" VPOS="1328" HPOS="69"/>
							<String ID="string_415" HPOS="80" VPOS="1329" WIDTH="47" HEIGHT="17" WC="0.82" CONTENT="1936)."/>
						</TextLine>
					</TextBlock>
					<TextBlock ID="block_13" HPOS="45" VPOS="1347" WIDTH="457" HEIGHT="142">
						<TextLine ID="line_57" HPOS="63" VPOS="1347" WIDTH="438" HEIGHT="17">
							<String ID="string_416" HPOS="63" VPOS="1347" WIDTH="50" HEIGHT="13" WC="0.96" CONTENT="Andra"/><SP WIDTH="11" VPOS="1347" HPOS="113"/>
							<String ID="string_417" HPOS="124" VPOS="1347" WIDTH="91" HEIGHT="13" WC="0.96" CONTENT="kammarens"/><SP WIDTH="10" VPOS="1347" HPOS="215"/>
							<String ID="string_418" HPOS="225" VPOS="1347" WIDTH="80" HEIGHT="13" WC="0.96" CONTENT="ledamöter"/><SP WIDTH="10" VPOS="1347" HPOS="305"/>
							<String ID="string_419" HPOS="315" VPOS="1347" WIDTH="58" HEIGHT="17" WC="0.96" CONTENT="åtnjuta"/><SP WIDTH="10" VPOS="1347" HPOS="373"/>
							<String ID="string_420" HPOS="383" VPOS="1351" WIDTH="56" HEIGHT="10" WC="0.93" CONTENT="samma"/><SP WIDTH="10" VPOS="1351" HPOS="439"/>
							<String ID="string_421" HPOS="449" VPOS="1349" WIDTH="52" HEIGHT="12" WC="0.90" CONTENT="ersätt-"/>
						</TextLine>
						<TextLine ID="line_58" HPOS="45" VPOS="1364" WIDTH="456" HEIGHT="17">
							<String ID="string_422" HPOS="45" VPOS="1364" WIDTH="35" HEIGHT="17" WC="0.95" CONTENT="ning"/><SP WIDTH="13" VPOS="1364" HPOS="80"/>
							<String ID="string_423" HPOS="93" VPOS="1369" WIDTH="30" HEIGHT="9" WC="0.97" CONTENT="som"/><SP WIDTH="15" VPOS="1369" HPOS="123"/>
							<String ID="string_424" HPOS="138" VPOS="1365" WIDTH="51" HEIGHT="13" WC="0.96" CONTENT="Första"/><SP WIDTH="13" VPOS="1365" HPOS="189"/>
							<String ID="string_425" HPOS="202" VPOS="1365" WIDTH="96" HEIGHT="13" WC="0.93" CONTENT="kammarens,"/><SP WIDTH="14" VPOS="1365" HPOS="298"/>
							<String ID="string_426" HPOS="312" VPOS="1372" WIDTH="18" HEIGHT="2" WC="0.92" CONTENT="—"/><SP WIDTH="13" VPOS="1372" HPOS="330"/>
							<String ID="string_427" HPOS="343" VPOS="1365" WIDTH="57" HEIGHT="13" WC="0.92" CONTENT="Valrätt"/><SP WIDTH="15" VPOS="1365" HPOS="400"/>
							<String ID="string_428" HPOS="415" VPOS="1365" WIDTH="86" HEIGHT="14" WC="0.96" CONTENT="tillkommer"/>
						</TextLine>
						<TextLine ID="line_59" HPOS="45" VPOS="1383" WIDTH="456" HEIGHT="16">
							<String ID="string_429" HPOS="45" VPOS="1386" WIDTH="44" HEIGHT="10" WC="0.96" CONTENT="envar"/><SP WIDTH="12" VPOS="1386" HPOS="89"/>
							<String ID="string_430" HPOS="101" VPOS="1383" WIDTH="52" HEIGHT="13" WC="0.96" CONTENT="svensk"/><SP WIDTH="10" VPOS="1383" HPOS="153"/>
							<String ID="string_431" HPOS="163" VPOS="1387" WIDTH="33" HEIGHT="9" WC="0.96" CONTENT="man"/><SP WIDTH="9" VPOS="1387" HPOS="196"/>
							<String ID="string_432" HPOS="205" VPOS="1383" WIDTH="27" HEIGHT="13" WC="0.96" CONTENT="och"/><SP WIDTH="10" VPOS="1383" HPOS="232"/>
							<String ID="string_433" HPOS="242" VPOS="1383" WIDTH="58" HEIGHT="16" WC="0.96" CONTENT="kvinna,"/><SP WIDTH="10" VPOS="1383" HPOS="300"/>
							<String ID="string_434" HPOS="310" VPOS="1387" WIDTH="31" HEIGHT="9" WC="0.96" CONTENT="som"/><SP WIDTH="8" VPOS="1387" HPOS="341"/>
							<String ID="string_435" HPOS="349" VPOS="1384" WIDTH="49" HEIGHT="12" WC="0.96" CONTENT="senast"/><SP WIDTH="9" VPOS="1384" HPOS="398"/>
							<String ID="string_436" HPOS="407" VPOS="1383" WIDTH="45" HEIGHT="13" WC="0.93" CONTENT="under"/><SP WIDTH="11" VPOS="1383" HPOS="452"/>
							<String ID="string_437" HPOS="463" VPOS="1385" WIDTH="38" HEIGHT="12" WC="0.93" CONTENT="näst-"/>
						</TextLine>
						<TextLine ID="line_60" HPOS="45" VPOS="1400" WIDTH="457" HEIGHT="17">
							<String ID="string_438" HPOS="45" VPOS="1400" WIDTH="86" HEIGHT="16" WC="0.96" CONTENT="föregående"/><SP WIDTH="13" VPOS="1400" HPOS="131"/>
							<String ID="string_439" HPOS="144" VPOS="1400" WIDTH="83" HEIGHT="14" WC="0.96" CONTENT="kalenderår"/><SP WIDTH="13" VPOS="1400" HPOS="227"/>
							<String ID="string_440" HPOS="240" VPOS="1400" WIDTH="33" HEIGHT="17" WC="0.96" CONTENT="fyllt"/><SP WIDTH="13" VPOS="1400" HPOS="273"/>
							<String ID="string_441" HPOS="286" VPOS="1404" WIDTH="17" HEIGHT="12" WC="0.96" CONTENT="23"/><SP WIDTH="13" VPOS="1404" HPOS="303"/>
							<String ID="string_442" HPOS="316" VPOS="1401" WIDTH="21" HEIGHT="16" WC="0.96" CONTENT="år,"/><SP WIDTH="12" VPOS="1401" HPOS="337"/>
							<String ID="string_443" HPOS="349" VPOS="1401" WIDTH="37" HEIGHT="13" WC="0.96" CONTENT="dock"/><SP WIDTH="13" VPOS="1401" HPOS="386"/>
							<String ID="string_444" HPOS="399" VPOS="1401" WIDTH="13" HEIGHT="16" WC="0.96" CONTENT="ej"/><SP WIDTH="13" VPOS="1401" HPOS="412"/>
							<String ID="string_445" HPOS="425" VPOS="1401" WIDTH="32" HEIGHT="15" WC="0.96" CONTENT="den,"/><SP WIDTH="13" VPOS="1401" HPOS="457"/>
							<String ID="string_446" HPOS="470" VPOS="1405" WIDTH="32" HEIGHT="9" WC="0.96" CONTENT="som"/>
						</TextLine>
						<TextLine ID="line_61" HPOS="45" VPOS="1418" WIDTH="456" HEIGHT="17">
							<String ID="string_447" HPOS="45" VPOS="1418" WIDTH="30" HEIGHT="13" WC="0.96" CONTENT="står"/><SP WIDTH="13" VPOS="1418" HPOS="75"/>
							<String ID="string_448" HPOS="88" VPOS="1418" WIDTH="46" HEIGHT="13" WC="0.93" CONTENT="under"/><SP WIDTH="12" VPOS="1418" HPOS="134"/>
							<String ID="string_449" HPOS="146" VPOS="1418" WIDTH="120" HEIGHT="17" WC="0.92" CONTENT="förmynderskap"/><SP WIDTH="12" VPOS="1418" HPOS="266"/>
							<String ID="string_450" HPOS="278" VPOS="1418" WIDTH="34" HEIGHT="14" WC="0.96" CONTENT="eller"/><SP WIDTH="12" VPOS="1418" HPOS="312"/>
							<String ID="string_451" HPOS="324" VPOS="1420" WIDTH="16" HEIGHT="12" WC="0.96" CONTENT="är"/><SP WIDTH="12" VPOS="1420" HPOS="340"/>
							<String ID="string_452" HPOS="352" VPOS="1419" WIDTH="5" HEIGHT="13" WC="0.93" CONTENT="i"/><SP WIDTH="9" VPOS="1419" HPOS="357"/>
							<String ID="string_453" HPOS="366" VPOS="1419" WIDTH="135" HEIGHT="15" WC="0.91" CONTENT="konkurstillstånd,"/>
						</TextLine>
						<TextLine ID="line_62" HPOS="45" VPOS="1436" WIDTH="457" HEIGHT="17">
							<String ID="string_454" HPOS="45" VPOS="1436" WIDTH="13" HEIGHT="17" WC="0.96" CONTENT="ej"/><SP WIDTH="12" VPOS="1436" HPOS="58"/>
							<String ID="string_455" HPOS="70" VPOS="1436" WIDTH="44" HEIGHT="13" WC="0.96" CONTENT="heller"/><SP WIDTH="11" VPOS="1436" HPOS="114"/>
							<String ID="string_456" HPOS="125" VPOS="1436" WIDTH="33" HEIGHT="16" WC="0.95" CONTENT="den,"/><SP WIDTH="11" VPOS="1436" HPOS="158"/>
							<String ID="string_457" HPOS="169" VPOS="1440" WIDTH="31" HEIGHT="9" WC="0.96" CONTENT="som"/><SP WIDTH="7" VPOS="1440" HPOS="200"/>
							<String ID="string_458" HPOS="207" VPOS="1438" WIDTH="16" HEIGHT="11" WC="0.96" CONTENT="är"/><SP WIDTH="7" VPOS="1438" HPOS="223"/>
							<String ID="string_459" HPOS="230" VPOS="1440" WIDTH="19" HEIGHT="10" WC="0.96" CONTENT="av"/><SP WIDTH="7" VPOS="1440" HPOS="249"/>
							<String ID="string_460" HPOS="256" VPOS="1436" WIDTH="73" HEIGHT="14" WC="0.96" CONTENT="allmänna"/><SP WIDTH="7" VPOS="1436" HPOS="329"/>
							<String ID="string_461" HPOS="336" VPOS="1437" WIDTH="98" HEIGHT="15" WC="0.93" CONTENT="fattigvården"/><SP WIDTH="8" VPOS="1437" HPOS="434"/>
							<String ID="string_462" HPOS="442" VPOS="1437" WIDTH="60" HEIGHT="13" WC="0.92" CONTENT="omhän-"/>
						</TextLine>
						<TextLine ID="line_63" HPOS="45" VPOS="1454" WIDTH="456" HEIGHT="17">
							<String ID="string_463" HPOS="45" VPOS="1454" WIDTH="69" HEIGHT="16" WC="0.92" CONTENT="dertagen"/><SP WIDTH="13" VPOS="1454" HPOS="114"/>
							<String ID="string_464" HPOS="127" VPOS="1454" WIDTH="22" HEIGHT="13" WC="0.96" CONTENT="för"/><SP WIDTH="12" VPOS="1454" HPOS="149"/>
							<String ID="string_465" HPOS="161" VPOS="1454" WIDTH="68" HEIGHT="16" WC="0.96" CONTENT="varaktig"/><SP WIDTH="11" VPOS="1454" HPOS="229"/>
							<String ID="string_466" HPOS="240" VPOS="1454" WIDTH="92" HEIGHT="17" WC="0.74" CONTENT="försörjning."/><SP WIDTH="20" VPOS="1454" HPOS="332"/>
							<String ID="string_467" HPOS="352" VPOS="1455" WIDTH="63" HEIGHT="13" WC="0.96" CONTENT="Valbara"/><SP WIDTH="14" VPOS="1455" HPOS="415"/>
							<String ID="string_468" HPOS="429" VPOS="1456" WIDTH="26" HEIGHT="12" WC="0.95" CONTENT="äro"/><SP WIDTH="12" VPOS="1456" HPOS="455"/>
							<String ID="string_469" HPOS="467" VPOS="1456" WIDTH="34" HEIGHT="12" WC="0.96" CONTENT="män"/>
						</TextLine>
						<TextLine ID="line_64" HPOS="45" VPOS="1472" WIDTH="456" HEIGHT="17">
							<String ID="string_470" HPOS="45" VPOS="1472" WIDTH="27" HEIGHT="13" WC="0.96" CONTENT="och"/><SP WIDTH="13" VPOS="1472" HPOS="72"/>
							<String ID="string_471" HPOS="85" VPOS="1472" WIDTH="68" HEIGHT="16" WC="0.96" CONTENT="kvinnor,"/><SP WIDTH="12" VPOS="1472" HPOS="153"/>
							<String ID="string_472" HPOS="165" VPOS="1476" WIDTH="31" HEIGHT="10" WC="0.95" CONTENT="som"/><SP WIDTH="9" VPOS="1476" HPOS="196"/>
							<String ID="string_473" HPOS="205" VPOS="1473" WIDTH="64" HEIGHT="16" WC="0.95" CONTENT="uppnått"/><SP WIDTH="9" VPOS="1473" HPOS="269"/>
							<String ID="string_474" HPOS="278" VPOS="1476" WIDTH="17" HEIGHT="12" WC="0.96" CONTENT="25"/><SP WIDTH="10" VPOS="1476" HPOS="295"/>
							<String ID="string_475" HPOS="305" VPOS="1473" WIDTH="24" HEIGHT="13" WC="0.96" CONTENT="års"/><SP WIDTH="9" VPOS="1473" HPOS="329"/>
							<String ID="string_476" HPOS="338" VPOS="1472" WIDTH="40" HEIGHT="14" WC="0.96" CONTENT="ålder"/><SP WIDTH="8" VPOS="1472" HPOS="378"/>
							<String ID="string_477" HPOS="386" VPOS="1473" WIDTH="39" HEIGHT="13" WC="0.95" CONTENT="samt"/><SP WIDTH="10" VPOS="1473" HPOS="425"/>
							<String ID="string_478" HPOS="435" VPOS="1474" WIDTH="27" HEIGHT="15" WC="0.93" CONTENT="äga"/><SP WIDTH="9" VPOS="1474" HPOS="462"/>
							<String ID="string_479" HPOS="471" VPOS="1473" WIDTH="30" HEIGHT="13" WC="0.92" CONTENT="val-"/>
						</TextLine>
					</TextBlock>
				</ComposedBlock>
				<ComposedBlock ID="cblock_11" HPOS="384" VPOS="1294" WIDTH="127" HEIGHT="13">
					<TextBlock ID="block_14" HPOS="384" VPOS="1294" WIDTH="127" HEIGHT="13">
						<TextLine ID="line_65" HPOS="384" VPOS="1294" WIDTH="127" HEIGHT="13">
							<String ID="string_480" HPOS="384" VPOS="1294" WIDTH="79" HEIGHT="13" WC="0.95" CONTENT="fastställes"/><SP WIDTH="16" VPOS="1294" HPOS="463"/>
							<String ID="string_481" HPOS="479" VPOS="1295" WIDTH="22" HEIGHT="12" WC="0.89" CONTENT="för"/><SP WIDTH="8" VPOS="1295" HPOS="501"/>
							<String ID="string_482" HPOS="509" VPOS="1297" WIDTH="2" HEIGHT="6" WC="0.93" CONTENT="|"/>
						</TextLine>
					</TextBlock>
				</ComposedBlock>
				<ComposedBlock ID="cblock_12" HPOS="511" VPOS="620" WIDTH="2" HEIGHT="12">
					<TextBlock ID="block_15" HPOS="511" VPOS="620" WIDTH="2" HEIGHT="12">
						<TextLine ID="line_66" HPOS="511" VPOS="620" WIDTH="2" HEIGHT="12">
							<String ID="string_483" HPOS="511" VPOS="620" WIDTH="2" HEIGHT="12" WC="0.87" CONTENT="I"/>
						</TextLine>
					</TextBlock>
				</ComposedBlock>
				<ComposedBlock ID="cblock_13" HPOS="522" VPOS="415" WIDTH="457" HEIGHT="66">
					<TextBlock ID="block_16" HPOS="522" VPOS="415" WIDTH="457" HEIGHT="34">
						<TextLine ID="line_67" HPOS="522" VPOS="415" WIDTH="457" HEIGHT="17">
							<String ID="string_484" HPOS="522" VPOS="416" WIDTH="31" HEIGHT="12" WC="0.96" CONTENT="rätt"/><SP WIDTH="13" VPOS="416" HPOS="553"/>
							<String ID="string_485" HPOS="566" VPOS="415" WIDTH="40" HEIGHT="13" WC="0.96" CONTENT="inom"/><SP WIDTH="10" VPOS="415" HPOS="606"/>
							<String ID="string_486" HPOS="616" VPOS="415" WIDTH="82" HEIGHT="13" WC="0.96" CONTENT="valkretsen"/><SP WIDTH="10" VPOS="415" HPOS="698"/>
							<String ID="string_487" HPOS="708" VPOS="415" WIDTH="39" HEIGHT="16" WC="0.96" CONTENT="eller,"/><SP WIDTH="9" VPOS="415" HPOS="747"/>
							<String ID="string_488" HPOS="756" VPOS="415" WIDTH="27" HEIGHT="13" WC="0.97" CONTENT="där"/><SP WIDTH="9" VPOS="415" HPOS="783"/>
							<String ID="string_489" HPOS="792" VPOS="415" WIDTH="40" HEIGHT="17" WC="0.96" CONTENT="fråga"/><SP WIDTH="10" VPOS="415" HPOS="832"/>
							<String ID="string_490" HPOS="842" VPOS="417" WIDTH="16" HEIGHT="12" WC="0.96" CONTENT="är"/><SP WIDTH="8" VPOS="417" HPOS="858"/>
							<String ID="string_491" HPOS="866" VPOS="420" WIDTH="25" HEIGHT="9" WC="0.96" CONTENT="om"/><SP WIDTH="8" VPOS="420" HPOS="891"/>
							<String ID="string_492" HPOS="899" VPOS="416" WIDTH="38" HEIGHT="16" WC="0.96" CONTENT="stad,"/><SP WIDTH="10" VPOS="416" HPOS="937"/>
							<String ID="string_493" HPOS="947" VPOS="420" WIDTH="32" HEIGHT="10" WC="0.96" CONTENT="som"/>
						</TextLine>
						<TextLine ID="line_68" HPOS="523" VPOS="433" WIDTH="404" HEIGHT="16">
							<String ID="string_494" HPOS="523" VPOS="433" WIDTH="47" HEIGHT="13" WC="0.95" CONTENT="består"/><SP WIDTH="10" VPOS="433" HPOS="570"/>
							<String ID="string_495" HPOS="580" VPOS="437" WIDTH="19" HEIGHT="9" WC="0.96" CONTENT="av"/><SP WIDTH="10" VPOS="437" HPOS="599"/>
							<String ID="string_496" HPOS="609" VPOS="433" WIDTH="35" HEIGHT="13" WC="0.96" CONTENT="flera"/><SP WIDTH="10" VPOS="433" HPOS="644"/>
							<String ID="string_497" HPOS="654" VPOS="433" WIDTH="85" HEIGHT="16" WC="0.96" CONTENT="valkretsar,"/><SP WIDTH="10" VPOS="433" HPOS="739"/>
							<String ID="string_498" HPOS="749" VPOS="433" WIDTH="40" HEIGHT="13" WC="0.96" CONTENT="inom"/><SP WIDTH="9" VPOS="433" HPOS="789"/>
							<String ID="string_499" HPOS="798" VPOS="434" WIDTH="47" HEIGHT="15" WC="0.96" CONTENT="någon"/><SP WIDTH="10" VPOS="434" HPOS="845"/>
							<String ID="string_500" HPOS="855" VPOS="437" WIDTH="19" HEIGHT="10" WC="0.96" CONTENT="av"/><SP WIDTH="7" VPOS="437" HPOS="874"/>
							<String ID="string_501" HPOS="881" VPOS="434" WIDTH="46" HEIGHT="13" WC="0.89" CONTENT="dessa."/>
						</TextLine>
					</TextBlock>
					<TextBlock ID="block_17" HPOS="522" VPOS="451" WIDTH="456" HEIGHT="30">
						<TextLine ID="line_69" HPOS="541" VPOS="451" WIDTH="437" HEIGHT="17">
							<String ID="string_502" HPOS="541" VPOS="451" WIDTH="27" HEIGHT="13" WC="0.96" CONTENT="Till"/><SP WIDTH="8" VPOS="451" HPOS="568"/>
							<String ID="string_503" HPOS="576" VPOS="451" WIDTH="38" HEIGHT="13" WC="0.96" CONTENT="båda"/><SP WIDTH="8" VPOS="451" HPOS="614"/>
							<String ID="string_504" HPOS="622" VPOS="451" WIDTH="77" HEIGHT="13" WC="0.96" CONTENT="kamrarna"/><SP WIDTH="8" VPOS="451" HPOS="699"/>
							<String ID="string_505" HPOS="707" VPOS="452" WIDTH="26" HEIGHT="12" WC="0.96" CONTENT="ske"/><SP WIDTH="7" VPOS="452" HPOS="733"/>
							<String ID="string_506" HPOS="740" VPOS="451" WIDTH="42" HEIGHT="13" WC="0.96" CONTENT="valen"/><SP WIDTH="8" VPOS="451" HPOS="782"/>
							<String ID="string_507" HPOS="790" VPOS="452" WIDTH="33" HEIGHT="13" WC="0.96" CONTENT="med"/><SP WIDTH="9" VPOS="452" HPOS="823"/>
							<String ID="string_508" HPOS="832" VPOS="452" WIDTH="110" HEIGHT="16" WC="0.91" CONTENT="proportionellt"/><SP WIDTH="6" VPOS="452" HPOS="942"/>
							<String ID="string_509" HPOS="948" VPOS="451" WIDTH="30" HEIGHT="14" WC="0.90" CONTENT="val-"/>
						</TextLine>
						<TextLine ID="line_70" HPOS="522" VPOS="470" WIDTH="35" HEIGHT="11">
							<String ID="string_510" HPOS="522" VPOS="470" WIDTH="35" HEIGHT="11" WC="0.74" CONTENT="sätt."/>
						</TextLine>
					</TextBlock>
				</ComposedBlock>
				<ComposedBlock ID="cblock_14" HPOS="524" VPOS="486" WIDTH="456" HEIGHT="36">
					<TextBlock ID="block_18" HPOS="524" VPOS="486" WIDTH="456" HEIGHT="36">
						<TextLine ID="line_71" HPOS="541" VPOS="486" WIDTH="439" HEIGHT="15">
							<String ID="string_511" HPOS="541" VPOS="486" WIDTH="77" HEIGHT="13" WC="0.95" CONTENT="Allmänna"/><SP WIDTH="9" VPOS="486" HPOS="618"/>
							<String ID="string_512" HPOS="627" VPOS="486" WIDTH="24" HEIGHT="13" WC="0.96" CONTENT="val"/><SP WIDTH="9" VPOS="486" HPOS="651"/>
							<String ID="string_513" HPOS="660" VPOS="486" WIDTH="22" HEIGHT="13" WC="0.95" CONTENT="till"/><SP WIDTH="8" VPOS="486" HPOS="682"/>
							<String ID="string_514" HPOS="690" VPOS="487" WIDTH="50" HEIGHT="13" WC="0.96" CONTENT="Andra"/><SP WIDTH="9" VPOS="487" HPOS="740"/>
							<String ID="string_515" HPOS="749" VPOS="487" WIDTH="83" HEIGHT="13" WC="0.96" CONTENT="kammaren"/><SP WIDTH="10" VPOS="487" HPOS="832"/>
							<String ID="string_516" HPOS="842" VPOS="487" WIDTH="54" HEIGHT="14" WC="0.96" CONTENT="skedde"/><SP WIDTH="8" VPOS="487" HPOS="896"/>
							<String ID="string_517" HPOS="904" VPOS="489" WIDTH="49" HEIGHT="12" WC="0.96" CONTENT="senast"/><SP WIDTH="9" VPOS="489" HPOS="953"/>
							<String ID="string_518" HPOS="962" VPOS="488" WIDTH="18" HEIGHT="13" WC="0.94" CONTENT="år"/>
						</TextLine>
						<TextLine ID="line_72" HPOS="524" VPOS="504" WIDTH="379" HEIGHT="18">
							<String ID="string_519" HPOS="524" VPOS="505" WIDTH="39" HEIGHT="15" WC="0.90" CONTENT="1936,"/><SP WIDTH="10" VPOS="505" HPOS="563"/>
							<String ID="string_520" HPOS="573" VPOS="504" WIDTH="39" HEIGHT="13" WC="0.96" CONTENT="vilka"/><SP WIDTH="8" VPOS="504" HPOS="612"/>
							<String ID="string_521" HPOS="620" VPOS="504" WIDTH="25" HEIGHT="13" WC="0.95" CONTENT="val"/><SP WIDTH="8" VPOS="504" HPOS="645"/>
							<String ID="string_522" HPOS="653" VPOS="504" WIDTH="37" HEIGHT="16" WC="0.96" CONTENT="gälla"/><SP WIDTH="8" VPOS="504" HPOS="690"/>
							<String ID="string_523" HPOS="698" VPOS="505" WIDTH="23" HEIGHT="13" WC="0.96" CONTENT="för"/><SP WIDTH="8" VPOS="505" HPOS="721"/>
							<String ID="string_524" HPOS="729" VPOS="504" WIDTH="68" HEIGHT="17" WC="0.92" CONTENT="perioden"/><SP WIDTH="10" VPOS="504" HPOS="797"/>
							<String ID="string_525" HPOS="807" VPOS="508" WIDTH="96" HEIGHT="14" WC="0.90" CONTENT="1937—1940."/>
						</TextLine>
					</TextBlock>
				</ComposedBlock>
				<ComposedBlock ID="cblock_15" HPOS="642" VPOS="545" WIDTH="212" HEIGHT="19">
					<TextBlock ID="block_19" HPOS="642" VPOS="545" WIDTH="212" HEIGHT="19">
						<TextLine ID="line_73" HPOS="642" VPOS="545" WIDTH="212" HEIGHT="19">
							<String ID="string_526" HPOS="642" VPOS="545" WIDTH="75" HEIGHT="18" WC="0.96" CONTENT="Första"/><SP WIDTH="14" VPOS="545" HPOS="717"/>
							<String ID="string_527" HPOS="731" VPOS="545" WIDTH="123" HEIGHT="19" WC="0.95" CONTENT="kammaren."/>
						</TextLine>
					</TextBlock>
				</ComposedBlock>
				<ComposedBlock ID="cblock_16" HPOS="603" VPOS="582" WIDTH="291" HEIGHT="52">
					<TextBlock ID="block_20" HPOS="603" VPOS="582" WIDTH="291" HEIGHT="52">
						<TextLine ID="line_74" HPOS="661" VPOS="582" WIDTH="175" HEIGHT="18">
							<String ID="string_528" HPOS="661" VPOS="582" WIDTH="116" HEIGHT="17" WC="0.96" CONTENT="Stockholms"/><SP WIDTH="12" VPOS="582" HPOS="777"/>
							<String ID="string_529" HPOS="789" VPOS="583" WIDTH="47" HEIGHT="17" WC="0.96" CONTENT="stad."/>
						</TextLine>
						<TextLine ID="line_75" HPOS="603" VPOS="611" WIDTH="291" HEIGHT="23">
							<String ID="string_530" HPOS="603" VPOS="611" WIDTH="126" HEIGHT="21" WC="0.92" CONTENT="(Mandattiden"/><SP WIDTH="13" VPOS="611" HPOS="729"/>
							<String ID="string_531" HPOS="742" VPOS="612" WIDTH="49" HEIGHT="22" WC="0.96" CONTENT="utgår"/><SP WIDTH="12" VPOS="612" HPOS="791"/>
							<String ID="string_532" HPOS="803" VPOS="612" WIDTH="19" HEIGHT="17" WC="0.96" CONTENT="år"/><SP WIDTH="14" VPOS="612" HPOS="822"/>
							<String ID="string_533" HPOS="836" VPOS="612" WIDTH="58" HEIGHT="22" WC="0.96" CONTENT="1945.)"/>
						</TextLine>
					</TextBlock>
				</ComposedBlock>
				<ComposedBlock ID="cblock_17" HPOS="520" VPOS="647" WIDTH="457" HEIGHT="330">
					<TextBlock ID="block_21" HPOS="521" VPOS="647" WIDTH="456" HEIGHT="44">
						<TextLine ID="line_76" HPOS="521" VPOS="647" WIDTH="456" HEIGHT="23">
							<String ID="string_534" HPOS="521" VPOS="647" WIDTH="81" HEIGHT="21" WC="0.96" CONTENT="Hagman,"/><SP WIDTH="13" VPOS="647" HPOS="602"/>
							<String ID="string_535" HPOS="615" VPOS="648" WIDTH="46" HEIGHT="16" WC="0.96" CONTENT="Emil"/><SP WIDTH="13" VPOS="648" HPOS="661"/>
							<String ID="string_536" HPOS="674" VPOS="648" WIDTH="62" HEIGHT="20" WC="0.92" CONTENT="Oskar,"/><SP WIDTH="13" VPOS="648" HPOS="736"/>
							<String ID="string_537" HPOS="749" VPOS="648" WIDTH="87" HEIGHT="22" WC="0.92" CONTENT="Byråchef"/><SP WIDTH="6" VPOS="648" HPOS="836"/>
							<String ID="string_538" HPOS="842" VPOS="647" WIDTH="41" HEIGHT="22" WC="0.93" CONTENT="[88],"/><SP WIDTH="13" VPOS="647" HPOS="883"/>
							<String ID="string_539" HPOS="896" VPOS="650" WIDTH="11" HEIGHT="15" WC="0.92" CONTENT="f."/><SP WIDTH="10" VPOS="650" HPOS="907"/>
							<String ID="string_540" HPOS="917" VPOS="649" WIDTH="28" HEIGHT="20" WC="0.96" CONTENT="80;"/><SP WIDTH="10" VPOS="649" HPOS="945"/>
							<String ID="string_541" HPOS="955" VPOS="650" WIDTH="22" HEIGHT="16" WC="0.96" CONTENT="38"/>
						</TextLine>
						<TextLine ID="line_77" HPOS="545" VPOS="670" WIDTH="155" HEIGHT="21">
							<String ID="string_542" HPOS="545" VPOS="672" WIDTH="42" HEIGHT="19" WC="0.92" CONTENT="(adr."/><SP WIDTH="14" VPOS="672" HPOS="587"/>
							<String ID="string_543" HPOS="601" VPOS="670" WIDTH="99" HEIGHT="20" WC="0.96" CONTENT="Ulvsunda)."/>
						</TextLine>
					</TextBlock>
					<TextBlock ID="block_22" HPOS="521" VPOS="695" WIDTH="455" HEIGHT="45">
						<TextLine ID="line_78" HPOS="521" VPOS="695" WIDTH="455" HEIGHT="22">
							<String ID="string_544" HPOS="521" VPOS="695" WIDTH="88" HEIGHT="20" WC="0.95" CONTENT="Wistrand,"/><SP WIDTH="13" VPOS="695" HPOS="609"/>
							<String ID="string_545" HPOS="622" VPOS="696" WIDTH="42" HEIGHT="16" WC="0.96" CONTENT="Karl"/><SP WIDTH="14" VPOS="696" HPOS="664"/>
							<String ID="string_546" HPOS="678" VPOS="697" WIDTH="94" HEIGHT="19" WC="0.96" CONTENT="Knutsson,"/><SP WIDTH="14" VPOS="697" HPOS="772"/>
							<String ID="string_547" HPOS="786" VPOS="697" WIDTH="23" HEIGHT="15" WC="0.96" CONTENT="fd."/><SP WIDTH="14" VPOS="697" HPOS="809"/>
							<String ID="string_548" HPOS="823" VPOS="697" WIDTH="83" HEIGHT="16" WC="0.96" CONTENT="Direktör"/><SP WIDTH="9" VPOS="697" HPOS="906"/>
							<String ID="string_549" HPOS="915" VPOS="695" WIDTH="41" HEIGHT="22" WC="0.93" CONTENT="[90],"/><SP WIDTH="9" VPOS="695" HPOS="956"/>
							<String ID="string_550" HPOS="965" VPOS="698" WIDTH="11" HEIGHT="15" WC="0.91" CONTENT="f."/>
						</TextLine>
						<TextLine ID="line_79" HPOS="546" VPOS="718" WIDTH="245" HEIGHT="22">
							<String ID="string_551" HPOS="546" VPOS="720" WIDTH="27" HEIGHT="19" WC="0.95" CONTENT="89;"/><SP WIDTH="15" VPOS="720" HPOS="573"/>
							<String ID="string_552" HPOS="588" VPOS="720" WIDTH="22" HEIGHT="16" WC="0.92" CONTENT="38"/><SP WIDTH="12" VPOS="720" HPOS="610"/>
							<String ID="string_553" HPOS="622" VPOS="718" WIDTH="43" HEIGHT="22" WC="0.90" CONTENT="(adr."/><SP WIDTH="14" VPOS="718" HPOS="665"/>
							<String ID="string_554" HPOS="679" VPOS="718" WIDTH="112" HEIGHT="22" WC="0.96" CONTENT="Stockholm)."/>
						</TextLine>
					</TextBlock>
					<TextBlock ID="block_23" HPOS="521" VPOS="742" WIDTH="456" HEIGHT="45">
						<TextLine ID="line_80" HPOS="521" VPOS="742" WIDTH="456" HEIGHT="23">
							<String ID="string_555" HPOS="521" VPOS="742" WIDTH="60" HEIGHT="20" WC="0.96" CONTENT="Ström,"/><SP WIDTH="13" VPOS="742" HPOS="581"/>
							<String ID="string_556" HPOS="594" VPOS="744" WIDTH="41" HEIGHT="16" WC="0.96" CONTENT="Otto"/><SP WIDTH="13" VPOS="744" HPOS="635"/>
							<String ID="string_557" HPOS="648" VPOS="744" WIDTH="78" HEIGHT="20" WC="0.96" CONTENT="Fredrik,"/><SP WIDTH="10" VPOS="744" HPOS="726"/>
							<String ID="string_558" HPOS="736" VPOS="745" WIDTH="88" HEIGHT="15" WC="0.96" CONTENT="Redaktör"/><SP WIDTH="8" VPOS="745" HPOS="824"/>
							<String ID="string_559" HPOS="832" VPOS="742" WIDTH="53" HEIGHT="23" WC="0.93" CONTENT="[501],"/><SP WIDTH="11" VPOS="742" HPOS="885"/>
							<String ID="string_560" HPOS="896" VPOS="746" WIDTH="10" HEIGHT="15" WC="0.92" CONTENT="f."/><SP WIDTH="10" VPOS="746" HPOS="906"/>
							<String ID="string_561" HPOS="916" VPOS="745" WIDTH="29" HEIGHT="19" WC="0.96" CONTENT="80;"/><SP WIDTH="10" VPOS="745" HPOS="945"/>
							<String ID="string_562" HPOS="955" VPOS="746" WIDTH="22" HEIGHT="15" WC="0.96" CONTENT="38"/>
						</TextLine>
						<TextLine ID="line_81" HPOS="544" VPOS="766" WIDTH="156" HEIGHT="21">
							<String ID="string_563" HPOS="544" VPOS="766" WIDTH="44" HEIGHT="21" WC="0.91" CONTENT="(adr."/><SP WIDTH="13" VPOS="766" HPOS="588"/>
							<String ID="string_564" HPOS="601" VPOS="766" WIDTH="99" HEIGHT="21" WC="0.96" CONTENT="Ulvsunda)."/>
						</TextLine>
					</TextBlock>
					<TextBlock ID="block_24" HPOS="520" VPOS="790" WIDTH="456" HEIGHT="45">
						<TextLine ID="line_82" HPOS="520" VPOS="790" WIDTH="456" HEIGHT="23">
							<String ID="string_565" HPOS="520" VPOS="790" WIDTH="77" HEIGHT="20" WC="0.92" CONTENT="Ewerlöf,"/><SP WIDTH="13" VPOS="790" HPOS="597"/>
							<String ID="string_566" HPOS="610" VPOS="792" WIDTH="48" HEIGHT="15" WC="0.96" CONTENT="Knut"/><SP WIDTH="16" VPOS="792" HPOS="658"/>
							<String ID="string_567" HPOS="674" VPOS="792" WIDTH="84" HEIGHT="19" WC="0.95" CONTENT="Gerhard,"/><SP WIDTH="16" VPOS="792" HPOS="758"/>
							<String ID="string_568" HPOS="774" VPOS="792" WIDTH="23" HEIGHT="15" WC="0.93" CONTENT="fd."/><SP WIDTH="17" VPOS="792" HPOS="797"/>
							<String ID="string_569" HPOS="814" VPOS="791" WIDTH="97" HEIGHT="22" WC="0.92" CONTENT="Borgarråd"/><SP WIDTH="12" VPOS="791" HPOS="911"/>
							<String ID="string_570" HPOS="923" VPOS="790" WIDTH="53" HEIGHT="22" WC="0.94" CONTENT="[968],"/>
						</TextLine>
						<TextLine ID="line_83" HPOS="545" VPOS="814" WIDTH="270" HEIGHT="21">
							<String ID="string_571" HPOS="545" VPOS="816" WIDTH="11" HEIGHT="15" WC="0.88" CONTENT="f."/><SP WIDTH="14" VPOS="816" HPOS="556"/>
							<String ID="string_572" HPOS="570" VPOS="815" WIDTH="27" HEIGHT="19" WC="0.96" CONTENT="90;"/><SP WIDTH="15" VPOS="815" HPOS="597"/>
							<String ID="string_573" HPOS="612" VPOS="815" WIDTH="22" HEIGHT="16" WC="0.93" CONTENT="38"/><SP WIDTH="13" VPOS="815" HPOS="634"/>
							<String ID="string_574" HPOS="647" VPOS="814" WIDTH="42" HEIGHT="21" WC="0.90" CONTENT="(adr."/><SP WIDTH="14" VPOS="814" HPOS="689"/>
							<String ID="string_575" HPOS="703" VPOS="814" WIDTH="112" HEIGHT="21" WC="0.96" CONTENT="Stockholm)."/>
						</TextLine>
					</TextBlock>
					<TextBlock ID="block_25" HPOS="521" VPOS="838" WIDTH="456" HEIGHT="44">
						<TextLine ID="line_84" HPOS="521" VPOS="838" WIDTH="456" HEIGHT="22">
							<String ID="string_576" HPOS="521" VPOS="838" WIDTH="81" HEIGHT="19" WC="0.96" CONTENT="Carlsson,"/><SP WIDTH="14" VPOS="838" HPOS="602"/>
							<String ID="string_577" HPOS="616" VPOS="839" WIDTH="45" HEIGHT="19" WC="0.96" CONTENT="Olof,"/><SP WIDTH="14" VPOS="839" HPOS="661"/>
							<String ID="string_578" HPOS="675" VPOS="840" WIDTH="43" HEIGHT="15" WC="0.96" CONTENT="Led."/><SP WIDTH="13" VPOS="840" HPOS="718"/>
							<String ID="string_579" HPOS="731" VPOS="845" WIDTH="21" HEIGHT="10" WC="0.92" CONTENT="av"/><SP WIDTH="9" VPOS="845" HPOS="752"/>
							<String ID="string_580" HPOS="761" VPOS="839" WIDTH="166" HEIGHT="21" WC="0.91" CONTENT="Försäkringsrådet"/><SP WIDTH="8" VPOS="839" HPOS="927"/>
							<String ID="string_581" HPOS="935" VPOS="838" WIDTH="42" HEIGHT="22" WC="0.96" CONTENT="[91],"/>
						</TextLine>
						<TextLine ID="line_85" HPOS="544" VPOS="861" WIDTH="271" HEIGHT="21">
							<String ID="string_582" HPOS="544" VPOS="863" WIDTH="11" HEIGHT="15" WC="0.91" CONTENT="f."/><SP WIDTH="15" VPOS="863" HPOS="555"/>
							<String ID="string_583" HPOS="570" VPOS="862" WIDTH="27" HEIGHT="19" WC="0.96" CONTENT="72;"/><SP WIDTH="15" VPOS="862" HPOS="597"/>
							<String ID="string_584" HPOS="612" VPOS="863" WIDTH="22" HEIGHT="16" WC="0.93" CONTENT="38"/><SP WIDTH="12" VPOS="863" HPOS="634"/>
							<String ID="string_585" HPOS="646" VPOS="861" WIDTH="42" HEIGHT="21" WC="0.90" CONTENT="(adr."/><SP WIDTH="14" VPOS="861" HPOS="688"/>
							<String ID="string_586" HPOS="702" VPOS="862" WIDTH="113" HEIGHT="20" WC="0.96" CONTENT="Stockholm)."/>
						</TextLine>
					</TextBlock>
					<TextBlock ID="block_26" HPOS="520" VPOS="885" WIDTH="456" HEIGHT="45">
						<TextLine ID="line_86" HPOS="520" VPOS="885" WIDTH="456" HEIGHT="23">
							<String ID="string_587" HPOS="520" VPOS="885" WIDTH="58" HEIGHT="20" WC="0.96" CONTENT="Gärde,"/><SP WIDTH="6" VPOS="885" HPOS="578"/>
							<String ID="string_588" HPOS="584" VPOS="887" WIDTH="87" HEIGHT="20" WC="0.96" CONTENT="Johannes"/><SP WIDTH="9" VPOS="887" HPOS="671"/>
							<String ID="string_589" HPOS="680" VPOS="887" WIDTH="91" HEIGHT="19" WC="0.96" CONTENT="Natanael,"/><SP WIDTH="10" VPOS="887" HPOS="771"/>
							<String ID="string_590" HPOS="781" VPOS="887" WIDTH="23" HEIGHT="16" WC="0.93" CONTENT="fd."/><SP WIDTH="7" VPOS="887" HPOS="804"/>
							<String ID="string_591" HPOS="811" VPOS="886" WIDTH="99" HEIGHT="22" WC="0.92" CONTENT="Justitieråd"/><SP WIDTH="8" VPOS="886" HPOS="910"/>
							<String ID="string_592" HPOS="918" VPOS="885" WIDTH="29" HEIGHT="23" WC="0.95" CONTENT="[72"/><SP WIDTH="8" VPOS="885" HPOS="947"/>
							<String ID="string_593" HPOS="955" VPOS="886" WIDTH="21" HEIGHT="21" WC="0.88" CONTENT="al,"/>
						</TextLine>
						<TextLine ID="line_87" HPOS="545" VPOS="909" WIDTH="270" HEIGHT="21">
							<String ID="string_594" HPOS="545" VPOS="911" WIDTH="11" HEIGHT="15" WC="0.93" CONTENT="f."/><SP WIDTH="14" VPOS="911" HPOS="556"/>
							<String ID="string_595" HPOS="570" VPOS="910" WIDTH="27" HEIGHT="19" WC="0.96" CONTENT="80;"/><SP WIDTH="15" VPOS="910" HPOS="597"/>
							<String ID="string_596" HPOS="612" VPOS="910" WIDTH="22" HEIGHT="16" WC="0.93" CONTENT="38"/><SP WIDTH="13" VPOS="910" HPOS="634"/>
							<String ID="string_597" HPOS="647" VPOS="909" WIDTH="42" HEIGHT="21" WC="0.91" CONTENT="(adr."/><SP WIDTH="14" VPOS="909" HPOS="689"/>
							<String ID="string_598" HPOS="703" VPOS="909" WIDTH="112" HEIGHT="21" WC="0.96" CONTENT="Stockholm)."/>
						</TextLine>
					</TextBlock>
					<TextBlock ID="block_27" HPOS="520" VPOS="933" WIDTH="456" HEIGHT="44">
						<TextLine ID="line_88" HPOS="520" VPOS="933" WIDTH="456" HEIGHT="22">
							<String ID="string_599" HPOS="520" VPOS="933" WIDTH="85" HEIGHT="22" WC="0.96" CONTENT="Branting,"/><SP WIDTH="19" VPOS="933" HPOS="605"/>
							<String ID="string_600" HPOS="624" VPOS="935" WIDTH="63" HEIGHT="20" WC="0.93" CONTENT="Georg,"/><SP WIDTH="18" VPOS="935" HPOS="687"/>
							<String ID="string_601" HPOS="705" VPOS="935" WIDTH="15" HEIGHT="20" WC="0.91" CONTENT="J."/><SP WIDTH="19" VPOS="935" HPOS="720"/>
							<String ID="string_602" HPOS="739" VPOS="935" WIDTH="29" HEIGHT="19" WC="0.91" CONTENT="K.,"/><SP WIDTH="20" VPOS="935" HPOS="768"/>
							<String ID="string_603" HPOS="788" VPOS="935" WIDTH="85" HEIGHT="19" WC="0.93" CONTENT="Advokat,"/><SP WIDTH="14" VPOS="935" HPOS="873"/>
							<String ID="string_604" HPOS="887" VPOS="936" WIDTH="11" HEIGHT="15" WC="0.92" CONTENT="f."/><SP WIDTH="14" VPOS="936" HPOS="898"/>
							<String ID="string_605" HPOS="912" VPOS="934" WIDTH="28" HEIGHT="20" WC="0.96" CONTENT="87;"/><SP WIDTH="15" VPOS="934" HPOS="940"/>
							<String ID="string_606" HPOS="955" VPOS="935" WIDTH="21" HEIGHT="16" WC="0.91" CONTENT="38"/>
						</TextLine>
						<TextLine ID="line_89" HPOS="543" VPOS="956" WIDTH="170" HEIGHT="21">
							<String ID="string_607" HPOS="543" VPOS="956" WIDTH="43" HEIGHT="21" WC="0.92" CONTENT="(adr."/><SP WIDTH="14" VPOS="956" HPOS="586"/>
							<String ID="string_608" HPOS="600" VPOS="956" WIDTH="113" HEIGHT="21" WC="0.96" CONTENT="Stockholm)."/>
						</TextLine>
					</TextBlock>
				</ComposedBlock>
				<ComposedBlock ID="cblock_18" HPOS="510" VPOS="977" WIDTH="10" HEIGHT="3">
					<TextBlock ID="block_28" HPOS="510" VPOS="977" WIDTH="10" HEIGHT="3">
						<TextLine ID="line_90" HPOS="510" VPOS="977" WIDTH="10" HEIGHT="3">
							<String ID="string_609" HPOS="510" VPOS="977" WIDTH="10" HEIGHT="3" WC="0.95" CONTENT=" "/>
						</TextLine>
					</TextBlock>
				</ComposedBlock>
				<ComposedBlock ID="cblock_19" HPOS="510" VPOS="421" WIDTH="5" HEIGHT="1068">
					<TextBlock ID="block_29" HPOS="510" VPOS="421" WIDTH="5" HEIGHT="1068">
						<TextLine ID="line_91" HPOS="510" VPOS="421" WIDTH="5" HEIGHT="1068">
							<String ID="string_610" HPOS="510" VPOS="421" WIDTH="5" HEIGHT="1068" WC="0.95" CONTENT=" "/>
						</TextLine>
					</TextBlock>
				</ComposedBlock>
				<ComposedBlock ID="cblock_20" HPOS="519" VPOS="980" WIDTH="457" HEIGHT="235">
					<TextBlock ID="block_30" HPOS="520" VPOS="980" WIDTH="456" HEIGHT="45">
						<TextLine ID="line_92" HPOS="520" VPOS="980" WIDTH="456" HEIGHT="22">
							<String ID="string_611" HPOS="520" VPOS="981" WIDTH="56" HEIGHT="19" WC="0.96" CONTENT="Öman,"/><SP WIDTH="19" VPOS="981" HPOS="576"/>
							<String ID="string_612" HPOS="595" VPOS="982" WIDTH="43" HEIGHT="19" WC="0.92" CONTENT="Ivar,"/><SP WIDTH="20" VPOS="982" HPOS="638"/>
							<String ID="string_613" HPOS="658" VPOS="982" WIDTH="88" HEIGHT="15" WC="0.96" CONTENT="Redaktör"/><SP WIDTH="15" VPOS="982" HPOS="746"/>
							<String ID="string_614" HPOS="761" VPOS="980" WIDTH="53" HEIGHT="22" WC="0.91" CONTENT="[503],"/><SP WIDTH="16" VPOS="980" HPOS="814"/>
							<String ID="string_615" HPOS="830" VPOS="982" WIDTH="12" HEIGHT="16" WC="0.90" CONTENT="f."/><SP WIDTH="14" VPOS="982" HPOS="842"/>
							<String ID="string_616" HPOS="856" VPOS="982" WIDTH="27" HEIGHT="19" WC="0.96" CONTENT="00;"/><SP WIDTH="15" VPOS="982" HPOS="883"/>
							<String ID="string_617" HPOS="898" VPOS="982" WIDTH="22" HEIGHT="16" WC="0.93" CONTENT="38"/><SP WIDTH="13" VPOS="982" HPOS="920"/>
							<String ID="string_618" HPOS="933" VPOS="980" WIDTH="43" HEIGHT="22" WC="0.92" CONTENT="(adr."/>
						</TextLine>
						<TextLine ID="line_93" HPOS="544" VPOS="1003" WIDTH="112" HEIGHT="22">
							<String ID="string_619" HPOS="544" VPOS="1003" WIDTH="112" HEIGHT="22" WC="0.96" CONTENT="Stockholm)."/>
						</TextLine>
					</TextBlock>
					<TextBlock ID="block_31" HPOS="519" VPOS="1027" WIDTH="456" HEIGHT="45">
						<TextLine ID="line_94" HPOS="519" VPOS="1027" WIDTH="456" HEIGHT="22">
							<String ID="string_620" HPOS="519" VPOS="1028" WIDTH="67" HEIGHT="19" WC="0.96" CONTENT="Strand,"/><SP WIDTH="12" VPOS="1028" HPOS="586"/>
							<String ID="string_621" HPOS="598" VPOS="1030" WIDTH="44" HEIGHT="15" WC="0.95" CONTENT="Axel"/><SP WIDTH="13" VPOS="1030" HPOS="642"/>
							<String ID="string_622" HPOS="655" VPOS="1029" WIDTH="88" HEIGHT="19" WC="0.96" CONTENT="Wilhelm,"/><SP WIDTH="14" VPOS="1029" HPOS="743"/>
							<String ID="string_623" HPOS="757" VPOS="1030" WIDTH="65" HEIGHT="15" WC="0.96" CONTENT="Kassör"/><SP WIDTH="12" VPOS="1030" HPOS="822"/>
							<String ID="string_624" HPOS="834" VPOS="1027" WIDTH="41" HEIGHT="22" WC="0.93" CONTENT="[88],"/><SP WIDTH="15" VPOS="1027" HPOS="875"/>
							<String ID="string_625" HPOS="890" VPOS="1030" WIDTH="10" HEIGHT="16" WC="0.91" CONTENT="f."/><SP WIDTH="15" VPOS="1030" HPOS="900"/>
							<String ID="string_626" HPOS="915" VPOS="1030" WIDTH="27" HEIGHT="18" WC="0.96" CONTENT="93;"/><SP WIDTH="11" VPOS="1030" HPOS="942"/>
							<String ID="string_627" HPOS="953" VPOS="1030" WIDTH="22" HEIGHT="16" WC="0.96" CONTENT="38"/>
						</TextLine>
						<TextLine ID="line_95" HPOS="543" VPOS="1051" WIDTH="168" HEIGHT="21">
							<String ID="string_628" HPOS="543" VPOS="1051" WIDTH="42" HEIGHT="21" WC="0.92" CONTENT="(adr."/><SP WIDTH="14" VPOS="1051" HPOS="585"/>
							<String ID="string_629" HPOS="599" VPOS="1051" WIDTH="112" HEIGHT="21" WC="0.96" CONTENT="Stockholm)."/>
						</TextLine>
					</TextBlock>
					<TextBlock ID="block_32" HPOS="519" VPOS="1075" WIDTH="456" HEIGHT="45">
						<TextLine ID="line_96" HPOS="519" VPOS="1075" WIDTH="456" HEIGHT="23">
							<String ID="string_630" HPOS="519" VPOS="1076" WIDTH="99" HEIGHT="19" WC="0.92" CONTENT="Nordenson,"/><SP WIDTH="12" VPOS="1076" HPOS="618"/>
							<String ID="string_631" HPOS="630" VPOS="1077" WIDTH="71" HEIGHT="19" WC="0.96" CONTENT="Harald,"/><SP WIDTH="18" VPOS="1077" HPOS="701"/>
							<String ID="string_632" HPOS="719" VPOS="1077" WIDTH="82" HEIGHT="16" WC="0.96" CONTENT="Direktör"/><SP WIDTH="12" VPOS="1077" HPOS="801"/>
							<String ID="string_633" HPOS="813" VPOS="1075" WIDTH="53" HEIGHT="23" WC="0.93" CONTENT="[950],"/><SP WIDTH="19" VPOS="1075" HPOS="866"/>
							<String ID="string_634" HPOS="885" VPOS="1078" WIDTH="12" HEIGHT="15" WC="0.92" CONTENT="f."/><SP WIDTH="14" VPOS="1078" HPOS="897"/>
							<String ID="string_635" HPOS="911" VPOS="1077" WIDTH="28" HEIGHT="18" WC="0.96" CONTENT="86;"/><SP WIDTH="15" VPOS="1077" HPOS="939"/>
							<String ID="string_636" HPOS="954" VPOS="1077" WIDTH="21" HEIGHT="16" WC="0.96" CONTENT="38"/>
						</TextLine>
						<TextLine ID="line_97" HPOS="543" VPOS="1098" WIDTH="168" HEIGHT="22">
							<String ID="string_637" HPOS="543" VPOS="1098" WIDTH="43" HEIGHT="21" WC="0.91" CONTENT="(adr."/><SP WIDTH="13" VPOS="1098" HPOS="586"/>
							<String ID="string_638" HPOS="599" VPOS="1098" WIDTH="112" HEIGHT="22" WC="0.96" CONTENT="Stockholm)."/>
						</TextLine>
					</TextBlock>
					<TextBlock ID="block_33" HPOS="520" VPOS="1123" WIDTH="456" HEIGHT="45">
						<TextLine ID="line_98" HPOS="520" VPOS="1123" WIDTH="456" HEIGHT="22">
							<String ID="string_639" HPOS="520" VPOS="1123" WIDTH="84" HEIGHT="19" WC="0.95" CONTENT="Karlsson,"/><SP WIDTH="21" VPOS="1123" HPOS="604"/>
							<String ID="string_640" HPOS="625" VPOS="1125" WIDTH="42" HEIGHT="15" WC="0.96" CONTENT="Karl"/><SP WIDTH="19" VPOS="1125" HPOS="667"/>
							<String ID="string_641" HPOS="686" VPOS="1125" WIDTH="72" HEIGHT="20" WC="0.93" CONTENT="August,"/><SP WIDTH="20" VPOS="1125" HPOS="758"/>
							<String ID="string_642" HPOS="778" VPOS="1125" WIDTH="198" HEIGHT="16" WC="0.91" CONTENT="Förbundsordförande"/>
						</TextLine>
						<TextLine ID="line_99" HPOS="543" VPOS="1146" WIDTH="324" HEIGHT="22">
							<String ID="string_643" HPOS="543" VPOS="1146" WIDTH="41" HEIGHT="22" WC="0.93" CONTENT="[89],"/><SP WIDTH="13" VPOS="1146" HPOS="584"/>
							<String ID="string_644" HPOS="597" VPOS="1149" WIDTH="11" HEIGHT="15" WC="0.87" CONTENT="f."/><SP WIDTH="15" VPOS="1149" HPOS="608"/>
							<String ID="string_645" HPOS="623" VPOS="1148" WIDTH="27" HEIGHT="19" WC="0.97" CONTENT="86;"/><SP WIDTH="15" VPOS="1148" HPOS="650"/>
							<String ID="string_646" HPOS="665" VPOS="1148" WIDTH="21" HEIGHT="16" WC="0.92" CONTENT="38"/><SP WIDTH="13" VPOS="1148" HPOS="686"/>
							<String ID="string_647" HPOS="699" VPOS="1146" WIDTH="43" HEIGHT="22" WC="0.91" CONTENT="(adr."/><SP WIDTH="13" VPOS="1146" HPOS="742"/>
							<String ID="string_648" HPOS="755" VPOS="1146" WIDTH="112" HEIGHT="21" WC="0.96" CONTENT="Stockholm)."/>
						</TextLine>
					</TextBlock>
					<TextBlock ID="block_34" HPOS="519" VPOS="1170" WIDTH="456" HEIGHT="45">
						<TextLine ID="line_100" HPOS="519" VPOS="1170" WIDTH="456" HEIGHT="22">
							<String ID="string_649" HPOS="519" VPOS="1171" WIDTH="52" HEIGHT="20" WC="0.95" CONTENT="Ohlin,"/><SP WIDTH="14" VPOS="1171" HPOS="571"/>
							<String ID="string_650" HPOS="585" VPOS="1172" WIDTH="52" HEIGHT="16" WC="0.96" CONTENT="Bertil"/><SP WIDTH="14" VPOS="1172" HPOS="637"/>
							<String ID="string_651" HPOS="651" VPOS="1172" WIDTH="89" HEIGHT="19" WC="0.96" CONTENT="Gotthard,"/><SP WIDTH="16" VPOS="1172" HPOS="740"/>
							<String ID="string_652" HPOS="756" VPOS="1173" WIDTH="88" HEIGHT="15" WC="0.96" CONTENT="Professor"/><SP WIDTH="11" VPOS="1173" HPOS="844"/>
							<String ID="string_653" HPOS="855" VPOS="1170" WIDTH="53" HEIGHT="22" WC="0.93" CONTENT="[820],"/><SP WIDTH="14" VPOS="1170" HPOS="908"/>
							<String ID="string_654" HPOS="922" VPOS="1173" WIDTH="11" HEIGHT="15" WC="0.92" CONTENT="f."/><SP WIDTH="14" VPOS="1173" HPOS="933"/>
							<String ID="string_655" HPOS="947" VPOS="1173" WIDTH="28" HEIGHT="18" WC="0.96" CONTENT="99;"/>
						</TextLine>
						<TextLine ID="line_101" HPOS="544" VPOS="1193" WIDTH="204" HEIGHT="22">
							<String ID="string_656" HPOS="544" VPOS="1196" WIDTH="22" HEIGHT="15" WC="0.91" CONTENT="38"/><SP WIDTH="13" VPOS="1196" HPOS="566"/>
							<String ID="string_657" HPOS="579" VPOS="1193" WIDTH="43" HEIGHT="22" WC="0.86" CONTENT="(adr."/><SP WIDTH="14" VPOS="1193" HPOS="622"/>
							<String ID="string_658" HPOS="636" VPOS="1194" WIDTH="112" HEIGHT="21" WC="0.96" CONTENT="Stockholm)."/>
						</TextLine>
					</TextBlock>
				</ComposedBlock>
				<ComposedBlock ID="cblock_21" HPOS="520" VPOS="1240" WIDTH="404" HEIGHT="95">
					<TextBlock ID="block_35" HPOS="520" VPOS="1240" WIDTH="404" HEIGHT="95">
						<TextLine ID="line_102" HPOS="520" VPOS="1240" WIDTH="130" HEIGHT="24">
							<String ID="string_659" HPOS="520" VPOS="1240" WIDTH="130" HEIGHT="24" WC="0.90" CONTENT="[143—144]"/>
						</TextLine>
						<TextLine ID="line_103" HPOS="567" VPOS="1277" WIDTH="357" HEIGHT="22">
							<String ID="string_660" HPOS="567" VPOS="1277" WIDTH="116" HEIGHT="17" WC="0.96" CONTENT="Stockholms"/><SP WIDTH="12" VPOS="1277" HPOS="683"/>
							<String ID="string_661" HPOS="695" VPOS="1278" WIDTH="33" HEIGHT="16" WC="0.96" CONTENT="län"/><SP WIDTH="12" VPOS="1278" HPOS="728"/>
							<String ID="string_662" HPOS="740" VPOS="1277" WIDTH="32" HEIGHT="18" WC="0.96" CONTENT="och"/><SP WIDTH="17" VPOS="1277" HPOS="772"/>
							<String ID="string_663" HPOS="789" VPOS="1278" WIDTH="84" HEIGHT="21" WC="0.96" CONTENT="Uppsala"/><SP WIDTH="12" VPOS="1278" HPOS="873"/>
							<String ID="string_664" HPOS="885" VPOS="1278" WIDTH="39" HEIGHT="18" WC="0.96" CONTENT="län."/>
						</TextLine>
						<TextLine ID="line_104" HPOS="600" VPOS="1312" WIDTH="292" HEIGHT="23">
							<String ID="string_665" HPOS="600" VPOS="1312" WIDTH="125" HEIGHT="21" WC="0.91" CONTENT="(Mandattiden"/><SP WIDTH="14" VPOS="1312" HPOS="725"/>
							<String ID="string_666" HPOS="739" VPOS="1313" WIDTH="49" HEIGHT="22" WC="0.96" CONTENT="utgår"/><SP WIDTH="13" VPOS="1313" HPOS="788"/>
							<String ID="string_667" HPOS="801" VPOS="1313" WIDTH="18" HEIGHT="17" WC="0.96" CONTENT="år"/><SP WIDTH="15" VPOS="1313" HPOS="819"/>
							<String ID="string_668" HPOS="834" VPOS="1312" WIDTH="58" HEIGHT="23" WC="0.95" CONTENT="1938.)"/>
						</TextLine>
					</TextBlock>
				</ComposedBlock>
				<ComposedBlock ID="cblock_22" HPOS="519" VPOS="1348" WIDTH="460" HEIGHT="141">
					<TextBlock ID="block_36" HPOS="519" VPOS="1348" WIDTH="455" HEIGHT="45">
						<TextLine ID="line_105" HPOS="519" VPOS="1348" WIDTH="455" HEIGHT="22">
							<String ID="string_669" HPOS="519" VPOS="1349" WIDTH="64" HEIGHT="19" WC="0.95" CONTENT="Möller,"/><SP WIDTH="16" VPOS="1349" HPOS="583"/>
							<String ID="string_670" HPOS="599" VPOS="1350" WIDTH="46" HEIGHT="15" WC="0.96" CONTENT="Fritz"/><SP WIDTH="13" VPOS="1350" HPOS="645"/>
							<String ID="string_671" HPOS="658" VPOS="1350" WIDTH="70" HEIGHT="19" WC="0.96" CONTENT="Gustav,"/><SP WIDTH="14" VPOS="1350" HPOS="728"/>
							<String ID="string_672" HPOS="742" VPOS="1349" WIDTH="77" HEIGHT="17" WC="0.96" CONTENT="Statsråd"/><SP WIDTH="12" VPOS="1349" HPOS="819"/>
							<String ID="string_673" HPOS="831" VPOS="1348" WIDTH="41" HEIGHT="22" WC="0.93" CONTENT="[48],"/><SP WIDTH="13" VPOS="1348" HPOS="872"/>
							<String ID="string_674" HPOS="885" VPOS="1351" WIDTH="12" HEIGHT="15" WC="0.92" CONTENT="f."/><SP WIDTH="14" VPOS="1351" HPOS="897"/>
							<String ID="string_675" HPOS="911" VPOS="1350" WIDTH="28" HEIGHT="19" WC="0.96" CONTENT="84;"/><SP WIDTH="14" VPOS="1350" HPOS="939"/>
							<String ID="string_676" HPOS="953" VPOS="1350" WIDTH="21" HEIGHT="16" WC="0.96" CONTENT="31"/>
						</TextLine>
						<TextLine ID="line_106" HPOS="543" VPOS="1372" WIDTH="169" HEIGHT="21">
							<String ID="string_677" HPOS="543" VPOS="1372" WIDTH="42" HEIGHT="21" WC="0.91" CONTENT="(adr."/><SP WIDTH="14" VPOS="1372" HPOS="585"/>
							<String ID="string_678" HPOS="599" VPOS="1372" WIDTH="113" HEIGHT="21" WC="0.96" CONTENT="Stockholm)."/>
						</TextLine>
					</TextBlock>
					<TextBlock ID="block_37" HPOS="519" VPOS="1395" WIDTH="456" HEIGHT="47">
						<TextLine ID="line_107" HPOS="519" VPOS="1395" WIDTH="456" HEIGHT="23">
							<String ID="string_679" HPOS="519" VPOS="1397" WIDTH="59" HEIGHT="19" WC="0.91" CONTENT="Borell,"/><SP WIDTH="18" VPOS="1397" HPOS="578"/>
							<String ID="string_680" HPOS="596" VPOS="1398" WIDTH="43" HEIGHT="15" WC="0.96" CONTENT="Karl"/><SP WIDTH="19" VPOS="1398" HPOS="639"/>
							<String ID="string_681" HPOS="658" VPOS="1397" WIDTH="63" HEIGHT="16" WC="0.96" CONTENT="Gustaf"/><SP WIDTH="17" VPOS="1397" HPOS="721"/>
							<String ID="string_682" HPOS="738" VPOS="1398" WIDTH="86" HEIGHT="19" WC="0.93" CONTENT="Theodor,"/><SP WIDTH="14" VPOS="1398" HPOS="824"/>
							<String ID="string_683" HPOS="838" VPOS="1398" WIDTH="71" HEIGHT="15" WC="0.92" CONTENT="Hhövd."/><SP WIDTH="13" VPOS="1398" HPOS="909"/>
							<String ID="string_684" HPOS="922" VPOS="1395" WIDTH="53" HEIGHT="23" WC="0.96" CONTENT="[216],"/>
						</TextLine>
						<TextLine ID="line_108" HPOS="544" VPOS="1419" WIDTH="267" HEIGHT="23">
							<String ID="string_685" HPOS="544" VPOS="1421" WIDTH="11" HEIGHT="16" WC="0.92" CONTENT="f."/><SP WIDTH="14" VPOS="1421" HPOS="555"/>
							<String ID="string_686" HPOS="569" VPOS="1421" WIDTH="28" HEIGHT="19" WC="0.96" CONTENT="69;"/><SP WIDTH="15" VPOS="1421" HPOS="597"/>
							<String ID="string_687" HPOS="612" VPOS="1421" WIDTH="21" HEIGHT="16" WC="0.93" CONTENT="31"/><SP WIDTH="13" VPOS="1421" HPOS="633"/>
							<String ID="string_688" HPOS="646" VPOS="1419" WIDTH="42" HEIGHT="21" WC="0.92" CONTENT="(adr."/><SP WIDTH="14" VPOS="1419" HPOS="688"/>
							<String ID="string_689" HPOS="702" VPOS="1420" WIDTH="109" HEIGHT="22" WC="0.96" CONTENT="Storängen)."/>
						</TextLine>
					</TextBlock>
					<TextBlock ID="block_38" HPOS="520" VPOS="1444" WIDTH="459" HEIGHT="45">
						<TextLine ID="line_109" HPOS="520" VPOS="1444" WIDTH="459" HEIGHT="22">
							<String ID="string_690" HPOS="520" VPOS="1444" WIDTH="99" HEIGHT="19" WC="0.81" CONTENT="Wahlmark,"/><SP WIDTH="19" VPOS="1444" HPOS="619"/>
							<String ID="string_691" HPOS="638" VPOS="1445" WIDTH="40" HEIGHT="16" WC="0.96" CONTENT="Carl"/><SP WIDTH="15" VPOS="1445" HPOS="678"/>
							<String ID="string_692" HPOS="693" VPOS="1445" WIDTH="71" HEIGHT="19" WC="0.95" CONTENT="Primus,"/><SP WIDTH="14" VPOS="1445" HPOS="764"/>
							<String ID="string_693" HPOS="778" VPOS="1445" WIDTH="24" HEIGHT="16" WC="0.92" CONTENT="fd."/><SP WIDTH="13" VPOS="1445" HPOS="802"/>
							<String ID="string_694" HPOS="815" VPOS="1445" WIDTH="93" HEIGHT="21" WC="0.91" CONTENT="Typograf,"/><SP WIDTH="13" VPOS="1445" HPOS="908"/>
							<String ID="string_695" HPOS="921" VPOS="1446" WIDTH="12" HEIGHT="15" WC="0.93" CONTENT="f."/><SP WIDTH="13" VPOS="1446" HPOS="933"/>
							<String ID="string_696" HPOS="946" VPOS="1445" WIDTH="33" HEIGHT="19" WC="0.81" CONTENT="83;"/>
						</TextLine>
						<TextLine ID="line_110" HPOS="545" VPOS="1467" WIDTH="178" HEIGHT="22">
							<String ID="string_697" HPOS="545" VPOS="1469" WIDTH="21" HEIGHT="16" WC="0.91" CONTENT="31"/><SP WIDTH="13" VPOS="1469" HPOS="566"/>
							<String ID="string_698" HPOS="579" VPOS="1467" WIDTH="43" HEIGHT="21" WC="0.91" CONTENT="(adr."/><SP WIDTH="13" VPOS="1467" HPOS="622"/>
							<String ID="string_699" HPOS="635" VPOS="1467" WIDTH="88" HEIGHT="22" WC="0.85" CONTENT="Uppsala)."/>
						</TextLine>
					</TextBlock>
				</ComposedBlock>
				<ComposedBlock ID="cblock_23" HPOS="490" VPOS="1516" WIDTH="34" HEIGHT="16">
					<TextBlock ID="block_39" HPOS="490" VPOS="1516" WIDTH="34" HEIGHT="16">
						<TextLine ID="line_111" HPOS="490" VPOS="1516" WIDTH="34" HEIGHT="16">
							<String ID="string_700" HPOS="490" VPOS="1516" WIDTH="34" HEIGHT="16" WC="0.96" CONTENT="169"/>
						</TextLine>
					</TextBlock>
				</ComposedBlock>
			</PrintSpace>
		</Page>
	</Layout>
</alto>
