1046 1568
73 205 62 26 [148]

474 52 116 22 Riksdagen.

92 245 48 35 V.
190 243 289 47 Riksdagen,
511 243 110 37 dess
653 242 327 38 Ombudsmän

404 297 89 37 och
524 297 139 36 Verk.

226 375 144 27 Riksdagen.

89 429 67 17 Lagtima
167 429 60 16 riksdag
238 429 43 16 skall,
292 429 5 13 i
309 429 40 13 kraft
361 433 19 9 av
391 429 46 13 rikets
448 428 78 16 regerings-

71 448 42 15 form,
123 448 110 12 sammanträda
243 447 41 16 varje
294 447 17 13 år
320 447 28 13 den
359 451 17 8 10
386 447 59 16 januari
453 447 40 15 eller,
503 450 24 9 om

71 465 61 16 helgdag
142 465 19 13 då
169 465 75 15 inträffar,
253 465 46 15 dagen
309 465 69 12 därefter.

89 483 50 13 Första
151 483 87 13 kammarens
249 482 73 13 ledamöter
333 483 25 12 äro
371 485 26 12 150
408 482 27 13 och
446 482 47 16 väljas
504 481 23 13 för

72 501 31 13 åtta
113 501 22 16 år,
144 501 64 13 räknade
217 500 33 13 från
259 501 27 12 och
296 500 33 13 med
338 500 59 16 januari
405 500 61 13 månads
476 500 51 16 början

71 519 31 13 året
111 520 34 12 näst
154 519 37 12 efter
199 519 31 15 det,
239 519 47 12 under
294 518 46 13 vilket
350 518 39 13 valet
398 518 45 15 skett,
452 522 19 8 av
479 518 48 12 lands-

73 537 48 16 tingen
135 537 28 13 och
175 536 133 16 stadsfullmäktige
320 536 5 13 i
338 536 18 13 de
368 536 55 16 städer,
434 540 32 9 som
477 536 13 16 ej
497 535 30 13 del-

72 556 34 14 taga
118 555 5 12 i
138 555 79 15 landsting.
235 554 28 13 För
276 554 25 13 val
312 554 24 13 till
348 554 51 13 Första
413 554 84 13 kammaren
511 555 16 11 är

70 573 39 12 riket
121 572 56 13 indelat
190 572 5 13 i
209 576 17 12 19
239 572 87 13 valkretsar.
348 572 93 13 Stockholms
454 572 33 12 stad
500 572 26 12 och

72 591 81 15 Göteborgs
165 590 33 13 stad
211 591 52 15 utgöra
276 593 27 10 var
314 590 23 12 för
349 590 22 15 sig
383 594 17 8 en
411 590 70 12 valkrets.
499 589 28 13 An-

72 612 28 9 nan
113 609 39 15 stad,
165 612 32 9 som
210 608 13 16 ej
236 608 66 15 deltager
312 608 4 12 i
326 608 79 15 landsting,
414 607 50 13 tillhör
472 611 55 9 samma

71 626 65 13 valkrets
147 630 31 9 som
189 626 25 13 det
225 626 146 15 landstingsområde,
382 625 33 13 vari
425 625 51 13 staden
487 625 40 13 förut

71 644 53 16 ingått.
147 644 94 16 Indelningen
257 643 5 13 i
278 643 82 13 valkretsar
375 643 79 13 innehålles
473 643 4 13 i
497 643 30 12 val-

72 662 46 16 lagen.
135 662 29 13 För
178 662 41 16 varje
235 661 65 13 valkrets
315 661 46 16 väljes
377 661 37 13 efter
425 661 102 15 folkmängden

71 680 40 13 inom
126 680 32 13 dess
168 680 60 12 område
239 683 18 9 en
267 679 101 16 riksdagsman
380 679 23 13 för
413 681 34 11 vart
458 679 34 13 fullt
502 679 26 15 tal,

71 698 103 13 motsvarande
186 697 30 16 1/50
229 701 19 9 av
259 697 46 13 rikets
317 697 89 16 folkmängd.
424 697 103 13 Valkretsarna

71 716 56 13 indelas
134 716 5 12 i
147 716 31 12 åtta
186 719 68 12 grupper,
261 715 49 13 vilken
318 715 74 16 indelning
399 715 79 13 fastställes
485 715 5 12 i
497 715 31 12 val-

72 734 46 15 lagen.
133 734 44 15 Varje
186 733 16 13 år
210 733 47 13 under
264 733 83 16 september
354 733 54 13 månad
417 732 37 13 skall
461 733 40 12 inom
510 737 17 8 en

72 755 19 9 av
99 751 64 13 nämnda
171 755 63 12 grupper
242 751 70 13 förrättas
320 751 24 13 val
352 751 23 13 för
383 751 98 16 nästföljande
490 751 37 12 åtta-

72 769 79 16 årsperiod.
170 769 29 13 Det
213 769 41 13 antal
265 769 101 16 riksdagsmän
380 769 18 12 de
412 769 72 13 särskilda
497 768 31 13 val-

72 788 76 12 kretsarna
163 787 40 13 skola
218 788 32 12 utse
264 787 88 13 bestämmes
366 786 45 16 enligt
425 787 102 12 ovannämnda

72 809 42 9 norm
124 809 19 9 av
154 805 81 16 Konungen
245 806 34 11 vart
291 809 30 8 10:e
331 805 16 12 år
358 805 25 15 (K.
393 805 44 15 kung.
447 805 51 12 härom
505 803 23 16 12/6

75 823 46 16 1941).
140 823 63 12 Valbara
217 824 26 11 äro
256 823 5 12 i
273 823 111 12 kommunernas
398 822 74 13 allmänna
486 826 41 11 ange-

73 841 84 16 lägenheter
164 840 123 17 röstberättigade
296 842 34 11 män
340 841 27 12 och
376 840 69 16 kvinnor,
454 844 32 9 som
492 844 35 12 upp-

74 859 33 13 nått
117 862 17 12 35
144 859 23 12 års
177 858 45 13 ålder.

90 877 50 12 Andra
148 877 87 12 kammarens
243 876 73 13 ledamöter
323 877 26 12 äro
358 880 31 12 230,
398 875 43 14 valda
450 875 23 13 för
480 879 17 9 en
506 875 22 13 tid

73 898 19 9 av
100 895 32 16 fyra
141 895 21 15 år,
170 895 64 12 räknade
242 894 33 13 från
283 894 27 13 och
319 894 33 13 med
360 894 59 16 januari
426 894 61 13 månads
496 894 32 12 bör-

72 913 25 16 jan
108 913 31 12 året
149 913 33 13 näst
192 912 38 13 efter
239 912 30 16 det,
280 912 46 13 under
335 912 47 13 vilket
391 912 40 13 valet
441 912 44 12 skett.
500 911 29 13 För

72 931 42 12 dessa
121 930 24 13 val
152 931 16 12 är
173 930 39 13 riket
218 930 56 13 indelat
280 930 5 13 i
293 930 17 13 28
317 930 86 13 valkretsar.
416 930 29 12 För
450 929 41 17 varje
498 929 30 13 val-

72 948 40 13 krets
118 948 46 16 väljes
170 948 37 13 efter
212 948 103 16 folkmängden
320 948 41 13 inom
366 948 33 12 dess
404 948 59 12 område
469 951 17 9 en
492 947 36 13 riks-

72 966 70 16 dagsman
137 961 31 26 för
172 961 27 26 vart
211 966 34 13 fullt
249 966 27 16 tal,
280 966 103 13 motsvarande
387 965 29 16 !/2s0
421 965 66 13 avrikets
492 965 36 13 folk-

72 984 59 16 mängd.
147 984 51 13 Rikets
207 984 74 15 indelning
291 983 4 13 i
305 983 82 13 valkretsar
395 983 80 13 innehålles
484 983 5 13 i
498 983 31 13 val-

73 1002 47 15 lagen.
133 1002 43 16 Varje
183 1002 24 12 län
214 1003 43 14 utgör
264 1005 17 9 en
289 1001 69 16 valkrets,
365 1002 41 12 utom
415 999 78 18 Älvsborgs
500 1001 28 15 län,

72 1023 32 10 som
112 1021 17 11 är
135 1019 40 13 delat
182 1019 5 13 i
195 1023 8 10 2
211 1020 63 15 kretsar,
281 1019 73 16 varjämte
361 1019 64 16 följande
433 1019 49 13 städer
489 1018 40 13 bilda

72 1041 28 9 var
107 1037 21 13 sin
137 1037 70 13 valkrets:
217 1038 12 15 1)
238 1037 90 16 Stockholm,
337 1037 13 16 2)
359 1037 59 16 Malmö,
427 1037 102 15 Hälsingborg,

73 1055 95 13 Landskrona
179 1055 28 13 och
219 1055 47 16 Lund,
278 1055 13 16 3)
305 1055 78 16 Göteborg.
400 1055 29 13 Det
441 1055 41 13 antal
492 1055 37 12 riks-

73 1074 75 15 dagsmän,
157 1073 41 16 varje
207 1073 65 13 valkrets
281 1074 34 15 äger
323 1074 38 15 utse,
369 1073 79 13 fastställes
458 1073 22 12 för
488 1073 41 15 varje

73 1091 107 16 fyraårsperiod
189 1095 19 9 av
218 1091 81 16 Konungen
309 1091 24 16 (K.
343 1091 43 16 kung.
396 1091 51 12 härom
456 1090 17 16 2/s
483 1091 45 15 1940).

73 1109 58 13 Valrätt
141 1109 89 13 tillkommer
238 1113 46 9 envar
292 1109 53 13 svensk
353 1113 34 8 man
396 1109 27 13 och
431 1108 60 16 kvinna,
498 1112 31 9 som

73 1129 49 11 senast
131 1127 46 13 under
185 1127 120 16 nästföregående
311 1127 86 13 kalenderår
402 1126 34 17 fyllt
442 1130 17 12 23
467 1127 20 15 år,
492 1126 37 13 dock

73 1145 14 16 ej
92 1145 33 15 den,
132 1149 31 9 som
169 1145 32 13 står
206 1145 47 13 under
258 1145 121 16 förmynderskap
385 1145 35 12 eller
426 1146 16 11 är
448 1145 5 12 i
459 1145 70 12 konkurs-

74 1163 72 15 tillstånd,
151 1163 13 16 ej
172 1163 46 13 heller
225 1163 33 15 den,
267 1167 31 9 som
306 1164 17 11 är
329 1166 18 9 av
352 1163 74 12 allmänna
431 1162 97 16 fattigvården

73 1181 124 15 omhändertagen
202 1181 23 12 för
229 1181 68 15 varaktig
301 1180 92 16 försörjning.
401 1180 62 13 Valbara
467 1181 25 12 äro
496 1181 33 12 män

73 1199 27 13 och
111 1199 68 15 kvinnor,
188 1202 31 9 som
229 1199 65 16 uppnått
304 1202 16 12 25
331 1199 24 12 års
364 1198 41 13 ålder
414 1200 38 11 samt
463 1199 26 14 äga
499 1198 30 13 val-

75 1218 30 11 rätt
115 1217 40 12 inom
164 1217 83 12 valkretsen
257 1216 41 16 eller,
308 1217 26 12 där
343 1216 41 16 fråga
394 1217 17 12 är
420 1220 24 9 om
453 1216 39 15 stad,
498 1220 31 9 som

75 1234 50 13 består
134 1238 19 9 av
162 1234 36 13 flera
207 1234 88 16 valkretsar,
304 1234 39 13 inom
353 1234 47 16 någon
410 1238 19 9 av
438 1234 46 13 dessa.

92 1252 92 13 Gemensamt
193 1252 22 13 för
224 1252 39 13 båda
272 1252 85 13 kamrarnas
364 1252 81 13 ledamöter
451 1251 50 16 gäller,
507 1253 22 11 att

73 1270 203 16 riksdagsmannabefattning
288 1270 28 13 kan
327 1271 52 12 utövas
388 1270 51 13 endast
449 1273 19 10 av
476 1270 53 13 svensk

74 1288 98 16 medborgare.

92 1306 30 13 Till
134 1306 38 13 båda
186 1306 78 13 kamrarna
278 1306 25 13 ske
317 1306 42 13 valen
373 1306 33 13 med
418 1305 111 17 proportionellt

75 1324 60 13 valsätt.

92 1342 93 12 Beträffande
199 1342 98 15 ersättningen
312 1342 23 12 för
346 1341 183 16 riksdagsmannauppdra-

75 1361 31 14 gets
115 1359 91 16 fullgörande
215 1359 38 13 hava
262 1359 109 13 bestämmelser
380 1359 44 16 givits
433 1359 5 13 i
447 1363 18 9 en
475 1363 18 9 av
500 1359 29 13 Ko-

74 1381 57 12 nungen
141 1378 26 12 och
176 1377 77 16 riksdagen
263 1377 16 13 år
289 1381 33 12 1941
330 1377 64 13 samfällt
400 1377 67 13 beslutad
473 1377 55 15 stadga.

75 1394 130 14 Bestämmelserna
219 1396 24 12 äro
257 1394 5 13 i
275 1395 57 16 princip
346 1395 82 13 utformade
442 1395 20 15 så,
475 1396 23 11 att
507 1398 22 9 ar-

74 1413 37 12 vode
121 1413 43 15 utgår
177 1413 51 12 endast
242 1413 9 12 å
260 1413 43 15 tider,
316 1413 19 12 då
345 1413 53 15 frågor,
408 1416 31 9 som
449 1413 80 15 Konungen

74 1430 62 16 förelagt
145 1430 81 16 riksdagen,
241 1431 25 12 äro
280 1430 70 13 beroende
362 1431 19 15 på
390 1430 55 13 dennas
453 1430 76 16 prövning.

75 1448 28 13 Vid
112 1448 61 16 lagtima
184 1448 60 16 riksdag
253 1448 38 13 skall
301 1448 53 13 arvode
363 1448 37 13 dock
409 1448 36 15 utgå
454 1448 22 13 för
484 1448 45 13 minst

75 1466 32 17 fyra
116 1466 74 16 månader,
200 1466 16 13 så
225 1466 45 13 framt
279 1466 13 17 ej
301 1466 77 16 riksdagen
388 1466 99 13 dessförinnan
493 1470 36 12 upp-

541 375 41 13 löses.
607 375 64 13 Arvodet
685 375 46 13 under
746 375 61 16 lagtima
822 375 27 13 och
862 374 56 13 urtima
932 374 66 16 riksdags

541 393 65 13 faktiska
615 393 154 13 sammanträdestider
777 393 43 16 utgår
828 393 34 13 med
872 395 26 13 750
908 392 22 13 kr.
940 392 22 13 för
968 392 30 13 må-

541 411 30 13 nad
580 411 23 13 för
615 411 105 16 riksdagsman,
735 415 30 9 som
780 412 16 12 är
809 411 49 13 bosatt
871 410 5 13 i
885 410 112 16 riksdagsorten,

542 430 27 12 och
580 433 40 12 1,000
629 429 22 13 kr.
661 429 23 13 för
693 429 53 13 månad
755 429 23 13 för
787 432 48 9 annan
844 428 106 16 riksdagsman.
969 428 29 13 Vid

541 451 32 9 resa
583 447 24 12 till
620 447 26 13 och
660 447 31 13 från
705 447 77 15 riksdagen
795 447 26 12 vid
829 447 33 12 dess
871 447 52 15 början
932 446 27 13 och
969 446 29 12 slut

542 466 16 11 är
567 465 105 15 riksdagsman,
682 468 31 9 som
726 465 12 15 ej
749 466 17 11 är
774 465 49 12 bosatt
834 464 8 13 å
851 464 113 15 riksdagsorten,
974 464 24 12 be-

542 482 64 16 rättigad
620 482 24 13 till
656 482 82 16 ersättning
751 482 23 13 för
787 482 46 12 därav
843 481 75 13 föranledd
928 481 70 13 resekost-

542 501 33 12 nad.
594 500 76 17 Därjämte
684 501 34 15 äger
730 500 105 16 riksdagsman,
846 503 31 9 som
886 499 46 13 under
942 499 26 16 tid,
979 499 19 13 då

542 519 54 12 arvode
609 518 43 16 utgår
666 518 24 13 till
702 519 58 15 honom,
775 518 36 13 efter
824 517 64 17 beviljad
901 517 64 16 ledighet
974 517 24 13 be-

554 537 30 12 öker
593 536 80 16 hemorten,
683 536 59 16 åtnjuta
751 536 82 15 ersättning
842 536 23 12 för
871 536 45 12 därav
922 535 76 13 föranledd

542 554 98 15 resekostnad,
655 554 37 13 dock
706 554 42 15 högst
760 554 23 12 för
791 554 25 12 det
826 553 40 13 antal
876 557 40 9 resor
924 553 37 13 fram
971 553 27 13 och

543 572 35 15 åter,
588 575 31 10 som
628 573 82 12 motsvarar
719 575 17 9 en
746 575 27 9 var
781 571 74 13 femtonde
865 571 33 15 dag.

561 590 88 13 Kamrarnas
664 589 54 13 talmän
729 589 55 13 erhålla
793 589 46 13 under
848 589 27 16 tid,
885 589 19 13 då
913 588 53 13 arvode
976 588 24 13 till

542 608 33 12 dem
589 608 48 15 utgår,
651 607 174 16 representationsbidrag
838 607 34 13 med
887 610 40 12 1,000
941 607 21 12 kr.
976 606 23 13 för

543 626 58 15 månad,
615 625 38 13 dock
662 626 42 15 högst
713 626 34 12 med
757 629 40 12 5,000
807 625 22 13 kr.
838 625 46 13 under
893 626 22 11 ett
924 625 27 12 och
961 628 37 9 sam-

542 647 24 9 ma
575 643 89 13 kalenderår.

560 661 55 13 Genom
625 665 17 9 en
652 661 17 13 år
679 665 33 12 1941
723 661 73 16 företagen
807 660 63 16 ändring
878 660 5 13 i
890 661 6 15 $
903 664 17 12 30
926 659 72 16 riksdags-

542 680 80 15 ordningen
635 679 27 13 har
677 679 76 16 möjlighet
768 679 55 12 beretts
838 680 23 11 att
877 678 14 13 vid
917 678 33 16 krig
964 677 35 13 eller

543 697 70 16 krigsfara
623 697 80 16 uppskjuta
712 697 25 12 val
749 696 24 13 till
780 697 82 15 riksdagen,
871 696 16 13 såväl
921 696 24 12 till
953 696 46 12 första

543 719 30 9 som
583 715 45 13 andra
637 715 89 13 kammaren.
746 715 79 15 Konungen
838 715 27 12 och
874 714 76 15 riksdagen
960 714 39 12 hava

542 733 74 16 nämligen
634 733 87 15 berättigats
738 734 23 11 att
775 733 89 15 gemensamt
878 732 62 15 besluta,
956 732 23 12 att
994 731 5 13 i

542 751 65 13 nämnda
620 750 26 13 fall
659 750 24 13 val
697 750 23 13 till
733 751 77 15 riksdagen
824 750 43 15 skall,
880 754 24 9 om
918 749 24 13 det
951 749 48 13 finnes

543 769 115 16 oundgängligen
670 769 97 15 nödvändigt,
777 768 92 16 uppskjutas,
878 767 37 13 dock
925 768 42 15 högst
977 768 22 12 ett

543 787 16 13 år
568 794 18 2 —
595 786 63 13 beslutet
667 786 29 13 kan
705 786 82 13 emellertid
795 789 72 13 upprepas
877 792 18 3 —
903 785 33 13 från
943 785 24 12 det
974 788 25 9 va-

543 804 20 13 let
572 805 34 13 bort
615 806 26 14 äga
651 808 37 12 rum,
698 804 27 13 och
735 805 22 12 att
765 803 80 17 valperiod,
851 807 31 9 som
889 803 47 13 skolat
942 802 56 17 utlöpa,

543 822 72 16 förlänges
628 822 33 13 med
675 823 22 12 ett
709 822 20 12 år.
749 822 56 12 Härvid
814 821 23 13 må
847 821 49 13 tillika
905 821 93 15 bestämmas,

543 842 23 11 att
575 840 115 16 giltighetstiden
704 840 23 13 för
738 840 25 12 det
773 839 29 16 val,
811 843 31 9 som
852 840 33 15 äger
894 843 32 9 rum
936 839 4 12 i
949 838 50 13 stället

543 859 23 12 för
574 859 25 12 det
613 858 94 16 uppskjutna,
722 857 38 14 skall
773 858 72 12 förkortas
857 857 34 13 med
899 858 22 12 ett
931 856 21 13 år.
971 856 29 13 För

542 877 84 15 riksdagens
638 876 24 13 del
670 876 72 13 erfordras
751 875 81 13 emellertid
841 875 23 13 för
872 875 48 13 beslut
929 879 24 8 om
962 878 37 12 upp-

543 894 36 13 skov
593 898 19 9 av
625 894 24 13 val
663 894 26 13 och
703 893 91 16 förlängning
808 897 19 9 av
840 893 75 16 valperiod
927 892 45 13 minst
981 891 18 16 3/4

543 912 75 16 majoritet
632 912 4 12 i
650 912 61 13 vardera
725 912 88 12 kammaren.
832 911 28 13 Det
873 915 29 12 nya
912 910 87 16 stadgandet

544 934 23 9 om
577 930 92 16 förlängning
683 933 19 9 av
715 929 74 17 valperiod
803 929 57 13 medför
871 929 42 16 ingen
922 928 77 13 inskränk-

543 948 35 16 ning
587 948 5 12 i
602 948 87 15 Konungens
698 949 30 11 rätt
738 949 22 11 att
769 947 69 13 förordna
847 951 24 9 om
880 950 29 13 nya
919 946 28 13 val,

562 966 77 12 Allmänna
648 966 24 12 val
681 966 23 12 till
712 966 50 12 Andra
771 966 84 12 kammaren
864 965 54 13 skedde
926 965 49 12 senast
982 964 17 13 år

545 988 40 12 1940,
594 984 41 13 vilka
645 983 24 13 val
678 983 38 16 gälla
725 983 24 13 för
757 983 70 17 perioden
837 986 97 13 1941—1944-

664 1042 74 18 Första
752 1042 122 18 kammaren.

683 1085 115 17 Stockholms
809 1085 48 17 stad.

626 1120 125 21 (Mandattiden
764 1120 48 22 utgår
824 1120 19 17 år
857 1120 58 22 1945.)

545 1151 80 21 Hagman,
638 1151 44 16 Emil
696 1151 61 20 Oskar,
771 1150 86 22 Byråchef
864 1149 40 22 [88],
916 1151 12 16 f.
938 1151 27 19 80;
975 1151 22 16 38

568 1176 42 19 (adr.
624 1173 99 20 Ulvsunda).

545 1198 87 19 Wistrand,
645 1199 42 16 Karl
697 1199 92 19 Knutsson,
799 1199 23 16 fd.
833 1199 82 16 Direktör
924 1196 52 23 [976],
986 1199 11 15 f.

569 1223 28 18 89;
611 1223 21 16 38
645 1221 42 21 (adr.
701 1220 111 21 Stockholm).

545 1246 59 19 Ström,
617 1247 40 16 Otto
667 1247 77 19 Fredrik,
754 1246 124 16 Skriftställare
886 1244 53 23 [501],
949 1247 10 14 f.
969 1246 29 19 80;

569 1271 22 16 38
603 1269 44 21 (adr.
661 1269 99 20 Ulvsunda).

544 1294 76 19 Ewerlöf,
639 1295 47 15 Knut
704 1295 83 19 Gerhard,
801 1293 75 18 Statsråd
889 1292 41 22 [48],
944 1294 11 16 f.
969 1294 28 19 90;

569 1319 22 16 38
603 1317 42 21 (adr.
659 1317 112 20 Stockholm).

545 1342 81 19 Carlsson,
640 1343 46 18 Olof,
703 1343 23 15 fd.
743 1343 152 18 Förtroendeman,
909 1342 11 15 f.
934 1340 27 21 72;
976 1341 22 16 38

567 1364 43 21 (adr.
623 1364 114 21 Stockholm).

545 1389 57 19 Gärde,
608 1390 86 21 Johannes
703 1390 90 19 Natanael,
802 1390 24 15 fd.
833 1388 98 22 Justitieråd
940 1387 28 22 [72
976 1386 21 22 al,

569 1414 11 16 f.
594 1414 27 19 80;
636 1414 21 16 38
670 1412 42 21 (adr.
726 1411 111 21 Stockholm).

545 1437 84 21 Branting,
648 1437 63 21 Georg,
728 1438 15 20 J.
763 1438 27 19 K.,
811 1437 84 19 Advokat,
909 1437 11 15 f.
934 1435 27 20 87;
976 1436 22 16 38

568 1460 43 21 (adr.
624 1459 113 22 Stockholm).

520 1509 34 16 192
