1103 1611
533 73 107 22 Riksdagen.

290 168 48 34 V.
366 167 233 41 Riksdagen,
626 166 91 33 dess
744 163 268 36 Ombudsmän

481 218 69 34 och
579 216 120 34 Verk.

291 300 133 27 Riksdagen.

150 340 66 16 Lagtima
229 340 57 15 riksdag
299 340 41 13 skall,
351 339 4 12 i
363 339 40 13 kraft
415 342 18 9 av
445 338 45 13 rikets
501 337 80 16 regerings-

132 358 42 13 form,
186 360 109 10 sammanträda
305 356 41 16 varje
355 357 15 12 år
380 356 27 13 den
418 359 15 9 10
442 355 58 16 januari
507 355 39 13 eller,
556 358 23 9 om

133 375 60 15 helgdag
203 375 17 12 då
228 374 73 14 inträffar,
311 374 45 15 dagen
366 373 68 13 därefter.

152 392 47 12 Första
212 392 84 12 kammarens
309 391 70 12 ledamöter
392 391 24 12 äro
430 393 25 12 150
467 389 26 13 och
505 388 46 16 väljas
560 388 20 13 för

132 409 32 12 åtta
176 409 15 12 år
204 408 63 13 räknade
277 408 31 13 från
317 408 26 12 och
352 407 32 13 med
393 407 58 16 januari
459 406 60 13 månads
528 405 51 16 början

132 426 31 13 året
172 426 32 13 näst
212 426 37 12 efter
258 425 28 15 det,
296 425 44 13 under
350 425 45 13 vilket
404 425 38 12 valet
451 424 43 14 skett,
504 427 17 9 av
534 422 47 13 lands-

133 444 57 15 tingens
198 443 79 13 ledamöter
286 443 26 12 och
320 442 58 13 särskilt
388 441 60 13 utsedda
457 441 72 13 elektorer
536 440 20 13 för
562 439 18 13 de

133 461 53 14 städer,
195 464 30 9 som
235 465 13 11 ej
259 460 56 16 deltaga
326 464 3 8 i
340 460 76 14 landsting.
430 459 27 12 För
465 459 24 12 val
498 458 23 13 till
530 458 50 12 Första

133 478 84 12 kammaren
231 478 15 12 är
260 477 37 13 riket
310 476 55 13 indelat
375 477 3 12 i
388 476 85 13 valkretsar.
491 475 89 13 Stockholms

133 494 32 14 stad
172 495 27 13 och
208 495 80 14 Göteborgs
297 494 32 13 stad
339 496 49 14 utgöra
396 498 25 8 var
431 493 21 13 för
458 494 21 15 sig
488 497 17 8 en
512 492 68 13 valkrets.
588 496 1 5 |

421 512 43 15 sting,
470 511 49 12 tillhör
525 513 55 9 samma
588 508 2 9 |

134 513 52 12 Annan
196 512 38 15 stad,
243 516 30 9 som
282 512 12 15 ej
304 512 65 15 deltager
376 512 3 12 i
386 512 3 12 1

133 530 64 12 valkrets
210 533 30 9 som
252 529 24 13 det
286 528 144 17 landstingsområde,
439 528 32 12 vari
481 527 50 13 staden
542 527 38 12 förut

132 547 53 16 ingått.
204 547 40 12 Flera
257 545 150 17 landstingsområden
418 546 49 12 kunna
476 544 105 14 sammanföras

134 569 3 7 i
147 568 17 8 en
178 564 69 12 valkrets;
261 567 32 9 men
308 564 13 15 ej
335 564 22 12 må
371 562 139 16 landstingsområde
524 561 40 13 delas
576 561 4 13 i

133 580 47 12 skilda
193 580 61 12 kretsar.
272 580 95 15 Indelningen
380 584 3 8 i
396 580 80 11 valkretsar
488 578 92 13 innehålles
569 574 14 25 i

133 597 72 15 vallagen.
224 597 26 12 För
264 596 39 16 varje
318 597 62 11 valkrets
393 596 46 15 väljes
452 596 35 12 efter
499 594 82 16 folkmängd

133 618 17 8 en
159 614 97 14 riksdagsman
267 613 19 12 för
296 614 31 11 vart
336 613 32 12 fullt
378 613 23 14 tal,
411 612 100 13 motsvarande
523 612 28 14 /:so
563 610 28 13 av
578 606 15 28 |

133 631 44 12 rikets
187 630 82 15 folkmängd.
287 630 101 12 Valkretsarna
398 629 54 13 indelas
461 630 4 12 i
474 630 32 12 åtta
515 632 67 12 grupper,

134 648 48 12 vilken
192 647 75 16 indelning
276 647 77 12 fastställes
363 647 4 12 i
376 647 71 15 vallagen.
462 647 85 12 Kammaren
555 646 27 12 för-

134 669 36 11 nyas
183 665 31 12 med
224 668 17 9 en
251 664 66 13 åttondel
326 664 29 16 varje
372 664 19 12 år.
409 664 28 12 Det
444 664 39 12 antal
490 663 17 12 de
513 662 69 13 särskilda

135 682 96 12 valkretsarna
240 681 40 12 skola
290 683 30 10 utse
333 681 85 12 bestämmes
427 681 45 15 enligt
481 679 101 13 ovannämnda

134 702 40 9 norm
189 702 18 8 av
222 698 79 15 Konungen
317 699 32 11 vart
365 701 30 9 10:e
410 698 15 12 år
441 697 24 14 (K.
481 697 43 15 kung.
533 696 49 12 härom

134 715 17 16 8/5
162 716 45 15 1914).
221 715 70 13 Ledamot
300 718 19 9 av
330 714 49 13 Första
388 714 89 14 kammaren,
486 717 31 9 som
526 713 31 12 icke
567 713 15 12 är

134 732 49 13 bosatt
193 732 7 12 å
210 733 27 14 ort,
248 732 26 12 där
283 732 57 15 riksdag
347 732 58 13 hålles,
420 732 48 15 åtnjuter
474 735 18 8 av
498 729 84 14 statsmedel

134 749 94 12 resekostnad
241 748 22 13 till
276 749 26 12 och
311 749 31 12 från
353 748 75 16 riksdagen
438 749 38 12 samt
486 748 3 12 i
499 748 83 15 dagtrakta-

134 768 49 10 mente
198 769 15 11 32
226 766 27 13 kr.,
265 766 45 12 vilket
319 765 127 16 dagtraktamente
454 765 13 16 ej
477 764 21 13 får
510 763 72 16 överstiga

135 783 95 15 sammanlagt
243 785 40 13 4,500
296 783 21 12 kr.
334 783 52 12 Annan
397 782 64 13 ledamot
471 786 18 8 av
498 782 84 12 kammaren

136 800 52 13 undfår
195 800 4 12 i
206 800 126 14 dagtraktamente
340 803 15 12 24
362 800 21 13 kr.
396 799 35 13 dock
438 799 95 15 sammanlagt
541 798 41 16 högst

136 821 39 12 3,400
185 817 21 12 kr.
220 816 75 16 Därjämte
305 820 32 12 äger
346 817 103 14 riksdagsman,
458 820 31 9 som
500 816 45 12 under
554 816 27 15 lag-

135 834 36 13 tima
180 834 56 15 riksdag
245 834 36 12 efter
292 833 62 16 beviljad
364 834 62 15 ledighet
437 834 58 12 besöker
502 833 78 12 hemorten,

135 854 22 10 att
167 855 18 8 av
194 851 84 12 statsmedel
287 851 45 12 undfå
341 853 80 14 ersättning
429 851 21 12 för
456 850 44 13 därav
507 849 75 13 föranledd

134 868 98 14 resekostnad,
247 868 35 13 dock
297 868 21 12 för
332 868 40 16 högst
387 871 7 9 2
407 872 39 9 resor
458 867 37 14 fram
508 867 26 13 och
546 867 37 12 åter.

136 886 61 12 Valbara
211 886 25 12 äro
249 886 32 11 män
295 886 27 12 och
333 885 63 13 kvinnor,
411 889 30 8 som
453 885 32 15 fyllt
497 888 15 12 35
522 885 15 11 år
545 885 37 11 samt

135 903 26 15 äga
175 902 26 13 och
212 903 43 12 minst
266 906 6 12 3
280 903 15 12 år
303 902 30 13 före
341 903 39 12 valet
391 903 22 15 ägt
422 902 71 15 fastighet,
504 903 78 13 taxerings-

136 919 69 13 värderad
219 920 22 12 till
252 920 87 12 åtminstone
350 923 48 12 50.000
407 919 21 13 kr.,
442 919 34 12 eller
485 919 45 13 under
538 918 44 16 sagda

136 936 21 13 tid
166 937 22 12 till
196 938 47 11 staten
252 937 56 12 skattat
316 937 20 12 för
342 937 61 12 inkomst
410 940 18 9 av
433 936 43 13 minst
482 940 39 10 3,000
526 936 56 12 kronor.

154 954 47 12 Andra
212 954 84 12 kammarens
305 954 71 12 ledamöter
385 954 25 12 äro
419 957 29 11 230,
460 953 41 12 valda
512 954 19 11 för
537 956 17 9 en
562 953 20 12 tid

135 975 19 8 av
162 971 32 15 fyra
202 971 21 14 år,
232 970 63 13 räknade
304 970 30 13 från
344 971 27 13 och
377 971 32 12 med
419 970 56 16 januari
484 969 61 14 månads

134 988 25 16 jan
169 988 32 12 året
210 988 32 12 näst
251 988 38 13 efter
298 988 29 14 det,
337 988 45 12 under
392 988 46 12 vilket
448 988 39 12 valet
496 988 43 12 skett.

135 1005 40 13 dessa
184 1006 22 11 val
214 1009 15 8 är
234 1005 36 13 riket
278 1005 53 12 indelat
341 1009 3 8 i
351 1005 82 13 valkretsar,
441 1008 29 9 som
478 1005 37 15 välja
526 1005 43 11 minst
575 1008 7 11 3

135 1022 97 15 riksdagsmän
242 1026 31 8 var.
282 1022 41 16 Varje
334 1022 62 12 valkrets
404 1022 34 12 skall
447 1022 40 12 alltså
496 1022 17 11 ha
522 1025 17 8 en
548 1021 34 12 folk-

136 1039 51 14 mängd
201 1043 29 8 som
239 1039 3 12 i
251 1039 37 15 regel
296 1039 40 13 utgör
349 1039 29 15 3/3)
392 1042 17 9 av
422 1039 43 12 rikets
478 1038 104 12 invånarantal.

136 1056 109 13 Valkretsarnas
258 1056 40 12 antal
312 1060 15 8 är
341 1056 20 12 28.
380 1056 43 15 Varje
434 1056 23 12 län
470 1056 41 15 utgör
523 1059 17 8 en
553 1055 29 12 val-

136 1073 31 13 krets,
194 1075 40 11 utom
249 1071 78 16 Älvsborgs
340 1073 29 14 län,
377 1077 31 8 som
418 1077 15 8 är
442 1072 39 13 delat
491 1073 4 12 i
506 1076 5 8 2
522 1072 61 15 kretsar,

136 1090 71 16 varjämte
221 1090 63 16 följande
298 1090 48 12 städer
360 1090 39 12 bilda
412 1094 26 8 var
451 1090 21 12 sin
486 1090 72 12 valkrets:
569 1090 12 14 1)

135 1107 83 13 Stockholm,
238 1108 13 15 2)
266 1107 57 15 Malmö,
338 1107 101 16 Hälsingborg,
452 1106 94 13 Landskrona
556 1107 26 12 och

137 1124 46 16 Lund,
193 1126 12 14 3)
215 1124 78 16 Göteborg.
308 1125 26 12 Det
344 1125 38 12 antal
392 1125 97 14 riksdagsmän,
505 1127 38 12 varje
554 1124 29 12 val-

136 1142 37 12 krets
188 1146 32 11 äger
234 1144 32 10 utse.
282 1142 76 12 tastställes
370 1141 21 13 för
400 1141 39 16 varje
450 1140 104 17 fyraårsperiod
565 1145 18 8 av

137 1159 78 14 Konungen

154 1175 48 13 Andra
213 1176 89 12 kammarens
312 1175 77 12 ledamöter
400 1175 57 15 åtnjuta
468 1178 53 9 samma
532 1174 51 13 ersätt-

135 1193 34 15 ning
184 1196 29 9 som
228 1193 49 12 Första
292 1192 93 12 kammarens,
398 1199 15 1 —
428 1192 54 12 Valrätt
497 1192 85 12 tillkommer

135 1213 44 9 envar
188 1209 50 13 svensk
248 1213 31 9 man
290 1210 26 12 och
325 1209 61 15 kvinna,
395 1212 30 9 som
434 1209 48 12 senast
492 1208 45 13 under
545 1208 38 13 näst-

135 1226 84 17 föregående
233 1226 84 13 kalenderår
331 1227 31 15 fyllt
378 1230 15 12 23
406 1227 20 13 år,
438 1226 36 12 dock
486 1229 13 12 ej
509 1226 32 12 den.
552 1229 31 9 som

135 1244 30 12 står
179 1244 45 12 under
237 1243 121 16 förmynderskap
366 1243 33 12 eller
409 1244 15 11 är
433 1243 4 12 i
447 1242 134 14 konkurstillstånd,

134 1260 13 16 ej
162 1260 44 13 heller
219 1260 32 14 den,
266 1264 30 9 som
308 1261 16 11 är
334 1264 17 9 av
361 1260 74 13 allmänna
444 1260 99 16 fattigvården
553 1263 30 9 om-

136 1277 97 16 händertagen
243 1277 21 13 för
273 1278 68 15 varaktig
349 1277 90 16 försörjning,
449 1277 34 12 eller
491 1277 92 16 värnpliktig,

135 1299 31 8 som
179 1295 30 12 icke
224 1295 64 15 fullgjort
301 1295 17 12 de
333 1296 52 12 honom
400 1297 10 10 t.
423 1299 13 8 o.
448 1298 14 9 m
478 1295 72 15 utgången
565 1298 18 8 av

134 1312 98 13 sistförflutna
241 1312 99 12 kalenderåret
346 1312 74 15 åliggande
426 1312 157 15 värapliktsövningar,

135 1330 34 12 eller
182 1329 32 15 den,
229 1333 30 9 som
272 1330 15 12 är
299 1330 32 12 från
340 1330 73 12 valrätten
424 1329 72 12 utesluten
509 1329 17 16 på
536 1328 46 16 grund

135 1351 18 8 av
163 1346 53 13 honom
226 1346 52 13 ådömd
287 1346 105 16 straffpåföljd.
410 1346 62 13 Valbara
481 1346 25 13 äro
515 1346 32 13 män
557 1346 25 12 och

135 1364 68 15 kvinnor,
217 1367 29 9 som
261 1364 25 14 äga
301 1364 52 12 valrätt
367 1364 38 12 inom
419 1364 79 12 valkretsen
512 1364 36 12 eller,
557 1363 25 12 där

135 1382 39 14 fråga
184 1382 15 11 är
209 1384 24 9 om
243 1382 36 12 stad,
285 1385 30 8 som
326 1381 47 12 består
383 1384 18 9 av
412 1381 34 12 flera
448 1376 91 25 valkretsar,
544 1380 36 13 inom
591 1381 2 8 |

136 1398 45 15 någon
192 1402 18 8 av
220 1398 44 13 dessa.

153 1415 27 13 Till
194 1415 37 13 båda
246 1416 76 12 kamrarna
336 1415 24 12 ske
374 1415 41 12 valen
429 1414 32 13 med
475 1414 105 16 proportionell:

136 1433 59 12 valsätt.

152 1449 76 13 Allmänna
238 1450 22 11 val
270 1449 22 12 till
302 1448 48 13 Andra
360 1449 82 12 kammaren

137 1469 36 12 1921,
184 1466 37 12 vilka
235 1466 23 12 val
272 1467 36 15 gälla
320 1466 21 12 för
350 1465 84 13 återstoden
445 1474 6 4 a

135 1487 58 12 —1924.

464 1448 40 13 kedde
513 1449 49 12 senast
568 1449 15 12 år

472 1465 67 16 perioden
550 1468 31 13 1921

727 297 67 17 Första
807 297 114 17 kammaren.

732 344 115 19 Stockholms
861 344 48 19 stad.

597 387 81 18 Klefbeck,
694 387 51 15 Ernst
758 387 64 18 Alarik,
836 387 79 19 Kyrkoh.
928 388 51 18 [713],
995 387 10 15 f.
1018 386 28 19 66;

619 409 22 15 21
654 410 41 19 (adr.
708 410 114 19 Stockholm).

598 434 71 17 Trygger,
683 433 56 17 Ernst,
752 433 23 15 fd.
788 433 103 18 Justitieråd
904 434 52 18 [930],
968 433 11 15 f.
988 431 28 19 57;
1024 431 22 16 21

621 456 42 17 (adr.
676 456 115 18 Stockholm).

588 488 1 6 |
598 478 68 19 Lindley,
674 478 69 15 Charles
751 474 66 28 Gustaf,
822 478 29 15 Sv.
856 478 190 19 transportarbetarför-

621 502 75 15 bundets
716 502 147 17 förtroendeman,
883 501 12 15 f.
915 500 27 19 65;
961 499 22 17 21
1003 501 43 18 (adr.

620 524 114 19 Stockholm).

598 547 62 18 Clason,
678 547 76 16 Samuel,
773 546 130 15 Riksarkivarie
923 548 52 17 [121],
993 547 11 14 f.
1019 544 28 20 67;

620 568 21 15 21
655 570 43 16 (adr.
711 568 113 21 Stockholm).

600 591 81 17 Berglund,
700 591 32 18 Jan
751 591 47 16 Erik,
818 591 69 16 Kassör,
905 591 12 14 f.
929 588 28 19 64;
969 589 22 15 21
1004 590 42 19 (adr.

623 613 93 18 Enskede).

599 636 79 18 Stendahl,
690 636 48 17 Sten,
757 636 112 14 Grosshandl.
887 636 52 18 [950],

622 659 42 18 (adr.
678 658 116 19 Stockholm).

599 681 84 17 Thorberg,
701 680 56 18 Johan
776 680 55 15 Arvid
846 680 83 18 Justinus,
942 679 105 19 Landsorga-

590 710 1 6 |
622 703 109 15 nisationens
743 703 43 15 ordf.
796 704 40 17 [90],
849 703 11 14 f.
868 701 28 18 77;
905 701 22 16 21
937 702 41 19 (adr.
988 702 60 15 Stock-

623 726 58 17 holm).

590 749 1 16 |
600 748 115 17 Hederstierna,
727 747 38 15 Carl
779 747 72 15 Fredrik
862 747 87 15 Wilhelm,
958 745 89 16 Överståt-

622 771 65 14 hållare
700 771 52 17 [474],
765 770 11 14 f.
789 768 27 18 61;
828 768 19 15 21
863 769 42 18 (adr.
918 769 114 19 Stockholm).

600 793 51 18 Wahl,
664 793 62 15 Gustaf
738 792 57 17 Adolf,
809 792 86 17 Direktör,
908 792 11 14 f.
931 790 27 19 78;
971 790 20 16 21
1006 792 42 19 (adr.

622 816 116 17 Stockholm).

590 841 1 17 |
599 838 59 18 Lamm,
677 838 77 15 Herman
773 837 78 17 Fredrik,
867 837 116 17 Grosshandl.,
996 837 11 14 f.
1021 835 27 19 53;

590 862 1 10 |
621 859 22 16 21
655 861 42 17 (adr.
710 860 114 17 Stockholm).

590 881 1 23 |
601 887 30 11 von
649 883 61 18 Sydow,
728 883 51 14 Adolf
793 883 85 18 Hjalmar,
891 882 40 15 Led,
945 887 22 9 av
979 881 69 16 Arbets-

623 906 48 15 rådet
685 907 40 18 [89],
738 906 11 14 f.
762 904 27 17 62:
801 904 20 15 21
834 904 42 21 (adr.
890 905 115 18 Stockholm).

600 929 44 16 Fehr,
658 929 63 15 Martin
734 928 89 17 Nikolaus,
838 928 87 15 Professor
937 928 52 20 [820],
1000 928 11 14 f.
1020 925 27 17 85;

622 951 22 15 23
656 952 43 18 (adr.
712 951 114 19 Stockholm).

958 635 11 14 f.

602 1016 118 25 [143—144]

640 1054 115 19 Stockholms
770 1054 33 18 län
818 1054 32 18 och
870 1054 86 23 Uppsala
971 1053 38 19 län.

602 1091 58 18 Möller,
673 1091 47 15 Fritz
739 1091 72 17 Gustav,
827 1091 90 15 Redaktör
932 1092 51 18 [194],
996 1091 10 14 f.
1019 1089 28 18 84;

622 1113 22 15 22
657 1114 42 18 (adr.
712 1114 117 19 Stockholm).

600 1137 105 18 Lagerbjelke,
723 1137 56 18 Johan
798 1136 67 18 Gustaf,
884 1136 61 18 Greve,
961 1136 88 19 Byråchef

623 1161 51 18 [139],
686 1160 11 14 f.
710 1158 27 18 60;
750 1158 22 15 22
784 1159 42 19 (adr.
840 1157 71 20 Älvsjö).

601 1183 53 17 Berge,
673 1182 38 15 Nils
729 1182 56 17 Adolf,
804 1181 142 16 Folkskollärare,
959 1181 11 15 f.
987 1179 27 19 69;
1026 1180 22 16 22

623 1205 41 18 (adr.
679 1204 104 19 Hagalund).

601 1228 115 17 Reuterskiöld,
734 1227 38 15 Carl
785 1227 69 18 Ludvig
868 1226 65 19 August
947 1226 50 17 Axel,
1010 1226 39 15 Pro-

624 1251 53 14 fessor
689 1251 51 17 [7161],
753 1250 11 14 f.
777 1248 27 17 70;
816 1247 22 16 22
851 1249 42 17 (adr.
906 1249 90 18 Uppsala).

600 1273 68 18 Ekman,
681 1273 37 14 Carl
731 1272 68 17 Gustaf,
813 1272 90 15 Redaktör
916 1273 39 18 [102
962 1273 22 18 a],
998 1272 10 14 f.
1020 1269 28 20 72;

622 1294 22 16 22
657 1296 42 18 (adr.
713 1294 115 21 Stockholm).

601 1318 91 17 Vahlmark,
710 1318 38 15 Carl
767 1318 73 17 Primus,
858 1317 93 19 Typograf,
963 1317 12 15 f.
988 1315 28 19 83;

591 1345 1 11 |
623 1341 42 18 (adr.
679 1341 90 19 Uppsala).

602 1364 132 17 Hammarskjöld,
745 1363 48 15 Knut
803 1362 79 18 Hjalmar
891 1362 84 16 Leonard,
985 1362 64 15 Lands-

624 1387 76 18 hövding
712 1387 50 20 [476],
776 1386 10 15 f.
799 1384 27 18 62;
838 1384 23 15 22
873 1385 42 18 (adr.
929 1385 85 18 Uppsala)

601 1409 49 18 Julin,
669 1409 55 18 Johan
741 1409 80 19 Hjalmar
835 1408 76 17 Teodor,
924 1408 72 15 Notarie
1009 1408 41 18 [97],

624 1433 11 14 f.
647 1431 26 16 80:
687 1430 22 16 22
722 1432 41 17 (adr.
777 1431 113 18 Stockholm).

625 1455 33 18 rell,
677 1455 42 14 Karl
737 1455 62 14 Gustaf
816 1454 86 17 Theodor,
916 1454 70 14 Hhövd.
999 1454 51 18 [216],

624 1477 11 15 f.
648 1475 27 20 69;
686 1476 23 15 22
721 1477 43 19 (adr.
777 1477 180 18 Saltsjö-Storängen).

1027 1316 22 9 929

592 1443 1 17 |
602 1455 19 15 Bo

573 1526 30 14 142
