1068 1592
63 269 51 41 [160]
225 275 30 24 V.
274 274 244 25 RIKSDAGEN
537 274 23 25 O

496 73 101 21 Riksdagen

565 274 54 25 CH
637 274 97 25 DESS
750 274 109 24 VERK

484 349 119 25 Riksdagen

272 397 84 19 (Postadr.
366 397 137 18 Riksdagshuset,
513 397 99 15 Stockholm
621 397 26 15 46.
656 397 34 15 Tel.
700 396 51 20 08/22
758 396 19 15 95
784 396 27 19 60)

81 454 138 16 Regeringsformen
229 455 14 15 $$
250 454 47 13 49-50
304 455 33 13 med
344 458 51 9 senare
401 454 42 13 ändr.
454 454 155 16 Riksdagsordningen
617 454 28 13 den
652 446 22 21 22
673 442 34 34 juni
716 454 34 13 1866
757 454 34 13 med
797 457 51 10 senare
855 454 42 12 ändr.
904 453 30 16 Lag
941 457 25 9 om
973 453 23 13 val
1003 453 23 13 till

62 475 78 15 riksdagen
148 476 28 12 den
183 475 17 12 26
207 479 34 9 nov.
251 475 35 12 1920
293 475 33 13 med
333 479 51 8 senare
390 476 42 11 ändr.
440 475 125 15 Riksdagsstadga
573 475 28 12 den
608 475 17 12 23
633 478 38 9 mars
680 475 34 12 1949
722 475 33 12 med
762 478 51 9 senare
820 475 41 12 ändr.
867 474 129 15 Ordningsstadga
1004 474 23 13 för

62 495 86 16 riksdagens
155 495 46 13 första
208 496 76 12 kammare
291 495 35 16 (den
333 495 8 13 6
348 495 37 16 april
394 495 41 15 1949)
442 495 29 13 och
477 495 47 13 andra
531 495 75 13 kammare
613 495 35 15 (den
655 495 17 13 27
680 495 37 15 april
726 495 41 15 1949)
774 495 34 12 med
814 498 51 10 senare
872 495 42 13 ändr.

83 549 83 15 Riksdagen
178 549 36 13 skall
222 549 111 13 sammanträda
343 549 38 15 varje
388 548 16 14 år
410 549 28 13 den
447 548 17 13 10
469 548 57 16 januari

64 567 39 15 eller,
111 571 24 9 om
143 567 61 15 helgdag
210 566 18 14 då
237 567 70 15 inträffar,
315 567 47 15 dagen
367 567 67 12 därefter.
442 567 84 15 Riksdagen

63 585 36 12 skall
113 588 34 9 vara
156 585 66 12 avslutad
233 585 28 12 den
272 585 16 12 31
300 585 81 12 december.
395 584 84 16 Riksdagen
489 588 37 9 sam-

62 602 87 13 manträder
156 602 22 13 till
185 602 80 13 vårsession
274 603 28 12 och
310 602 78 13 höstsession;
422 602 15 13 vid
443 602 49 13 behov
496 602 30 13 kan

63 620 75 13 anordnas
150 623 39 10 extra
202 621 59 12 session.
276 620 105 13 Vårsessionen
390 620 37 13 skall
429 616 7 26 i
447 620 37 16 regel
492 624 34 9 vara

64 638 66 13 avslutad
138 638 28 13 den
173 638 15 13 31
198 638 33 16 maj.

82 657 50 12 Första
142 657 91 12 kammarens
243 656 77 12 ledamöter
330 657 16 11 är
358 656 26 12 150
398 656 35 13 eller
445 656 25 13 det
481 656 45 15 högre

64 674 20 13 tal
97 678 33 9 som
143 674 85 13 föranledes
240 677 18 9 av
271 674 89 15 stadgandet
372 674 3 12 i
388 673 21 16 6$
423 674 5 12 1
439 677 14 9 o.
463 674 9 12 4
481 677 45 9 mom.

63 691 151 16 riksdagsordningen
225 691 35 16 (f.n.
272 692 38 15 151).
321 692 23 12 De
354 691 35 16 väljs
400 692 22 12 för
429 691 30 13 åtta
467 691 20 16 år,
494 692 32 12 räk-

64 710 38 12 nade
112 710 17 13 fr.
136 714 13 9 o.
156 714 20 9 m.
185 709 57 16 januari
253 709 61 13 månads
322 709 51 16 början
381 709 30 13 året
419 710 32 12 näst
459 709 36 13 efter
502 709 24 13 det

64 728 46 12 under
133 728 35 12 vilket
182 728 36 12 valet
228 728 43 15 skett,
286 731 17 9 av
314 728 91 15 landstingen
415 727 28 13 och
453 727 73 13 stadsfull-

64 745 64 16 mäktige
138 745 4 13 i
152 746 18 12 de
180 746 49 12 städer
238 749 33 9 som
280 745 13 16 ej
303 745 46 13 deltar
359 745 4 13 i
372 745 78 15 landsting.
466 745 28 13 För
504 745 22 12 val

64 763 20 13 till
98 763 46 13 första
157 763 85 13 kammaren
254 764 17 12 är
284 763 36 13 riket
332 763 54 13 indelat
398 763 4 13 i
417 763 15 13 19
442 763 83 13 valkretsar.

63 781 95 13 Stockholms
170 782 32 12 stad
215 781 28 13 och
252 781 85 15 Göteborgs
345 781 32 13 stad
387 783 42 11 utgör
438 785 25 8 var
473 781 5 12 för
505 781 21 15 sig

63 803 18 8 en
93 799 67 13 valkrets.
173 799 54 13 Annan
239 799 32 13 stad
283 803 32 9 som
324 799 12 15 ej
346 799 46 12 deltar
402 799 4 12 i
416 798 73 16 landsting
499 799 27 12 till-

62 817 28 12 hör
103 820 57 10 samma
175 817 62 13 valkrets
251 821 32 8 som
296 817 24 12 det
334 816 148 16 landstingsområde,
496 816 29 13 vari

62 834 52 13 staden
127 835 40 12 förut
179 835 49 15 ingått.
240 835 94 13 Indelningen
344 835 4 12 i
360 834 79 13 valkretsar
449 835 62 15 regleras
522 834 5 13 i

64 852 69 16 vallagen.
143 853 28 12 För
178 853 38 15 varje
223 853 63 12 valkrets
292 852 35 16 väljs
332 853 36 12 efter
374 852 105 15 folkmängden
485 852 41 13 inom

63 870 33 13 dess
105 870 61 13 område
176 874 17 9 en
204 870 100 16 riksdagsman
316 870 23 13 för
349 872 31 11 vart
390 870 32 13 fullt
431 870 25 15 tal,
463 872 63 11 motsva-

63 888 46 13 rande
120 887 31 16 !/1so
162 892 17 9 av
190 888 44 13 rikets
244 888 92 16 folkmängd,
343 888 39 13 dock
384 883 37 27 med
430 888 97 15 iakttagande

62 910 19 9 av
92 906 18 13 de
122 906 72 13 särskilda
205 906 66 15 reglerna
281 906 4 13 i
292 906 9 13 6
307 906 7 15 $
321 906 150 15 riksdagsordningen
479 906 48 15 (»fyll-

62 924 108 16 nadsregeln»).
179 924 102 13 Valkretsarna
292 924 55 13 indelas
355 924 4 13 i
367 924 29 13 åtta
404 928 67 11 grupper,
479 924 47 13 vilken

63 942 75 15 indelning
149 942 77 13 fastställes
236 942 3 12 i
250 942 70 15 vallagen.
330 942 43 15 Varje
383 941 15 14 år
410 942 45 13 under
464 942 63 13 oktober

63 960 37 12 skall
110 960 41 13 inom
160 963 18 9 en
186 964 17 9 av
210 960 65 13 nämnda
282 964 64 11 grupper
352 960 69 13 förrättas
428 960 23 12 val
458 960 23 12 för
488 960 38 12 näst-

63 977 66 16 följande
139 977 111 16 åttaårsperiod.
264 978 63 13 Valbara
337 978 16 12 är
363 977 4 13 i
377 978 114 12 kommunernas
501 978 25 12 all-

65 996 54 12 männa
127 996 120 15 angelägenheter
255 996 120 15 röstberättigade
383 996 33 12 män
423 995 29 13 och
459 996 67 15 kvinnor,

64 1017 33 9 som
104 1013 63 16 uppnått
175 1013 16 13 23
200 1013 23 13 års
230 1013 44 13 ålder.

82 1031 49 13 Andra
140 1031 91 13 kammarens
240 1031 78 13 ledamöter
327 1032 16 11 är
350 1031 27 13 230
383 1031 35 13 eller
424 1031 24 13 det
456 1031 44 15 högre
506 1031 20 13 tal

63 1053 33 9 som
107 1049 82 13 föranledes
199 1053 18 9 av
227 1049 87 15 stadgandet
324 1049 4 13 i
341 1049 15 13 15
366 1049 6 15 $
382 1049 7 13 3
398 1053 13 9 o.
420 1049 9 13 4
438 1053 45 9 mom.
492 1049 35 13 riks-

65 1067 118 15 dagsordningen
194 1067 37 15 (f.n.
242 1067 38 16 233).
291 1067 24 13 De
323 1067 36 15 väljs
366 1067 23 12 för
396 1067 31 15 fyra
434 1067 20 15 år,
462 1067 65 13 räknade

63 1084 65 14 fr.o.m,
137 1085 57 15 januari
204 1085 61 13 månads
272 1085 52 15 början
331 1084 29 13 året
369 1085 31 13 näst
407 1085 36 12 efter
450 1085 24 13 det
481 1085 46 13 under

63 1102 45 13 vilket
118 1103 37 12 valet
165 1103 42 13 skett.
219 1103 28 12 För
257 1103 22 12 val
290 1102 21 13 till
321 1103 47 13 andra
375 1103 86 13 kammaren
468 1103 16 12 är
491 1103 36 12 riket

64 1120 55 13 indelat
127 1120 4 13 i
138 1120 17 13 28
163 1120 83 13 valkretsar.
255 1121 28 12 För
290 1120 39 16 varje
336 1121 62 12 valkrets
405 1121 35 15 väljs
447 1121 36 12 efter
488 1120 38 13 folk-

63 1139 74 15 mängden
144 1138 40 13 inom
191 1138 32 13 dess
230 1138 61 13 område
298 1142 18 9 en
323 1138 100 16 riksdagsman
429 1139 23 12 för
458 1141 30 10 vart
494 1138 33 13 fullt

63 1156 25 14 tal,
101 1156 104 13 motsvarande
217 1156 31 16 !/;,,
261 1160 18 9 av
289 1157 44 12 rikets
343 1156 91 16 folkmängd,
444 1157 39 13 dock
492 1156 34 13 med

61 1174 98 16 iakttagande
169 1178 18 9 av
197 1174 19 13 de
223 1174 73 13 särskilda
303 1174 66 16 reglerna
376 1174 4 13 i
389 1174 15 13 15
411 1174 7 15 $
425 1174 101 16 riksdagsord-

62 1192 54 15 ningen
123 1192 150 16 (»fyllnadsregeln»).
281 1192 96 16 Indelningen
386 1192 3 13 i
396 1192 79 13 valkretsar
482 1192 44 16 regle-

62 1213 24 10 ras
96 1209 5 13 i
111 1210 70 15 vallagen.
194 1210 43 15 Varje
247 1210 24 13 län
282 1211 42 14 utgör
333 1214 18 8 en
362 1210 67 15 valkrets,
437 1212 40 11 utom
486 1208 40 15 Älvs-

63 1228 44 15 borgs
118 1228 28 15 län,
157 1231 32 9 som
200 1228 16 12 är
228 1228 38 13 delat
278 1228 4 13 i
294 1228 8 12 2
314 1228 59 15 kretsar,
385 1228 70 15 varjämte
462 1228 65 16 följande

562 549 49 12 städer
621 548 47 13 bildar
678 552 25 9 var
712 549 22 12 sin
744 548 67 13 valkrets:
821 548 13 15 1)
840 548 92 15 Stockholm,
940 548 15 15 2)
963 548 64 15 Malmö,

563 566 104 16 Hälsingborg,
674 566 98 13 Landskrona
779 566 28 13 och
814 566 42 13 Lund
864 566 162 16 (»fyrstadskretsen»),

563 584 14 15 3)
587 584 81 15 Göteborg.
680 584 56 13 Valrätt
746 584 88 13 tillkommer
845 584 39 15 varje
892 584 51 12 svensk
954 588 33 8 man
998 584 28 12 och

563 602 54 13 kvinna
625 606 32 9 som
665 605 48 10 senast
721 602 46 13 under
773 601 121 16 nästföregående
902 601 85 13 kalenderår
994 601 32 16 fyllt

563 620 15 13 21
592 620 20 15 år,
625 620 38 13 dock
673 620 12 15 ej
693 620 28 13 den
728 624 32 8 som
767 619 29 14 står
804 620 46 12 under
857 619 126 16 förmynderskap.
993 620 33 12 Val-

563 638 35 13 bara
608 638 16 12 är
631 639 34 11 män
672 638 28 12 och
708 638 62 12 kvinnor
777 641 32 9 som
817 637 62 16 uppnått
885 637 18 13 23
910 637 23 13 års
941 637 40 13 ålder
988 640 38 10 samt

562 657 35 14 äger
608 656 51 12 valrätt
670 656 40 12 inom
722 655 81 13 valkretsen
811 655 39 15 eller,
857 655 26 13 där
890 655 41 16 fråga
937 656 16 12 är
960 659 25 9 om
992 655 32 13 stad

562 677 32 9 som
605 673 47 13 består
662 677 17 9 av
687 674 34 12 flera
728 673 84 14 valkretsar,
818 673 40 13 inom
864 673 49 15 någon
919 677 18 9 av
942 673 48 13 dessa.

581 691 96 13 Gemensamt
687 691 23 13 för
720 691 39 13 båda
769 692 85 12 kamrarnas
864 691 81 13 ledamöter
954 691 44 15 gäller
1005 693 21 10 att

563 709 203 16 riksdagsmannabefattning
778 709 28 13 kan
819 710 52 12 utövas
881 709 52 13 endast
944 712 18 9 av
972 708 53 14 svensk

563 727 99 15 medborgare.
673 727 23 13 Till
705 727 37 13 båda
750 728 78 12 kamrarna
834 728 33 12 sker
874 728 41 12 valen
923 727 33 13 med
963 730 62 12 propor-

563 746 56 12 tionellt
627 746 55 12 valsätt.

581 763 79 13 Allmänna
672 763 22 13 val
706 763 21 13 till
739 762 46 14 andra
798 763 85 12 kammaren
895 763 37 15 ägde
945 766 32 9 rum
990 762 35 13 1964

563 781 31 13 och
601 781 43 15 avsåg
651 781 70 15 perioden
730 780 87 13 1965-1968.

582 799 91 12 Beträffande
683 799 109 15 riksdagsmans
798 798 81 15 ersättning
884 798 27 13 har
917 798 110 13 bestämmelser

562 819 50 11 senast
621 817 42 15 givits
671 816 4 13 i
683 816 24 16 lag
716 816 28 13 den
751 816 8 13 9
765 817 31 12 dec.
804 816 35 13 1966
844 816 39 15 (SFS
889 820 18 9 nr
912 816 34 15 611)
952 820 33 12 ang.
991 816 36 13 änd-

562 834 32 16 ring
601 834 5 13 i
612 835 62 15 stadgan
680 835 28 13 den
715 834 17 13 21
741 834 36 13 febr.
786 834 32 13 1941
828 834 24 16 (nr
856 834 25 15 98)
887 838 25 9 om
917 834 81 15 ersättning
1003 834 23 13 för

562 852 214 16 riksdagsmannauppdragets
783 852 98 15 fullgörande.
890 852 107 15 Riksdagsman
1005 851 21 13 åt-

563 870 47 15 njuter
619 870 55 13 arvode
683 870 32 13 från
722 870 28 13 och
758 870 32 12 med
798 870 73 15 ingången
878 873 19 9 av
904 870 28 13 den
939 869 60 16 månad,
1007 869 19 13 då

563 888 30 13 han
602 888 38 13 skall
650 890 14 11 ta
672 888 37 16 plats
716 888 4 13 i
728 888 83 15 riksdagen,
818 888 39 12 dock
864 887 13 16 ej
884 887 24 13 för
915 887 21 13 tid
943 887 45 13 innan
995 887 31 13 han

563 906 41 13 blivit
614 906 70 15 ledamot,
694 906 21 13 till
723 906 28 13 och
758 906 33 13 med
799 905 73 16 utgången
879 909 18 9 av
904 906 28 13 den
939 905 60 15 månad,
1007 905 19 13 då

563 924 205 16 riksdagsmannauppdraget
780 924 63 15 upphör.
857 924 60 12 Arvode
927 923 41 16 utgår
975 923 4 13 i
986 923 40 13 form

563 946 18 9 av
588 942 103 15 grundarvode
698 942 28 13 och
733 941 50 16 tillägg
789 942 34 12 med
830 941 56 16 belopp
894 941 63 16 tillhopa
962 944 66 10 motsva-

563 960 45 13 rande
618 960 49 15 (1967)
676 960 18 12 47
705 960 25 12 172
740 960 22 13 kr.
770 959 24 14 för
800 959 16 13 år
822 959 46 16 jämte
874 959 153 15 kostnadsersättning

563 982 18 8 av
591 978 6 12 3
604 978 27 13 600
640 978 21 13 kr.
670 977 24 14 för
702 977 16 14 år
725 977 5 13 i
736 977 39 13 båda
782 977 24 13 fall
814 977 144 16 beskattningsbara.
965 977 62 13 Trakta-

563 998 48 10 mente
621 995 42 16 utgår
673 996 46 13 under
729 995 26 16 tid,
764 995 18 13 då
790 995 78 16 riksdagen
875 995 45 13 håller
925 995 60 16 session,
993 995 33 13 med

563 1014 55 15 belopp
625 1013 103 13 motsvarande
737 1014 4 12 1
749 1013 28 13 050
782 1013 21 13 kr.
810 1013 23 13 för
839 1013 53 13 månad
899 1013 21 13 till
926 1013 101 15 riksdagsman

563 1035 32 9 som
606 1032 16 12 är
632 1031 49 13 bosatt
691 1031 19 16 på
719 1031 49 15 längre
778 1030 62 14 avstånd
850 1032 19 12 än
879 1031 18 13 70
907 1031 25 13 km
942 1030 85 16 fågelvägen

563 1049 32 13 från
606 1049 84 16 riksdagens
700 1049 32 13 hus.
743 1050 54 12 Annan
807 1049 101 15 riksdagsman
919 1049 20 13 än
950 1052 20 9 nu
981 1051 46 13 sagts,

563 1071 32 9 som
605 1068 16 12 är
631 1067 49 13 bosatt
690 1067 19 15 på
719 1067 49 15 längre
778 1066 62 14 avstånd
850 1068 19 11 än
882 1067 15 12 15
910 1067 25 13 km
942 1066 85 16 fågelvägen

563 1084 32 14 från
605 1085 115 15 riksdagshuset,
730 1084 24 13 må
764 1088 18 9 av
792 1084 70 16 styrelsen
872 1084 23 13 för
903 1084 87 16 riksdagens
998 1084 29 13 för-

563 1103 130 15 valtningskontor
708 1102 95 13 tillerkännas
818 1102 98 13 traktamente
933 1102 33 13 med
984 1102 44 15 högst

563 1121 64 13 nämnda
641 1121 58 15 belopp.
714 1121 108 15 Riksdagsman
834 1121 34 15 äger
879 1120 18 15 på
909 1121 24 12 det
945 1120 81 13 allmännas

563 1139 82 12 bekostnad
653 1138 67 16 företaga
731 1142 44 9 resor.
786 1138 109 16 Riksdagsman
906 1139 17 12 är
934 1138 19 16 på
964 1138 25 13 det
1000 1138 27 13 all-

563 1157 62 13 männas
635 1156 83 13 bekostnad
728 1156 153 16 grupplivförsäkrad.

581 1175 90 12 Kamrarnas
686 1175 54 12 talmän
754 1174 62 13 erhåller
829 1174 46 13 under
886 1174 21 13 tid
917 1173 20 14 då
947 1173 77 16 riksdagen

563 1192 45 13 håller
618 1192 55 13 session
683 1192 85 16 förhöjning
776 1196 20 9 av
805 1192 111 15 grundarvodet
926 1192 33 12 med
970 1192 54 15 belopp

563 1210 103 13 motsvarande
680 1210 4 13 1
692 1210 28 13 200
726 1210 22 13 kr.
760 1210 23 13 för
791 1209 53 14 månad
851 1210 46 16 jämte
904 1209 50 16 tillägg
960 1210 34 13 med
1002 1210 25 12 be-

563 1228 36 16 lopp
607 1232 32 9 som
646 1228 62 16 tillhopa
715 1230 83 11 motsvarar
804 1228 50 16 (1967)
862 1227 39 14 1786
908 1228 22 13 kr.
936 1228 24 13 för
967 1227 60 14 månad.

80 1286 88 14 Utskottens
175 1287 101 13 ordföranden
283 1287 28 13 och
318 1286 31 14 vice
355 1287 101 13 ordföranden
464 1287 79 15 redovisas,
550 1287 66 13 förutom
624 1287 3 13 i
634 1287 112 13 nedanstående
753 1286 94 17 förteckning
854 1288 35 12 över
897 1287 86 13 kamrarnas
989 1287 39 13 leda-

62 1308 52 15 möter,
125 1308 38 12 även
174 1308 46 13 under
232 1308 33 13 avd,
276 1312 17 9 nr
301 1308 43 13 191a.
354 1308 121 13 Statskalendern
482 1308 75 13 redovisar

564 1308 101 13 ledamöterna
672 1308 3 13 i
683 1308 29 13 den
719 1308 109 16 ordningsföljd
835 1308 4 13 i
847 1308 48 13 vilken
903 1308 18 13 de
927 1309 17 12 är
951 1310 76 14 upptagna

62 1331 5 13 i
77 1329 18 13 de
106 1332 18 10 av
135 1328 77 16 riksdagen
224 1329 89 16 upprättade
320 1328 130 17 förteckningarna
457 1330 35 12 över
500 1329 83 13 kamrarna.
591 1326 79 16 Årssiffror
676 1329 41 13 inom
724 1332 69 13 parantes
800 1329 80 13 betecknar
886 1328 62 17 tidigare
955 1328 74 14 ledamot-

61 1349 37 16 skap
106 1353 17 10 av
130 1349 87 16 riksdagen.

483 1393 126 19 Förkortningar

278 1426 27 13 FK

277 1445 29 12 AK

278 1467 16 11 cp

274 1480 18 16 fp

342 1429 29 11 rsta
378 1427 87 13 kammaren

334 1445 38 12 undra
379 1445 86 13 kammaren

312 1470 9 1 =
326 1463 105 15 centerpartiet

312 1487 8 2 =
327 1480 86 16 folkpartiet

525 1521 35 17 258

599 1427 8 13 h
634 1427 139 15 =riksdagshögern

599 1445 30 13 mbs
634 1450 9 4 =
648 1445 109 15 medborgerlig
763 1444 63 16 samling

598 1467 8 9 s
612 1453 16 30 —
634 1453 170 30 =socialdemokratiska
812 1462 136 16 riksdagsgruppen

600 1481 26 15 vpk
633 1486 11 3 =
648 1481 113 15 vänsterpartiet
769 1480 128 13 kommunisterna
