1064 1590
46 63 52 22 [160]

45 211 51 23 [160]

475 65 104 22 Riksdagen

207 209 30 24 V.
255 208 247 26 RIKSDAGEN
518 209 84 25 OCH
618 209 97 25 DESS
731 209 110 25 VERK

507 292 76 26 sdagen

231 352 200 19 Brunkebergsterrassen
442 352 13 18 1,
466 352 30 15 100
503 352 19 15 12
531 352 100 16 Stockholm
639 352 26 16 46.
674 352 35 16 Tel.
718 352 50 16 08/14
774 352 20 16 20
800 352 26 16 20.

62 421 138 16 Regeringsformen
210 421 28 13 den
245 421 9 13 6
259 421 32 16 juni
298 421 34 14 1809
338 417 83 27 (omtryckt
429 421 87 16 1969:795).
524 421 155 17 Riksdagsordningen
686 422 28 13 den
721 422 18 13 22
744 421 32 16 juni
784 421 36 14 1866
831 422 80 15 (omtryckt
917 422 42 13 1969:
965 421 39 16 796).

44 442 30 16 Lag
84 446 25 9 om
119 442 23 13 val
151 442 22 13 till
183 442 78 16 riksdagen
270 443 29 13 den
309 442 18 13 26
336 446 35 10 nov.
382 443 37 13 1920
428 443 24 15 (nr
463 442 33 16 796,
506 443 58 13 ändrad
574 445 48 11 senast
631 442 40 14 1969:
679 443 39 16 823).
725 442 126 17 Riksdagsstadga
858 443 29 13 den
893 442 17 13 23
919 446 39 10 mars
969 442 35 13 1949

43 462 191 16 (Konstitutionsutskottet
245 463 40 13 1949:
293 464 22 15 11,
324 463 57 13 ändrad
387 465 49 11 senast
443 463 36 13 RFS
488 463 40 13 1967:
533 463 20 15 4).

63 529 85 16 Riksdagen
156 530 37 13 skall
201 530 110 13 sammanträda
319 530 39 16 varje
366 529 16 14 år
390 530 28 13 den
428 530 17 13 10
451 530 58 16 januari

43 547 39 16 eller,
90 551 25 10 om
121 547 63 16 helgdag
191 547 19 14 då
216 547 72 16 inträffar,
295 548 48 15 dagen
349 548 68 13 därefter.
424 548 85 15 Riksdagen

43 565 38 13 skall
91 569 35 9 vara
137 565 67 14 avslutad
215 566 28 12 den
254 566 16 12 31
283 566 81 13 december.
375 566 85 15 Riksdagen
471 569 38 10 sam-

43 583 84 13 manträder
134 583 22 13 till
163 583 82 13 vårsession
252 583 29 13 och
288 583 96 16 höstsession;
392 583 24 13 vid
423 583 49 14 behov
479 584 30 12 kan

43 601 74 13 anordnas
127 603 42 11 extra
178 601 60 14 session.
249 601 104 14 Vårsessionen
363 601 38 13 skall
410 601 5 13 i
424 601 39 16 regel
473 605 35 9 vara

43 618 67 14 avslutad
117 619 29 13 den
153 619 16 13 31
178 619 34 16 maj.

62 636 85 16 Riksdagen
154 636 48 14 består
209 636 33 13 från
250 636 28 14 och
286 636 34 14 med
328 636 34 14 1971
371 640 18 10 av
396 640 18 10 en
421 637 39 13 enda
467 637 42 13 kam-

43 658 44 10 mare.
96 654 85 16 Riksdagen
190 655 26 13 har
225 654 27 14 350
260 654 86 14 ledamöter.
356 655 108 13 Ledamöterna
472 655 37 15 väljs

43 672 47 13 direkt
98 672 24 13 vid
130 674 21 11 ett
158 672 38 13 enda
204 672 56 13 tillfälle
268 672 23 13 för
299 676 18 9 en
325 672 52 16 period
385 676 18 9 av
411 674 21 11 tre
440 672 16 13 år
463 672 46 16 (ordi-

43 690 40 13 narie
91 690 36 15 val),
136 694 33 9 som
178 690 53 13 räknas
240 690 33 13 från
282 690 53 16 början
344 694 19 9 av
371 690 31 13 året
411 690 36 13 efter
456 690 25 13 det
489 690 20 13 då

43 708 38 13 valet
87 708 43 13 skett.

62 726 29 13 För
103 725 24 14 val
139 725 22 13 till
172 725 79 16 riksdagen
263 726 16 12 är
290 725 38 14 riket
340 725 55 14 indelat
407 725 5 13 i
423 726 85 15 valkretsar,

42 743 40 13 vilka
88 743 5 13 i
100 743 78 13 huvudsak
185 743 110 13 sammanfaller
302 743 33 14 med
342 743 48 13 länen.

62 761 24 13 Av
94 761 80 13 mandaten
183 762 17 12 är
209 761 27 13 310
245 761 38 13 fasta
292 761 129 16 valkretsmandat,
431 761 39 14 vilka
479 761 30 13 för-

43 778 40 14 delas
91 779 54 13 mellan
154 779 54 16 partier
216 779 19 16 på
243 779 72 15 grundval
324 783 18 9 av
350 779 99 13 valresultatet
456 779 6 13 i
470 779 39 16 varje

43 796 67 14 valkrets.
122 796 61 14 Antalet
194 796 38 14 fasta
243 796 126 14 valkretsmandat
379 797 5 12 i
395 797 39 16 varje
445 797 64 13 valkrets

43 814 77 13 fastställes
129 814 24 13 för
162 816 21 11 tre
193 814 16 13 år
217 814 6 13 i
231 814 53 13 sänder
293 814 20 16 på
322 814 72 16 grundval
403 818 18 9 av
429 818 19 10 en
457 815 52 12 beräk-

42 832 35 16 ning
84 836 19 9 av
109 832 100 13 förhållandet
215 832 54 13 mellan
276 832 56 13 antalet
338 832 122 16 röstberättigade
467 832 4 13 i
479 832 30 13 val-

43 850 58 13 kretsen
112 850 29 13 och
153 850 55 13 antalet
219 850 123 16 röstberättigade
353 850 5 13 i
370 850 33 13 hela
415 850 38 13 riket
464 850 45 16 enligt

42 868 68 13 närmare
116 867 92 14 föreskrifter
214 867 5 13 i
226 868 71 15 vallagen.

62 883 54 18 Övriga
127 885 19 13 40
156 886 62 13 mandat
228 886 16 12 är
255 885 155 16 utjämningsmandat,
421 885 40 14 vilka
471 885 38 14 först

42 903 64 13 fördelas
114 903 54 13 mellan
176 903 53 16 partier
237 903 19 16 på
263 904 71 15 grundval
339 907 18 10 av
362 903 99 14 valresultatet
466 903 5 14 i
475 904 33 13 hela

43 921 37 13 riket
87 921 29 13 och
123 921 63 13 därefter
193 921 61 13 tillföres
261 921 85 13 valkretsar.

62 939 30 13 För
100 939 39 16 varje
147 939 62 13 mandat
216 943 33 9 som
257 939 38 16 parti
303 939 28 13 fått
339 940 39 12 utses
385 938 5 14 i
398 939 111 13 vederbörande

44 956 63 14 valkrets
114 961 17 9 en
139 956 133 17 riksdagsledamot
279 957 45 16 enligt
331 956 90 14 föreskrifter
429 961 33 9 som
469 957 40 13 med-

42 974 40 14 delas
90 974 4 13 i
101 974 71 16 vallagen.

62 992 40 13 Parti
109 996 33 9 som
149 992 27 14 har
183 992 28 13 fått
218 992 57 13 mindre
282 993 20 12 än
309 992 32 16 fyra
348 994 62 14 procent
417 996 18 10 av
442 993 67 13 rösterna

43 1009 22 14 får
77 1010 30 13 inte
118 1010 40 13 delta
169 1010 4 13 i
184 1010 168 16 mandatfördelningen.
364 1010 54 13 Partiet
428 1010 30 13 kan
469 1010 40 14 dock

42 1027 16 14 få
68 1028 62 13 mandat
140 1028 5 13 i
153 1028 64 13 valkrets
226 1028 27 13 där
260 1028 24 13 det
291 1028 27 13 har
324 1028 28 13 fått
359 1028 45 13 minst
410 1028 31 13 tolv
447 1030 62 14 procent

42 1049 19 10 av
68 1047 71 12 rösterna.

557 530 197 16 Riksdagsmannauppdrag
763 530 30 13 kan
802 531 53 12 utövas
863 530 53 13 endast
924 534 19 9 av
951 530 53 14 svensk

538 548 101 16 medborgare,
650 552 33 9 som
693 549 16 12 är
719 548 61 16 myndig
790 548 29 13 och
829 550 74 14 upptagen
914 548 5 13 i
928 548 76 16 röstlängd

538 565 50 14 såsom
594 566 118 15 röstberättigad.

556 583 80 14 Allmänna
642 584 23 13 val
671 584 37 15 ägde
713 585 49 12 senast
767 587 33 10 rum
807 583 36 14 1970
848 583 29 14 och
883 583 44 16 avsåg
933 583 70 16 perioden

539 601 87 13 1971-1973.

557 619 94 13 Beträffande
661 619 140 16 riksdagsledamots
812 619 80 16 ersättning
902 619 28 13 har
940 619 64 13 bestäm-

538 637 51 13 melser
597 639 49 11 senast
654 637 42 15 givits
704 637 4 13 i
716 637 24 15 lag
748 637 29 13 den
786 637 17 13 17
812 637 30 13 dec.
853 637 36 13 1970
896 636 24 16 (nr
928 637 34 15 879)
970 641 33 11 ang.

538 655 62 15 ändring
606 655 4 13 i
617 655 61 15 stadgan
685 655 29 13 den
720 655 16 13 21
745 654 36 14 febr.
790 655 33 13 1941
831 655 24 15 (nr
861 654 25 16 98)
892 659 25 9 om
924 654 80 16 ersättning

537 672 24 14 för
573 673 213 15 riksdagsmannauppdragets
798 672 98 16 fullgörande.
910 672 94 16 Riksdagsle-

538 690 52 13 damot
599 690 64 16 åtnjuter
673 691 54 13 arvode
737 690 33 13 från
781 691 28 12 och
820 690 33 14 med
863 690 74 16 ingången
947 694 18 9 av
975 691 29 13 den

538 708 59 16 månad,
606 708 19 13 då
633 708 30 13 han
671 708 38 13 skall
716 710 15 11 ta
739 709 38 15 plats
785 708 5 13 i
798 708 83 16 riksdagen,
889 708 39 13 dock
936 708 13 16 ej
954 708 24 13 för
983 708 21 13 tid

538 726 45 13 innan
591 726 29 13 han
629 725 41 14 blivit
678 726 70 15 ledamot,
757 726 22 13 till
787 726 29 13 och
824 726 33 13 med
866 726 74 15 utgången
948 730 18 9 av
975 726 28 13 den

538 743 59 16 månad,
612 743 19 14 då
645 744 205 15 riksdagsmannauppdraget
864 744 63 15 upphör.
942 744 60 13 Arvode

538 761 42 16 utgår
591 761 5 13 i
607 761 39 14 form
658 765 18 10 av
687 761 103 16 grundarvode
802 762 29 13 och
841 761 51 16 tillägg
903 761 34 14 med
948 761 56 17 belopp

537 783 33 9 som
579 779 63 16 tillhopa
652 781 82 11 motsvarar
743 779 61 16 ungefär
814 779 24 13 två
845 779 86 16 tredjedelar
938 783 18 9 av
962 779 41 13 löne-

537 797 40 13 klass
585 797 21 13 C1
613 804 19 3 —
639 797 18 13 50
663 797 27 13 724
698 797 22 13 kr.
728 797 5 13 i
743 797 35 13 1970
783 797 23 13 års
811 797 38 13 nivå.
855 797 54 13 Därtill
915 797 89 13 tillkommer

538 818 18 10 en
563 815 152 15 kostnadsersättning
721 819 18 9 av
747 815 7 13 3
761 815 27 13 600
795 815 22 13 kr.
824 815 23 13 för
854 814 20 14 år.
882 814 41 14 Båda
930 815 73 16 beloppen

537 833 17 13 är
565 832 142 16 beskattningsbara.
719 833 104 13 Traktamente
835 832 42 16 utgår
888 833 47 13 under
945 832 27 16 tid,
984 832 19 14 då

537 850 79 16 riksdagen
633 850 46 13 håller
696 850 61 16 session,
775 851 33 13 med
826 850 55 16 belopp
899 850 104 13 motsvarande

540 868 41 13 1170
589 868 22 13 kr.
620 868 24 13 för
653 868 53 13 månad
716 868 22 13 till
746 868 133 16 riksdagsledamot
887 872 33 9 som
929 869 17 12 är
954 868 50 13 bosatt

538 886 19 16 på
566 886 50 16 längre
626 886 62 13 avstånd
697 887 20 12 än
726 886 18 13 70
752 886 26 13 km
788 886 84 16 fågelvägen
879 885 33 14 från
919 886 85 16 riksdagens

538 904 32 13 hus.
579 904 55 13 Annan
641 904 133 16 riksdagsledamot
781 905 19 12 än
808 908 21 9 nu
837 906 43 14 sagts,
889 908 33 9 som
930 905 16 12 är
954 904 50 13 bosatt

538 921 19 16 på
566 922 50 15 längre
627 921 61 14 avstånd
698 923 19 12 än
729 922 16 13 15
756 922 25 12 km
792 922 84 15 fågelvägen
888 922 33 13 från
930 921 73 16 riksdags-

538 939 47 16 huset,
593 939 25 13 må
626 943 18 9 av
652 939 84 16 riksdagens
744 939 157 16 förvaltningsstyrelse
909 939 95 14 tillerkännas

538 957 98 14 traktamente
646 957 34 14 med
690 957 44 16 högst
744 957 65 14 nämnda
820 957 59 16 belopp.
890 957 114 16 Riksdagsleda-

538 977 32 11 mot
581 976 34 15 äger
626 975 20 16 på
657 976 25 12 det
692 975 83 13 allmännas
786 975 83 13 bekostnad
881 975 66 16 företaga
958 979 45 9 resor.

539 993 139 16 Riksdagsledamot
685 994 17 12 är
709 993 20 16 på
737 993 24 13 det
768 993 83 13 allmännas
858 993 84 13 bekostnad
950 997 54 12 grupp-

538 1011 103 13 livförsäkrad.

61 1098 88 14 Utskottens
160 1099 91 13 ordförande
261 1099 29 13 och
301 1098 31 14 vice
341 1099 91 13 ordförande
440 1099 81 16 redovisas,
530 1099 67 14 förutom
603 1099 5 13 i
614 1099 110 14 nedanstående
730 1099 94 16 förteckning
831 1100 36 13 över
872 1099 87 16 riksdagens
964 1099 40 14 leda-

42 1120 53 15 möter,
105 1120 37 13 även
153 1120 47 13 under
211 1120 33 13 avd.
254 1123 18 9 nr
277 1119 43 16 [190].
331 1119 120 14 Statskalendern
460 1120 76 13 redovisar
542 1120 102 13 ledamöterna
650 1120 4 13 i
661 1120 29 13 den
696 1120 109 16 ordningsföljd
812 1120 4 13 i
824 1120 48 13 vilken
879 1120 18 14 de
904 1121 16 12 är
927 1122 76 14 upptagna

43 1140 4 13 i
56 1140 29 14 den
94 1144 18 10 av
120 1140 79 16 riksdagen
209 1141 90 16 upprättade
305 1140 117 16 förteckningen.
429 1138 79 16 Årssiffror
514 1141 40 13 inom
561 1143 69 14 parentes
636 1141 80 13 betecknar
722 1141 62 16 tidigare
790 1140 103 17 ledamotskap
900 1145 18 10 av
924 1141 79 16 riksdagen

42 1161 35 15 (FK
81 1166 11 4 =
96 1161 48 14 första
150 1161 91 16 kammaren,
248 1161 30 13 AK
282 1166 10 4 =
296 1161 47 14 andra
350 1161 97 17 kammaren).

147 1204 143 20 Partiställningen
298 1204 6 16 i
311 1204 87 20 riksdagen

348 1239 45 13 Antal
400 1238 82 14 ledamöter

320 1263 48 13 Manl.
381 1262 61 15 Kvinnl,
455 1263 49 13 Totalt

43 1281 183 17 Socialdemokratiska
233 1282 42 16 riks-

54 1301 118 27 dagsgruppen
323 1301 31 27 135
397 1306 20 15 28
463 1306 30 15 163

33 1325 133 28 Centerpartiet
333 1330 21 15 62
408 1330 10 15 9
473 1330 18 15 71

31 1348 117 29 Folkpartiet
333 1353 17 16 33
409 1354 9 15 5
473 1354 20 15 58

44 1376 92 16 Moderata
143 1376 141 19 samlingspartiet
334 1377 20 15 37
408 1377 11 15 4
473 1377 19 15 41

42 1400 134 19 Vänsterpartiet
184 1400 105 16 kommunis-

55 1420 47 29 terna
335 1424 20 16 14
410 1424 8 16 3
475 1424 19 16 17

323 1466 29 15 301
398 1466 21 15 49
463 1466 32 15 350

612 1205 103 16 Procentuell
722 1205 91 19 fördelning
821 1210 20 11 av
848 1205 83 19 kvinnliga

656 1229 90 16 ledamöter
753 1229 44 15 inom
805 1229 82 19 partierna

854 1263 61 13 Kvinnl.
931 1263 63 13 Procent

541 1282 182 16 Socialdemokratiska
731 1282 41 16 riks-

552 1302 118 28 dagsgruppen
873 1306 20 16 28
939 1306 48 18 17,17

531 1325 133 27 Centerpartiet
884 1330 10 15 9
940 1330 46 18 12,68

531 1349 115 27 Folkpartiet
877 1349 17 27 -å
949 1354 37 18 8,62

542 1377 90 16 Moderata
641 1377 140 19 samlingspartiet
884 1378 11 15 4
949 1377 38 19 9,75

540 1401 134 19 Vänsterpartiet
681 1400 105 16 kommunis-

552 1426 47 14 terna
883 1425 9 15 3
939 1425 47 18 17,64

503 1510 36 18 282
