1260 1866
560 50 118 25 Riksdagen

134 140 130 27 Riksdagen

52 221 12 23 5
133 229 52 19 Riksg.
196 230 9 13 I.
215 229 20 15 Pa
244 229 27 15 100
280 229 15 15 12
303 229 99 15 Stockholm.
409 230 32 14 Tel.
449 230 57 14 08-786
512 230 20 14 40
538 230 20 14 00

53 260 150 19 Regeringsformen
222 260 31 15 den
272 260 19 15 28
310 260 38 15 febr.
369 261 37 14 1974
424 262 25 17 (nr
469 261 34 17 152;
521 261 80 19 omtryckt

54 283 43 14 1988:
107 283 48 18 1444).
162 282 171 20 Riksdagsordningen
340 283 30 15 den
377 283 19 15 28
403 282 39 16 febr.
450 283 38 15 1974
493 284 26 18 (nr
526 283 34 17 153;
567 288 34 10 om-

52 305 50 18 tryckt
111 305 43 15 1988:
163 305 44 17 1446;
214 305 62 15 ändrad
283 308 52 12 senast
344 305 43 15 1989:
396 305 48 19 1059).
451 305 56 19 Vallag
513 305 31 15 den
551 305 9 15 8
566 305 34 15 dec.

55 327 36 15 1972
98 330 26 15 (nr
130 327 37 17 620;
175 327 79 19 omtryckt
263 328 43 14 1987:
316 328 44 16 1334;
368 327 62 15 ändrad
437 330 53 13 senast
499 328 43 15 1988:
552 328 37 18 161).

53 372 91 18 Riksdagen
151 372 17 14 är
173 372 26 14 det
205 371 65 16 främsta
277 372 123 19 representativa
406 375 106 16 statsorganet
517 372 25 15 för
547 377 54 10 svens-

53 394 19 14 ka
78 394 54 15 folket.
140 393 91 20 Riksdagen
237 394 52 15 stiftar
294 394 30 19 lag,
331 394 70 15 beslutar
406 399 26 10 om
439 394 41 15 skatt
485 394 22 15 till
513 397 51 12 staten
570 394 31 15 och

52 416 96 15 bestämmer
156 416 29 15 hur
191 418 60 13 statens
259 416 51 15 medel
318 416 39 15 skall
365 416 88 15 användas.

74 438 91 19 Riksdagen
173 438 53 15 består
233 443 19 10 av
260 439 29 14 349
297 438 93 18 ledamöter,
398 439 48 14 valda
453 438 51 16 direkt
512 443 19 11 av
539 438 50 16 folket
597 439 3 14 i

52 461 82 14 allmänna
141 461 30 14 val.
178 461 86 15 Ordinarie
271 461 97 19 riksdagsval
376 462 37 18 äger
419 466 34 10 rum
460 464 34 12 vart
500 461 50 19 tredje
557 461 17 15 år
580 461 20 19 på

52 483 50 19 tredje
109 483 83 19 söndagen
201 483 3 15 i
212 483 90 19 september
310 483 64 15 månad.
382 483 87 15 Allmänna
477 484 25 14 val
510 484 22 14 till
541 483 60 16 riksda-

52 510 30 14 gen
92 505 40 19 ägde
141 508 53 12 senast
203 510 35 10 rum
247 506 31 14 den
290 506 16 15 18
315 506 90 18 september
416 506 37 15 1988
463 506 30 15 och
503 510 45 11 avser
556 506 44 15 tiden

53 527 39 15 intill
102 528 36 14 dess
147 532 19 10 en
176 528 59 18 nyvald
245 528 64 19 riksdag
318 528 58 15 samlas
385 528 40 15 efter
434 528 98 19 riksdagsval
542 528 31 15 den
585 528 15 15 15

52 550 90 19 september
151 550 41 15 1991.

74 572 30 15 För
114 572 97 19 riksdagsval
221 573 17 14 är
248 572 38 15 riket
296 572 60 15 indelat
366 572 3 15 i
379 573 19 14 28
408 572 91 15 valkretsar.
509 573 23 14 Av
542 572 20 15 de
571 573 30 15 349

53 594 160 19 riksdagsmandaten
222 595 17 14 är
248 595 29 14 310
286 594 40 15 fasta
336 594 141 19 valkretsmandat,
486 599 34 11 som
530 594 71 16 fördelas

53 616 58 15 mellan
122 616 109 15 valkretsarna
241 616 39 15 efter
290 617 59 15 antalet
359 617 132 19 röstberättigade
502 617 3 15 i
516 616 43 20 varje
569 617 32 15 val-

53 638 45 16 krets.
106 639 45 15 Inom
158 638 42 19 varje
206 639 69 15 valkrets
280 638 71 16 tillfaller
357 639 86 15 mandaten
450 639 20 15 de
476 639 3 15 i
486 639 115 19 riksdagsvalet

42 657 106 32 deltagande
155 661 80 19 partierna
242 661 123 22 proportionellt
372 661 20 19 på
398 661 79 19 grundval
483 666 20 10 av
509 662 92 14 valresulta-

52 686 21 12 tet
82 683 44 15 inom
135 683 94 15 valkretsen.
230 679 68 33 Övriga
307 684 19 14 39
335 683 66 15 mandat
410 684 17 14 är
435 680 166 32 utjämningsmandat

52 710 35 10 som
97 705 70 15 fördelas
177 706 16 14 så
203 708 21 12 att
234 705 43 19 varje
286 706 49 18 partis
344 706 122 19 sammanlagda
476 706 42 15 antal
529 706 71 19 platser
584 701 19 29 i

53 727 84 19 riksdagen
142 728 17 14 så
165 728 38 14 nära
208 732 35 11 som
249 727 62 20 möjligt
316 732 54 11 svarar
375 730 33 13 mot
413 728 59 15 antalet
478 728 68 19 avgivna
552 729 49 14 röster

52 750 26 14 för
85 750 56 18 partiet
149 750 3 14 i
160 750 35 14 hela
203 750 59 15 landet.

74 772 4 14 I
87 771 112 19 fördelningen
207 776 19 10 av
233 772 140 18 riksdagsmandat
380 772 51 14 deltar
437 772 57 15 endast
501 772 58 18 partier
566 776 34 11 som

52 793 29 15 har
89 793 28 15 fått
127 793 47 15 minst
183 793 34 19 fyra
227 796 66 16 procent
302 798 19 11 av
330 794 73 19 samtliga
412 793 4 15 i
425 794 35 15 hela
470 794 54 15 landet
532 794 69 19 avgivna

52 816 54 15 röster.
114 816 24 14 Ett
145 815 40 19 parti
192 820 35 11 som
234 816 32 15 inte
273 816 28 15 når
307 821 34 14 upp
347 816 22 15 till
377 816 180 19 fyraprocentsgränsen
564 821 36 10 men

52 842 34 11 som
96 838 27 15 har
131 838 62 15 erhållit
202 838 47 15 minst
257 838 33 15 tolv
299 841 66 16 procent
373 843 20 10 av
401 839 71 14 rösterna
481 838 3 15 i
493 838 32 15 viss
533 838 68 15 valkrets

52 860 50 15 deltar
111 860 42 15 dock
163 860 27 15 vid
199 860 113 19 fördelningen
322 865 19 10 av
350 860 20 15 de
380 860 40 15 fasta
429 860 157 15 valkretsmandaten
596 860 4 15 i

52 887 61 10 samma
121 882 72 15 valkrets.

74 905 69 14 Rösträtt
150 904 26 15 vid
184 904 98 19 riksdagsval
290 905 28 14 har
324 905 57 15 svensk
388 905 111 19 medborgare,
506 909 35 11 som
548 908 53 12 senast

52 927 20 18 på
78 926 78 19 valdagen
162 926 34 19 fyllt
204 927 16 15 18
226 927 17 14 år
248 927 51 15 under
304 927 114 19 förutsättning
423 929 21 13 att
450 927 31 15 han
487 928 17 14 är
509 930 81 16 upptagen
587 922 11 28 i

52 949 86 19 röstlängd.

74 971 30 15 För
110 973 21 13 att
138 971 55 15 kunna
199 974 42 12 utses
248 971 22 15 till
278 971 144 19 riksdagsledamot
428 972 49 18 gäller
484 976 61 10 samma
552 971 48 15 behö-

52 993 97 19 righetskrav
157 998 34 10 som
200 993 25 15 för
232 994 67 14 rösträtt.

74 1015 91 19 Riksdagen
174 1016 128 14 sammanträder
310 1016 22 14 till
342 1016 64 19 lagtima
415 1016 81 17 riksmöte,
505 1016 40 15 efter
553 1016 47 18 nyval

52 1038 20 18 på
80 1037 83 16 femtonde
171 1037 52 20 dagen
231 1037 39 16 efter
278 1038 46 18 valet,
333 1038 30 15 och
371 1038 55 19 övriga
434 1038 17 15 år
458 1038 50 15 första
515 1038 73 19 tisdagen
597 1038 3 15 i

51 1060 68 15 oktober
126 1060 64 15 månad.
199 1060 71 19 Lagtima
278 1060 75 15 riksmöte
360 1060 40 15 skall
407 1060 70 15 avslutas
484 1063 53 12 senast
543 1060 32 15 den
582 1061 16 14 31

52 1082 31 19 maj
94 1082 72 19 följande
176 1082 17 15 år
204 1087 35 10 men
250 1082 31 15 kan
292 1087 26 10 om
329 1082 91 19 synnerliga
430 1082 33 15 skäl
474 1082 85 20 föreligger
569 1082 31 15 för-

52 1104 55 19 längas
112 1104 22 15 till
140 1104 32 15 den
180 1105 15 14 15
200 1104 40 19 juni.
247 1104 55 15 Under
307 1104 22 15 tid
335 1105 21 14 då
362 1104 64 20 lagtima
432 1105 76 15 riksmöte
514 1104 32 16 inte
552 1105 49 19 pågår

52 1126 31 15 kan
91 1126 84 19 riksdagen
183 1127 59 14 samlas
249 1126 22 15 till
279 1127 57 15 urtima
344 1127 80 15 riksmöte.

73 1148 151 20 Riksdagsärenden
233 1149 57 15 bereds
299 1149 3 15 i
313 1149 48 19 något
370 1154 19 10 av
398 1149 94 19 riksdagens
503 1150 15 14 16
528 1149 40 15 fasta
577 1152 23 12 ut-

51 1171 42 15 skott
101 1171 30 15 och
139 1172 57 18 avgörs
203 1176 58 14 genom
269 1171 51 15 beslut
328 1171 3 15 i
339 1172 66 18 plenum
412 1171 112 19 (kammaren).

73 1193 103 15 Beträffande
186 1193 152 19 riksdagsledamots
348 1193 87 20 ersättning
444 1194 28 14 har
481 1194 120 15 bestämmelser

51 1218 53 12 senast
110 1215 46 19 givits
163 1215 4 15 i
175 1215 25 19 lag
206 1215 31 15 den
245 1216 19 15 26
271 1215 31 19 maj
311 1216 37 15 1988
355 1216 25 18 (nr
387 1216 36 18 589)
430 1220 26 11 om
464 1216 87 19 ersättning
558 1220 41 11 m.m.

51 1237 22 15 till
80 1237 93 20 riksdagens
180 1237 92 16 ledamöter.
279 1238 65 15 Arvode
350 1238 45 19 utgår
401 1238 36 15 med
443 1238 61 19 belopp
510 1238 25 15 för
541 1238 59 15 månad

51 1264 34 11 som
92 1262 88 13 motsvarar
186 1260 31 15 den
223 1260 130 19 genomsnittliga
359 1260 48 15 lönen
413 1260 25 15 för
443 1260 66 19 tjänster
514 1265 34 10 som
554 1260 46 19 byrå-

51 1282 54 15 chefer
113 1282 26 15 vid
147 1282 62 19 statliga
218 1282 110 19 myndigheter
336 1282 30 15 och
375 1287 34 10 som
418 1282 73 18 rådmän,
499 1282 101 15 hovrättsråd

51 1304 30 15 och
88 1304 146 15 kammarrättsråd.
241 1304 71 15 Arvodet
319 1307 88 12 motsvarar
413 1305 48 14 lönen
468 1304 22 15 till
497 1304 103 19 statstjänste-

52 1331 36 10 man
96 1326 3 15 i
107 1326 76 20 lönegrad
192 1327 13 14 N
213 1327 35 15 31:7
255 1327 23 18 (21
287 1327 29 15 097
324 1327 67 15 kr/mån
398 1327 4 14 i
409 1327 32 15 okt.
450 1327 48 18 1989).
507 1327 55 15 Därtill
570 1327 29 15 till-

51 1348 73 16 kommer
130 1348 166 20 kostnadsersättning
301 1353 34 11 som
342 1349 45 19 utgår
393 1349 36 15 med
435 1349 60 19 belopp
502 1352 98 12 motsvaran-

51 1371 20 15 de
77 1370 25 16 för
107 1371 17 15 år
129 1371 56 15 räknat
191 1371 19 15 70
216 1371 14 15 20
235 1376 20 10 av
260 1371 27 15 det
292 1371 26 15 vid
324 1371 41 15 årets
370 1371 59 19 ingång
434 1371 75 19 gällande
515 1371 85 19 basbelop-

51 1395 26 17 pet
85 1393 49 19 enligt
142 1393 45 19 lagen
196 1398 26 10 om
231 1393 59 15 allmän
299 1393 95 20 försäkring.
402 1393 29 15 Till
440 1394 71 15 ledamot
518 1398 35 11 som
561 1393 14 20 ej
583 1394 17 14 är

51 1415 88 19 berättigad
149 1415 23 15 till
182 1415 106 15 traktamente
297 1416 45 18 utgår
352 1416 165 19 kostnadsersättning
527 1416 36 15 med
574 1416 26 15 be-

51 1437 40 19 lopp
99 1442 34 10 som
143 1440 88 13 motsvarar
240 1438 31 15 helt
280 1438 94 19 basbelopp.
384 1438 46 15 Såväl
439 1438 66 15 arvodet
514 1442 34 11 som
558 1438 42 15 kost-

51 1459 150 20 nadsersättningen
210 1460 17 15 är
235 1460 108 19 skattepliktig
352 1460 74 15 inkomst.
437 1460 94 15 Ledamöter
539 1465 35 10 som
583 1461 17 14 är

51 1482 63 15 bosatta
120 1482 65 15 utanför
192 1482 177 15 Stockholmsområdet
376 1482 24 15 får
406 1482 105 16 traktamente
517 1482 40 16 efter
563 1485 36 12 stat-

52 1504 30 19 liga
90 1508 68 11 normer.
168 1504 30 15 För
206 1504 162 20 riksdagsledamöter
376 1509 34 10 som
419 1505 17 14 är
443 1505 63 15 bosatta
515 1505 58 15 mellan
583 1505 16 15 15

51 1526 30 15 och
90 1526 19 15 70
118 1526 25 15 km
153 1526 35 15 från
197 1526 85 20 riksdagen
291 1527 45 19 utgår
344 1527 82 15 reducerat
434 1527 110 15 traktamente.
555 1527 44 15 Riks-

51 1548 111 20 dagsledamot
170 1548 24 15 får
201 1549 22 20 på
229 1549 26 15 det
262 1549 91 15 allmännas
360 1549 90 15 bekostnad
458 1549 51 15 företa
516 1554 47 10 resor.

72 1570 94 15 Utskottens
174 1570 100 15 ordförande
282 1571 31 15 och
322 1570 34 16 vice
364 1570 100 16 ordförande
472 1571 87 18 redovisas,
569 1571 31 15 för-

51 1595 44 12 utom
105 1592 3 15 i
118 1592 121 16 nedanstående
248 1592 101 20 förteckning
358 1594 38 14 över
404 1593 93 19 riksdagens
506 1593 94 18 ledamöter,

51 1615 40 14 även
101 1614 51 15 under
162 1615 56 14 avd.nr
227 1615 14 15 6.
252 1615 130 15 Statskalendern
392 1615 82 15 redovisar
484 1615 116 25 riksdagsleda-

51 1637 73 14 möterna
132 1637 4 14 i
144 1637 32 14 den
184 1637 131 19 ordningsföljd
305 1633 14 27 i
324 1637 53 15 vilken
386 1637 31 15 de
414 1638 17 14 är
438 1640 82 16 upptagna
529 1638 4 14 i
541 1638 31 14 den
581 1642 19 10 av

51 1658 85 20 riksdagen
143 1659 97 19 upprättade
247 1659 127 19 förteckningen.
382 1655 96 19 Årssiffror
475 1664 43 11 inom
526 1662 74 17 parentes

51 1680 86 16 betecknar
147 1680 67 20 tidigare
225 1681 112 19 ledamotskap
348 1686 19 10 av
378 1681 85 20 riksdagen
474 1682 35 18 (FK
523 1689 13 5 =
550 1682 50 15 första

51 1703 99 17 kammaren,
158 1703 30 15 AK
199 1710 13 5 =
222 1703 51 15 andra
280 1703 99 18 kammaren,
388 1704 13 14 R
411 1711 13 4 =
435 1703 96 20 riksdagen).

603 1828 22 17 50

716 143 158 21 Partiställningen
882 143 5 17 i
896 143 94 22 riksdagen

989 185 48 15 Antal
1044 185 89 16 ledamöter

926 203 51 29 Män
1026 207 75 16 Kvinnor
1114 208 52 15 Totalt

636 225 178 29 Socialdemokraterna
944 226 22 28 922
1035 230 20 15 64
1116 230 27 15 156

637 251 85 15 Moderata
729 251 134 19 samlingspartiet
947 252 19 15 46
1036 252 19 15 20
1124 252 20 15 66

627 268 107 30 Folkpartiet
947 274 19 15 25
1038 274 17 15 19
1124 275 20 14 44

626 291 79 28 Centern
947 296 19 15 27
1038 297 16 14 15
1124 297 19 14 42

636 318 124 19 Vänsterpartiet
768 318 138 15 kommunisterna
950 319 15 14 13
1046 319 8 14 8
1124 319 17 14 21

637 340 105 19 Miljöpartiet
749 340 20 15 de
776 340 56 15 Gröna
950 341 16 14 12
1046 341 8 15 8
1125 341 19 15 20

636 383 88 19 Riksdagen
732 383 46 15 totalt
936 384 30 15 215
1026 378 29 31 134
1113 384 31 15 349

716 432 111 17 Procentuell
836 432 101 21 fördelning
945 437 20 12 av
973 432 90 21 kvinnliga
1071 432 98 17 ledamöter

716 461 46 17 inom
771 461 89 22 partierna

1015 486 58 28 Antal
1115 490 66 15 Procent

636 507 178 29 Socialdemokraterna
1035 512 20 15 64
1114 512 16 14 41

636 534 85 15 Moderata
728 534 135 19 samlingspartiet
1036 534 19 15 20
1114 534 20 15 30

626 552 107 27 Folkpartiet
1038 557 17 14 19
1114 556 19 15 43

636 574 69 29 Centern
1038 579 16 14 15
1114 579 19 15 36

636 600 124 19 Vänsterpartiet
768 600 138 15 kommunisterna
1046 601 8 15 8
1114 601 19 15 38

637 622 104 19 Miljöpartiet
748 622 21 15 de
776 623 56 15 Gröna
1046 623 8 15 8
1113 623 20 15 40

636 666 88 19 Riksdagen
731 666 47 15 totalt
1025 662 30 29 134
1113 666 20 15 38

635 713 27 23 5a
680 709 20 38 —
716 715 131 27 Riksdagen

713 765 65 14 Talman

634 787 74 15 Peterson
714 787 53 18 Thage
775 786 52 15 Edvin
834 786 79 18 Gerhard,
921 787 25 17 33,
954 786 18 15 88
980 791 6 10 s

714 830 53 14 Förste
774 830 31 14 vice
812 830 59 14 talman

633 852 87 15 Troedsson
728 852 79 18 Ingegerd,
815 852 24 17 29,
847 852 19 14 79
874 856 15 10 m

714 895 51 14 Andre
772 895 32 14 vice
811 895 58 14 talman

635 917 64 14 Eirefelt
706 917 30 14 Jan
744 916 75 18 Christer,
826 917 25 17 42,
859 917 19 15 88
886 916 17 19 fp

713 960 55 18 Tredje
775 960 32 14 vice
814 960 58 14 talman

635 982 69 19 Fiskesjö
712 982 48 14 Bertil
768 982 47 14 Allan
824 981 40 18 Nils,
872 982 24 17 28,
904 982 19 15 86
931 986 8 10 c

635 1027 28 23 5b

636 1078 68 15 Bohman
714 1078 22 15 Bo
745 1078 50 15 Gösta
803 1078 24 15 JK
836 1077 17 15 fd
862 1078 76 17 Statsråd,
949 1078 21 17 11,
978 1078 38 18 (AK
1025 1078 60 15 58—69
1094 1078 27 15 FK
1130 1078 26 18 70)
1164 1078 16 15 71

656 1100 107 19 (Stockholm)
771 1104 14 10 m

636 1122 78 15 Lindkvist
721 1122 54 15 Oskar
782 1122 69 15 William
859 1122 80 19 Org.chef,
947 1122 24 17 21,
978 1122 37 18 (AK
1023 1122 60 15 61—64
1090 1122 67 19 66—70)
1164 1123 16 14 71

656 1144 107 19 (Stockholm)
772 1144 54 15 BoU:s
833 1144 34 15 vice
874 1144 41 15 ordf.
923 1149 7 10 s

635 1167 63 15 Werner
706 1167 37 15 Lars
752 1167 49 19 Helge
809 1167 118 17 Ombudsman,
935 1167 24 17 35,
967 1167 34 18 (FK
1009 1167 68 18 65—70)
1084 1167 16 15 71
1110 1167 72 19 (Tyresö)

657 1189 82 15 Partiordf.
747 1189 31 19 vpk

636 1207 87 46 ARdeEOR
729 1211 37 15 Sten
772 1211 45 15 Sture
823 1211 76 18 Statsråd,
906 1212 24 17 23,
936 1212 35 18 (FK
978 1212 67 18 66—70)
1051 1212 16 14 71
1075 1212 108 18 (Stockholm)

714 1033 117 17 Stockholms
839 1033 99 17 kommuns
947 1033 77 17 valkrets

636 1235 94 46 Fridolfsson
739 1256 39 19 Filip
785 1256 69 15 William
863 1256 81 17 Fabrikör,
952 1256 24 17 23,
983 1256 37 18 (AK
1027 1256 61 15 65—70
1096 1256 12 15 R
1116 1256 67 19 72—79)

656 1278 18 15 82
682 1278 108 19 (Stockholm)
798 1283 14 10 m

635 1300 84 19 Sigurdsen
728 1300 67 15 Gertrud
805 1300 81 15 Christina
895 1300 17 15 fd
922 1300 76 18 Statsråd,
1008 1301 24 17 23,
1041 1301 38 18 (AK
1088 1301 67 18 69—70)
1164 1301 16 14 71

656 1322 107 19 (Stockholm)
771 1327 6 10 s

636 1345 58 15 Gradin
705 1345 46 15 Anita
762 1345 76 19 Ingegerd
848 1345 76 18 Statsråd,
934 1345 25 18 33,
969 1345 36 18 (AK
1016 1345 67 19 69—70)
1093 1345 16 15 71
1120 1345 62 19 (Stock-

656 1367 51 19 holm)
714 1372 6 10 s

636 1390 85 14 Hellström
732 1390 44 14 Mats
784 1390 53 14 Johan
847 1390 77 17 Statsråd,
933 1390 25 17 42,
968 1390 38 18 (AK
1015 1390 68 18 69—70)
1093 1390 16 15 71
1121 1390 61 18 (Stock-

656 1412 51 18 holm)
714 1416 6 10 s

635 1434 66 15 Theorin
707 1434 50 14 Karin
763 1434 35 19 Maj
804 1434 40 15 Britt
850 1434 90 19 Margareta
946 1434 115 18 Ambassadör,
1067 1434 24 18 32,
1097 1435 17 14 71
1121 1434 61 19 (Stock-

656 1456 51 19 holm)
714 1461 6 10 s

635 1478 85 15 Wikström
727 1479 78 14 Jan-Erik
814 1479 27 14 FK
850 1478 17 15 fd
876 1478 76 18 Statsråd,
961 1479 24 17 32,
994 1479 36 18 (FK
1038 1479 20 15 70
1067 1479 13 15 R
1089 1479 66 18 71—73)
1163 1479 19 15 76

656 1500 107 19 (Stockholm)
771 1500 17 20 fp

636 1523 68 15 Ulander
714 1523 38 15 Lars
761 1523 56 15 Göran
828 1523 118 18 Ombudsman,
957 1524 24 16 34,
991 1523 19 15 79
1019 1523 109 19 (Stockholm)
1138 1524 45 15 AU:s

656 1545 40 15 ordf.
704 1550 7 10 s

635 1567 18 15 af
658 1568 59 18 Ugglas
723 1568 64 14 Märtha
793 1568 103 18 Margaretha
902 1568 89 17 Civ.ekon.,
997 1568 24 17 39,
1028 1568 19 14 74
1052 1568 108 19 (Stockholm)
1167 1572 14 11 m

636 1589 83 15 Granstedt
727 1590 30 14 Pär
765 1590 37 14 Erik
810 1590 33 18 FK,
850 1590 25 17 45,
883 1590 19 14 74
909 1590 103 19 (Södertälje)
1020 1590 45 15 UU:s
1073 1590 34 15 vice
1114 1590 41 15 ordf.
1163 1595 8 10 c

635 1612 85 15 Fleetwood
728 1612 79 15 Elisabeth
815 1612 47 15 Alma
870 1612 75 15 Fredrika
952 1612 124 15 Swantesdotter
1083 1612 42 19 Adj.,
1132 1612 24 18 27,
1164 1613 19 14 79

656 1634 107 18 (Stockholm)
771 1638 14 10 m

635 1656 42 15 Bildt
685 1656 35 15 Nils
728 1656 57 15 Daniel
794 1656 43 18 Carl,
844 1657 25 17 49,
877 1656 19 15 79
903 1656 108 19 (Stockholm)
1020 1656 83 16 Partiordf.
1111 1661 15 10 m

635 1678 56 15 Modin
698 1678 46 15 Anita
753 1678 146 19 Förbundskassör,
907 1679 24 17 39,
939 1679 19 15 82
966 1678 108 19 (Stockholm)
1081 1684 6 10 s

636 1700 77 19 Lindqvist
720 1701 49 18 Bengt
776 1700 41 15 Olof
824 1701 68 14 Lennart
899 1701 77 17 Statsråd,
984 1701 24 17 36,
1016 1701 18 15 88
1042 1701 73 19 (Tyresö)
1122 1706 7 10 s

635 1722 75 19 Friggebo
718 1723 50 18 Birgit
777 1723 41 14 Irma
827 1722 79 20 Gunborg
915 1722 17 16 fd
941 1723 76 18 Statsråd,
1025 1723 24 18 41,
1058 1723 21 19 (R
1088 1723 67 19 79—082)
1163 1723 19 15 85

655 1744 108 19 (Stockholm)
770 1744 18 19 fp
