1060 1570
448 59 115 22 Riksdagen.

901 57 61 26 [148]

46 195 61 26 [148]

61 241 49 35 V.
159 239 289 48 Riksdagen,
479 240 110 37 dess
621 239 326 39 Ombudsmän

374 300 89 37 och
493 300 139 36 Verk.

196 384 143 27 Riksdagen.

59 432 83 16 Riksdagen
151 432 43 15 skall,
202 432 5 13 i
215 432 40 13 kraft
261 436 18 9 av
286 432 45 13 rikets
337 432 115 16 regeringsform,
458 436 37 9 sam-

41 450 77 13 manträda
128 450 41 16 varje
179 450 16 13 år
205 451 27 12 den
244 454 17 9 10
271 450 57 16 januari
333 450 40 15 eller,
379 454 24 9 om
410 450 59 16 helgdag
476 450 18 13 då

40 468 74 16 inträffar,
123 469 46 15 dagen
176 469 69 12 därefter.
255 469 81 15 Riksdagen
345 469 36 12 skall
387 472 35 9 vara
428 469 66 12 avslutad

41 487 28 12 den
79 490 16 12 31
105 487 79 12 december.
201 490 34 12 1949
246 487 91 12 avskaffades
347 487 80 15 begreppen
435 486 59 16 lagtima

40 505 27 12 och
81 504 53 13 urtima
148 504 57 16 riksdag
218 505 27 12 och
259 505 60 12 ersattes
332 508 19 9 av
364 504 82 16 vårsession,
456 504 39 13 höst-

40 522 54 13 session
103 523 26 12 och
139 523 40 12 extra
189 522 57 13 session.
256 522 100 13 Vårsessionen
365 523 35 12 skall
407 523 4 12 i
417 522 37 16 regel
460 526 34 9 vara

40 541 68 12 avslutad
117 540 29 13 den
155 544 16 12 31
181 540 35 16 maj.

59 561 50 13 Första
120 561 87 13 kammarens
217 561 74 13 ledamöter
301 562 26 12 äro
340 565 25 12 150
376 561 27 13 och
415 561 46 16 väljas
473 562 22 12 för

41 579 32 13 åtta
83 580 21 15 år,
113 580 64 12 räknade
186 579 32 13 från
228 580 27 12 och
265 579 32 13 med
307 579 58 16 januari
373 579 61 13 månads
443 579 51 17 början

40 597 32 13 året
81 599 33 11 näst
123 598 37 12 efter
168 597 30 16 det,
208 597 46 13 under
262 597 47 13 vilket
318 597 39 13 valet
366 598 45 15 skett,
420 601 18 9 av
447 598 47 12 lands-

41 615 49 16 tingen
104 616 27 12 och
144 615 132 16 stadsfullmäktige
289 615 4 13 i
306 615 18 13 de
336 616 55 15 städer,
402 619 31 9 som
445 616 13 16 ej
465 615 29 13 del-

41 634 34 15 taga
86 633 5 13 i
107 633 78 16 landsting.
203 633 28 13 För
244 633 25 13 val
281 633 23 13 till
316 633 51 13 Första
382 633 83 13 kammaren
478 635 17 11 är

39 651 39 13 riket
90 651 56 13 indelat
159 651 5 13 i
179 655 16 12 19
208 651 86 13 valkretsar.
317 651 92 13 Stockholms
422 651 33 13 stad
467 652 27 12 och

40 669 81 16 Göteborgs
133 669 33 13 stad
179 671 52 14 utgöra
244 673 26 9 var
282 669 23 13 för
316 669 22 16 sig
350 673 17 9 en
379 669 69 13 valkrets.
466 670 28 12 An-

40 691 29 9 nan
81 687 40 16 stad,
134 691 31 9 som
178 687 13 16 ej
205 687 65 16 deltager
280 687 4 13 i
295 687 78 16 landsting,
381 687 50 13 tillhör
439 691 55 9 samma

40 705 65 13 valkrets
115 709 31 9 som
157 705 25 13 det
193 705 145 16 landstingsområde,
349 705 33 13 vari
392 706 51 12 staden
454 705 40 13 förut

39 723 54 16 ingått.
115 723 93 16 Indelningen
225 723 4 13 i
246 723 81 13 valkretsar
342 723 79 13 innehälles
440 723 4 13 i
464 723 30 13 val-

40 741 46 15 lagen.
103 741 29 12 För
147 741 40 16 varje
203 741 64 13 valkrets
283 741 45 16 väljes
344 741 37 13 efter
392 741 101 16 folkmängden

39 759 40 13 inom
93 759 33 13 dess
137 759 59 13 område
207 763 17 9 en
235 759 100 16 riksdagsman
347 759 23 13 för
381 761 33 11 vart
425 759 34 13 fullt
469 759 26 16 tal,

39 777 104 13 motsvarande
155 776 29 16 1/150
197 781 18 8 av
226 777 46 13 rikets
284 777 89 16 folkmängd.
391 777 102 13 Valkretsarna

37 795 58 12 indelas
103 795 4 12 i
115 795 32 12 åtta
154 798 68 13 grupper,
228 795 49 12 vilken
285 795 74 15 indelning
366 795 79 13 fastställes
452 795 5 13 i
465 796 29 12 val-

39 812 48 16 lagen.
102 813 43 16 Varje
158 813 16 12 år
187 813 46 13 under
245 813 60 13 oktober
318 813 53 13 månad
384 813 37 13 skall
428 813 40 13 inom
477 817 17 9 en

38 834 20 9 av
67 831 64 12 nämnda
139 834 63 13 grupper
209 831 70 13 förrättas
288 831 24 12 val
320 831 22 12 för
350 831 98 16 nästföljande
457 831 37 13 åtta-

38 848 80 16 årsperiod.
138 849 28 12 Det
180 849 41 12 antal
233 849 100 15 riksdagsmän
347 849 18 12 de
379 849 72 13 särskilda
464 849 30 13 val-

39 866 76 13 kretsarna
130 866 40 13 skola
185 868 32 11 utse
232 867 87 13 bestämmes
333 867 45 15 enligt
392 868 102 12 ovannämnda

38 888 43 9 norm
91 888 19 9 av
122 884 80 16 Konungen
213 886 34 11 vart
258 888 30 9 10:e
298 885 17 12 år
325 885 24 15 (K.
360 885 44 16 kung.
414 885 50 13 härom
471 885 23 15 90/5

40 902 48 16 1952).
107 902 63 13 Valbara
184 904 26 11 äro
223 902 4 13 i
239 903 112 13 kommunernas
365 903 74 13 allmänna
453 907 41 12 ange-

39 920 84 16 lägenheter
132 920 122 16 röstberättigade
264 922 33 12 män
307 921 26 12 och
343 921 69 16 kvinnor,
421 925 31 9 som
459 925 35 13 upp-

39 938 34 13 nått
83 942 18 12 23
111 938 23 13 års
144 938 44 13 ålder.

58 956 49 13 Andra
121 956 88 13 kammarens
222 956 73 13 ledamöter
307 956 39 13 skola
360 956 22 13 till
395 957 54 12 antalet
459 961 35 8 vara

39 977 28 12 230
79 974 33 12 eller
125 974 24 12 det
158 974 43 15 högre
210 974 21 12 tal
240 978 30 8 som
279 974 79 12 föranledes
367 978 19 8 av
395 974 85 16 stadgandet
489 975 5 12 i

40 994 17 12 15
68 991 6 15 $
88 994 8 12 3
106 995 43 9 mom.
163 991 146 16 riksdagsordningen,
323 991 44 12 valda
379 991 23 13 för
414 995 17 9 en
445 992 22 12 tid
476 996 18 8 av

38 1008 34 17 fyra
86 1009 21 15 år,
120 1009 64 13 räknade
196 1009 32 12 från
242 1009 26 12 och
282 1009 33 13 med
327 1009 59 16 januari
393 1009 61 13 månads
462 1010 33 12 bör-

38 1026 27 17 jan
75 1027 32 13 året
116 1028 34 11 näst
160 1027 37 13 efter
206 1027 30 15 det,
246 1027 47 13 under
302 1027 46 13 vilket
358 1027 39 13 valet
407 1028 44 12 skett.
467 1028 28 12 För

38 1045 43 12 dessa
88 1044 24 13 val
119 1046 16 11 är
140 1045 39 12 riket
185 1045 55 12 indelat
247 1045 5 12 i
259 1045 17 12 28
283 1045 87 13 valkretsar.
382 1045 29 13 För
417 1046 40 15 varje
465 1046 29 12 val-

38 1062 41 13 krets
85 1063 46 15 väljes
137 1062 37 13 efter
179 1062 102 16 folkmängden
287 1063 40 12 inom
332 1063 33 12 dess
370 1063 59 13 område
435 1067 17 9 en
458 1063 36 13 riks-

37 1080 72 15 dagsman
114 1080 58 13 förvart
177 1080 34 13 fullt
216 1080 26 16 tal,
246 1081 103 12 motsvarande
352 1080 30 16 !/2s0
387 1081 66 13 avrikets
458 1081 36 13 folk-

37 1098 61 16 mängd.
114 1098 50 13 Rikets
173 1098 74 16 indelning
257 1098 4 13 i
272 1098 81 13 valkretsar
361 1099 79 13 innehålles
450 1099 4 13 i
464 1099 30 13 val-

38 1116 48 15 lagen.
99 1116 44 16 Varje
149 1116 23 13 län
180 1117 43 15 utgör
230 1120 17 9 en
254 1116 70 16 valkrets,
331 1118 41 11 utom
380 1115 78 18 Älvsborgs
466 1117 28 16 län,

37 1137 34 9 som
79 1135 16 11 är
102 1134 39 13 delat
149 1134 5 13 i
162 1138 7 9 2
177 1134 62 15 kretsar,
247 1134 72 16 varjämte
327 1134 64 16 följande
398 1135 49 12 städer
455 1135 39 13 bilda

37 1155 30 9 war
73 1152 22 12 sin
104 1152 69 13 valkrets:
183 1152 12 16 1)
204 1152 90 16 Stockholm,
303 1152 13 16 2)
325 1152 59 16 Malmö,
393 1152 101 17 Hälsingborg,

37 1169 97 14 Landskrona
146 1170 26 12 och
185 1170 47 15 Lund,
244 1170 13 15 3)
270 1170 78 16 Göteborg.
366 1170 28 13 Det
406 1171 41 12 antal
457 1171 36 13 riks-

37 1187 77 16 dagsmän,
124 1188 40 16 varje
173 1188 64 12 valkrets
247 1189 34 14 äger
289 1189 37 14 utse,
335 1188 78 13 fastställes
423 1189 22 12 för
454 1189 40 16 varje

37 1205 110 16 fyraårsperiod
155 1209 19 9 av
181 1206 81 15 Konungen
272 1206 24 16 (K.
306 1206 43 16 kung.
358 1206 51 13 härom
416 1205 25 17 ?9/,
448 1207 45 16 1952).

37 1223 60 13 Valrätt
107 1223 89 13 tillkommer
204 1227 45 9 envar
257 1224 53 12 svensk
319 1228 33 8 man
361 1224 27 13 och
396 1224 60 16 kvinna,
463 1229 30 8 som

36 1242 52 12 senast
97 1241 46 13 under
151 1241 119 16 nästföregående
276 1241 86 13 kalenderår
367 1241 34 17 fyllt
407 1245 16 10 21
431 1242 21 16 år,
457 1243 37 12 dock

38 1259 15 16 ej
60 1259 34 15 den,
101 1263 31 9 som
138 1259 31 13 står
175 1259 46 13 under
227 1259 125 17 förmynderskap.
361 1260 63 13 Valbara
430 1261 25 12 äro
459 1262 34 11 män

37 1277 29 13 och
76 1277 68 16 kvinnor,
153 1281 31 9 som
194 1277 64 16 uppnått
269 1281 16 12 23
296 1278 23 12 års
329 1278 40 12 ålder
379 1279 38 12 samt
427 1279 26 14 äga
463 1279 30 12 val-

37 1296 34 11 rätt
80 1295 40 13 inom
130 1295 82 13 valkretsen
222 1295 40 16 eller,
272 1296 27 12 där
308 1296 41 15 fråga
359 1297 16 11 är
384 1300 24 9 om
418 1296 38 16 stad,
463 1300 30 9 som

38 1313 52 12 består
99 1317 18 8 av
126 1313 37 13 flera
172 1313 87 16 valkretsar,
268 1313 40 13 inom
318 1313 46 16 någon
375 1317 18 9 av
403 1314 46 13 dessa.

57 1331 55 12 Genom
121 1334 17 9 en
149 1331 16 12 år
175 1335 33 12 1941
219 1331 73 16 företagen
303 1332 62 15 ändring
374 1331 4 13 i
385 1332 4 15 $
399 1335 16 12 30
421 1331 79 16 riksdags-
492 1323 5 31 |

37 1348 81 16 ordningen
132 1349 27 12 har
173 1348 76 17 möjlighet
264 1349 55 13 beretts
334 1351 23 11 att
372 1349 25 13 vid
412 1350 33 15 krig
459 1345 41 17 eller)

37 1366 72 16 krigsfara
119 1367 79 16 uppskjuta
208 1367 24 12 val
244 1366 24 13 till
275 1367 81 16 riksdagen,
366 1367 41 13 såväl
417 1368 23 12 till
448 1367 44 14 första

36 1388 33 9 som
79 1384 46 13 andra
133 1384 89 13 kammaren.
498 1387 1 10 I

57 1402 92 13 Gemensamt
158 1403 22 12 för
189 1403 38 12 båda
236 1403 85 12 kamrarnas
328 1402 81 14 ledamöter
414 1403 51 16 gäller,
471 1405 21 11 att

36 1419 204 17 riksdagsmannabefattning
252 1421 28 12 kan
291 1422 52 11 utövas
353 1421 51 12 endast
413 1424 19 9 av
440 1419 59 15 svensk
488 1414 11 26 |

37 1437 101 16 medborgare.

57 1455 29 13 Till
100 1456 38 13 båda
151 1456 78 13 kamrarna
242 1456 26 13 ske
281 1456 42 13 valen
337 1456 34 13 med
382 1456 111 17 proportionellt

38 1473 63 14 valsätt,

529 385 76 13 Allmänna
614 385 24 13 val
647 385 23 13 till
678 385 50 13 Andra
737 386 84 13 kammaren
830 387 54 12 skedde
893 389 49 11 senast
948 387 16 13 år

511 406 41 13 1952,
561 403 23 13 för
593 403 68 16 perioden
672 405 95 15 1953—1956.

528 421 93 13 Beträffande
626 422 97 15 ersättningen
729 423 22 12 för
757 422 207 17 riksdagsmannauppdragets

510 439 90 16 fullgörande
609 440 38 12 hava
655 440 109 13 bestämmelser
772 440 44 15 givits
823 440 4 13 i
834 444 43 9 en.av
883 441 80 14 Konungen

510 458 26 12 och
545 457 75 16 riksdagen
632 457 15 13 år
654 461 33 13 1941
696 458 63 13 samfällt
767 458 65 13 beslutad
839 458 51 16 stadga
897 459 23 14 (21
927 459 36 13 febr.

511 479 33 12 1941
559 475 33 13 med
606 476 39 13 ändr.
659 478 49 11 senast
723 477 45 15 1954).
785 476 104 16 Riksdagsman
899 477 66 16 åtnjuter

510 493 53 13 arvode
578 493 32 13 från
627 494 26 12 och
667 494 33 13 med
714 494 28 13 den
756 495 32 15 dag,
803 494 18 13 då
835 495 29 12 han
876 496 40 14 tager
925 495 39 16 plats

510 511 4 12 i
528 511 76 16 riksdagen
618 512 21 12 till
652 512 26 12 och
688 512 33 13 med
730 512 28 13 den
767 512 32 16 dag,
809 512 19 13 då
837 512 125 16 riksdagsmanna-

510 529 80 16 uppdraget
599 530 60 15 upphör.
671 530 63 13 Arvodet
744 531 56 15 utgöres
806 534 19 9 av
831 531 99 15 grundarvode
936 531 27 12 och

510 547 151 16 kostnadsersättning,
675 548 101 13 Grundarvode
790 548 42 16 utgår
845 548 33 13 med
892 552 40 12 9,000
942 549 21 12 kr.

509 565 23 12 för
545 565 20 13 år.
580 565 152 17 Kostnadsersättning
744 566 42 16 utgår
794 566 33 12 med
837 570 40 12 3,000
886 566 21 13 kr.
917 567 22 12 för
948 566 16 13 år

509 587 24 8 om
546 583 98 16 riksdagsman
658 584 15 12 är
685 584 48 12 bosatt
742 584 39 13 inom
790 585 23 12 ort
822 584 26 13 där
857 584 57 16 riksdag
920 584 43 13 hålles

509 602 38 11 samt
560 601 41 16 eljest
614 601 32 13 med
661 602 40 15 8,000
715 602 21 12 kr.
750 602 22 12 för
781 601 20 14 år.
818 602 105 16 Riksdagsman
930 604 34 14 äger

510 619 19 16 på
541 619 25 12 det
578 619 81 13 allmännas
672 620 81 12 bekostnad
762 620 65 15 företaga
837 624 39 9 resor
885 620 8 13 å
903 620 60 16 statliga

509 637 27 12 och
551 637 66 12 enskilda
628 637 81 16 järnvägar.
726 638 111 15 Riksdagsman,
847 642 31 9 som
889 639 15 11 är
913 638 50 13 bosatt

510 654 8 13 å
528 658 47 9 annan
585 656 24 12 ort
618 656 18 11 än
647 655 27 13 där
683 655 76 16 riksdagen
769 655 52 16 hålles,
831 657 34 14 äger
873 656 56 16 jämväl
938 656 25 13 vid

510 673 93 15 begagnande
616 676 18 10 av
646 674 45 12 annat
704 673 80 13 färdmedel
796 675 18 11 än
827 673 4 13 i
844 674 47 13 första
905 674 57 16 stycket

509 692 40 14 sagts
563 691 19 16 på
596 691 25 13 det
633 691 81 13 allmännas
726 692 81 12 bekostnad
819 695 32 10 resa
860 692 25 12 till
893 692 27 13 och
930 692 32 13 från

509 709 76 15 riksdagen
598 710 38 12 samt
647 709 46 13 under
702 709 82 13 sessionstid
793 709 53 13 mellan
855 710 108 16 riksdagsorten

509 727 27 12 och
546 727 79 12 hemorten.
754 736 1 3 ;

528 744 108 16 Riksdagsman,
646 748 31 9 som
686 745 55 13 tillhört
750 745 74 16 riksdagen
834 745 44 13 minst
888 746 7 12 8
904 745 20 17 år,
931 747 33 15 äger

509 763 30 12 rätt
549 762 21 13 till
580 762 62 17 pension,
653 766 14 9 se
677 763 21 12 SF
708 762 55 17 464/47,
773 763 49 16 507/51
833 767 13 10 o.
856 763 56 16 788/51.

529 781 86 12 Kamrarnas
626 780 53 13 talmän
689 781 54 13 erhålla
751 782 173 15 representationsbidrag
929 782 34 13 med

509 798 43 16 högst
561 802 41 12 5,000
612 799 21 12 kr.
642 799 22 12 för
673 799 21 13 år.

625 865 70 16 Första
708 866 132 16 kammaren.

649 900 114 17 Stockholms
775 901 47 17 stad.

591 932 125 22 (Mandattiden
729 934 48 21 utgår
789 934 19 16 år
822 934 57 21 1961.)

509 969 82 20 Bergvall,
602 970 45 19 John
659 970 76 18 Helmer,
749 970 23 15 fd.
783 970 95 20 Borgarråd
887 969 53 22 [501],
950 972 11 15 f.

534 993 27 18 92;
575 993 22 15 54
610 991 42 21 (adr.
666 992 113 20 Stockholm).

509 1015 65 20 Strand,
597 1017 43 15 Axel
661 1017 87 19 Wilhelm,
770 1017 192 22 Riksgäldsfullmäktig

533 1038 52 22 [211],
603 1041 59 16 Förste
679 1042 34 15 vice
730 1042 70 18 talman,
817 1042 11 15 f.
842 1042 28 18 93;
884 1042 22 15 54
919 1040 42 21 (adr.

534 1063 107 20 Stockholm).

509 1087 80 21 Englund,
609 1088 14 16 Erik
668 1088 89 19 Wilhelm,
774 1088 32 16 Fil.
819 1089 28 19 D.,
863 1089 14 20 J.
891 1089 28 20 K.,
937 1090 24 15 fd.

534 1113 87 18 Aktuarie,
635 1113 11 15 f.
660 1113 27 18 89;
701 1112 23 16 54
736 1111 43 20 (adr.
793 1111 112 20 Stockholm).

509 1135 85 21 Branting,
612 1136 63 21 Georg,
693 1137 14 20 J.
722 1136 27 19 K.,
769 1137 85 19 Advokat,
872 1137 64 19 NFrIK,
949 1138 12 15 f.

522 1160 39 18 >87;
575 1161 23 15 54
610 1158 42 21 (adr.
666 1158 113 21 Stockholm).

509 1183 75 19 Ewerlöf,
597 1184 47 15 Knut
658 1184 77 15 Gerhard
746 1183 68 20 (förutv.
824 1183 88 21 Statsråd),
920 1185 14 20 J.
944 1190 17 10 o.

533 1208 32 16 Fil.
575 1208 28 19 K.,
617 1208 87 18 Direktör,
721 1208 101 19 KmstkNO,
836 1209 55 18 KVO,
903 1209 59 15 KFinl

513 1249 6 5 >
533 1232 55 18 VRO,
602 1232 10 15 f.
623 1232 27 17 90;
665 1232 22 15 54
700 1230 42 21 (adr.
756 1230 113 21 Stockholm).

509 1255 59 19 Åman,
581 1256 56 15 Oskar
650 1256 63 19 Valter,
727 1256 86 19 Direktör,
827 1257 11 15 f.
848 1256 28 19 05;
886 1256 22 16 54
918 1254 42 22 (adr,

534 1278 91 21 Enskede).

509 1302 50 17 Gärde
572 1303 85 19 Widemar,
676 1303 65 21 Ingrid,
758 1304 11 15 f.
783 1303 63 19 Gärde,
857 1304 15 20 J.
885 1304 28 19 K.,
927 1304 33 16 Ad-

534 1328 56 17 vokat,
604 1328 11 15 f.
630 1327 25 18 12;
670 1327 22 16 54
704 1325 42 21 (adr.
760 1326 113 21 Stockholm).

509 1350 98 21 Lindström,
624 1351 38 16 Ulla
676 1351 76 19 Gunilla,
765 1352 12 15 f.
790 1352 78 18 Wohlin,
885 1350 76 17 Statsråd

532 1373 40 22 [48],
586 1376 11 15 f.
611 1375 27 18 09;
653 1375 21 16 54
687 1373 42 21 (adr.
743 1373 112 22 Stockholm).

508 1398 79 20 Aastrup,
605 1399 39 16 Nils
661 1399 64 15 Gustav
742 1399 50 19 Emil,
806 1399 87 20 Direktör,
907 1400 10 14 f.
932 1399 27 19 00;

532 1423 23 16 54
567 1421 42 21 (adr.
623 1421 112 20 Stockholm).

508 1445 73 22 Mogård,
592 1447 54 20 Johan
661 1447 54 15 Adolf
721 1446 58 19 Bertil,
789 1447 110 20 Kontr.prost
907 1444 52 23 [711],

532 1471 11 15 f.
557 1471 27 18 92;
598 1471 23 15 54
633 1469 43 21 (adr.
689 1469 112 21 Stockholm).

483 1515 34 16 267
