1060 1574
94 72 61 27 [148]

499 74 115 22 Riksdagen.

80 204 4 4 +
96 194 62 25 [148]

113 239 48 35 V.
211 237 288 47 Riksdagen,
532 237 109 37 dess
673 236 327 38 Ombudsmän

427 297 88 37 och
546 297 138 36 Verk.

247 382 143 27 Riksdagen.

112 430 83 16 Riksdagen
204 429 43 16 skall,
255 430 5 12 i
268 430 39 12 kraft
314 433 18 9 av
338 430 46 12 rikets
389 429 115 16 regeringsform,
510 433 37 9 sam-

94 448 77 13 manträda
181 448 41 16 varje
232 448 17 12 år
258 448 27 12 den
297 452 17 8 10
324 448 56 15 januari
386 448 40 13 eller,
432 451 23 9 om
462 447 60 16 helgdag
528 447 19 12 då

93 466 75 15 inträffar,
176 466 46 15 dagen
230 466 68 12 därefter.
308 466 81 15 Riksdagen
399 466 36 12 skall
441 469 33 9 vara
481 465 67 12 avslutad

94 484 29 12 den
132 487 16 12 31
159 483 79 13 december.
254 486 34 13 1949
300 483 91 12 avskaffades
400 483 80 16 begreppen
489 482 58 16 lagtima

94 501 26 13 och
134 501 54 13 urtima
201 501 57 16 riksdag
272 501 26 13 och
312 502 61 12 ersattes
386 504 19 9 av
417 500 83 16 vårsession,
510 500 38 13 höst-

94 519 53 13 session
156 520 26 12 och
192 521 41 11 extra
243 519 57 13 session.
310 519 100 13 Vårsessionen
418 519 36 12 skall
460 519 4 12 i
470 518 37 16 regel
514 522 34 9 vara

94 537 68 13 avslutad
171 537 29 13 den
209 541 16 12 31
236 537 34 16 maj.

113 558 49 13 Första
174 558 87 12 kammarens
271 558 73 12 ledamöter
355 558 26 12 äro
394 561 25 11 150
431 558 26 12 och
469 557 46 16 väljas
527 557 22 12 för

95 576 32 13 åtta
136 576 22 15 år,
166 576 65 12 räknade
240 575 32 13 från
282 576 27 12 och
318 575 34 13 med
361 575 58 16 januari
428 575 60 13 månads
498 575 50 16 början

94 594 32 13 året
134 595 34 12 näst
177 594 37 12 efter
222 594 31 15 det,
262 594 46 12 under
316 593 47 13 vilket
372 593 39 13 valet
420 593 44 15 skett,
474 597 18 9 av
501 593 48 12 lands-

95 612 49 16 tingen
158 612 27 13 och
198 611 132 16 stadsfullmäktige
343 611 4 13 i
360 611 18 13 de
390 611 55 16 städer,
456 615 31 9 som
499 611 13 16 ej
519 611 30 13 del-

95 631 33 14 taga
140 630 5 12 i
160 629 80 16 landsting.
258 629 28 13 För
299 629 24 13 val
335 629 23 13 till
370 629 51 13 Första
435 629 84 13 kammaren
533 630 16 11 är

93 648 39 12 riket
144 647 56 13 indelat
214 647 4 13 i
233 651 16 12 19
263 647 86 13 valkretsar.
371 647 91 13 Stockholms
476 647 33 12 stad
521 647 27 12 och

94 666 81 15 Göteborgs
188 665 33 13 stad
234 666 52 15 utgöra
298 669 26 9 var
336 665 23 13 för
371 665 21 15 sig
405 669 17 9 en
433 665 69 13 valkrets.
520 665 28 12 An-

94 687 29 9 nan
136 684 39 15 stad,
188 687 32 9 som
232 683 13 16 ej
259 683 65 16 deltager
335 683 4 12 i
349 683 79 15 landsting,
435 683 51 13 tillhör
493 686 55 9 samma

94 701 65 13 valkrets
169 705 32 9 som
212 701 25 13 det
248 701 145 15 landstingsområde,
404 701 32 12 vari
446 701 51 12 staden
508 701 41 12 förut

94 719 53 16 ingått.
169 719 94 15 Indelningen
279 719 5 12 i
301 719 81 12 valkretsar
397 718 79 13 innehålles
494 718 4 13 i
519 718 30 13 val-

94 737 47 16 lagen.
158 737 28 13 För
201 737 41 16 varje
257 737 65 12 valkrets
338 736 45 16 väljes
399 737 37 12 efter
446 736 102 16 folkmängden

94 755 40 13 inom
148 755 33 13 dess
191 755 60 13 område
262 758 17 9 en
290 755 100 15 riksdagsman
402 754 23 13 för
435 756 33 11 vart
480 754 33 13 fullt
524 754 26 16 tal,

94 773 104 13 motsvarande
210 772 29 16 !/15s0
252 776 19 9 av
281 772 46 13 rikets
339 772 89 16 folkmängd.
446 772 103 13 Valkretsarna

93 791 57 13 indelas
157 791 5 12 i
170 791 32 12 åtta
209 794 68 12 grupper,
283 790 49 13 vilken
340 790 74 16 indelning
421 790 79 13 fastställes
507 790 4 12 i
519 790 30 13 val-

94 809 48 15 lagen.
156 809 44 16 Varje
209 808 16 13 år
233 808 47 13 under
287 808 82 16 september
377 808 53 13 månad
438 808 38 13 skall
483 808 40 13 inom
532 812 17 9 en

95 830 19 9 av
122 827 64 12 nämnda
194 830 63 12 grupper
264 826 70 13 förrättas
342 826 25 13 val
375 826 23 13 för
406 826 97 16 nästföljande
512 826 37 13 åtta-

95 844 79 16 årsperiod.
193 844 29 13 Det
236 844 40 13 antal
288 844 100 16 riksdagsmän
402 844 18 13 de
434 844 71 13 särskilda
519 844 30 12 val-

95 863 76 12 kretsarna
185 862 41 13 skola
241 863 32 12 utse
287 862 87 13 bestämmes
388 862 46 16 enligt
447 862 102 13 ovannämnda

95 884 42 9 norm
146 884 20 9 av
177 880 81 16 Konungen
268 882 34 11 vart
313 884 30 9 10:e
353 880 17 13 år
380 880 24 16 (K.
415 880 44 16 kung.
469 880 50 13 härom
526 879 23 16 22/5

96 898 47 16 1952).
162 898 63 13 Valbara
239 899 26 12 äro
278 898 5 12 i
294 898 112 13 kommunernas
420 898 73 13 allmänna
507 902 42 12 ange-

95 916 84 16 lägenheter
187 916 122 16 röstberättigade
318 917 34 12 män
362 916 27 13 och
398 916 69 15 kvinnor,
476 920 31 9 som
513 920 36 12 upp-

96 934 33 13 nått
139 937 17 13 23
166 934 24 13 års
199 934 45 13 ålder.

114 952 49 13 Andra
171 952 87 13 kammarens
265 951 73 13 ledamöter
346 952 25 12 äro
380 955 31 12 230,
420 951 43 13 valda
471 951 23 13 för
501 955 18 9 en
528 951 22 13 tid

95 974 19 9 av
123 970 32 16 fyra
164 970 21 15 år,
193 970 64 13 räknade
265 969 32 13 från
306 970 26 12 och
341 969 33 13 med
382 969 59 16 januari
448 969 61 13 månads
517 969 33 13 bör-

95 988 25 16 jan
130 988 32 12 året
172 989 33 11 näst
215 988 38 12 efter
262 987 30 16 det,
302 988 46 12 under
357 987 47 13 vilket
414 987 38 13 valet
462 987 44 13 skett.
522 987 28 13 För

95 1006 41 12 dessa
144 1005 24 13 val
175 1007 16 11 är
196 1005 39 13 riket
241 1005 55 13 indelat
303 1005 4 13 i
315 1005 17 13 28
339 1005 87 13 valkretsar.
438 1005 28 13 För
472 1005 41 16 varje
520 1005 30 13 val-

95 1024 40 12 krets
141 1023 46 16 väljes
192 1023 38 13 efter
235 1023 102 16 folkmängden
343 1023 39 13 inom
388 1023 33 13 dess
426 1023 59 13 område
491 1027 17 9 en
514 1023 36 13 riks-

95 1042 70 15 dagsman
170 1041 58 13 förvart
234 1041 33 13 fullt
272 1041 26 16 tal,
302 1041 103 13 motsvarande
408 1040 29 16 !/2so
442 1041 67 13 avrikets
513 1041 37 13 folk-

95 1059 59 16 mängd.
170 1059 51 13 Rikets
229 1059 75 15 indelning
313 1059 5 12 i
328 1059 81 13 valkretsar
417 1059 79 13 innehålles
506 1059 4 12 i
520 1059 31 12 val-

96 1077 46 16 lagen.
155 1077 44 16 Varje
205 1077 24 13 län
237 1078 43 15 utgör
286 1081 17 9 en
311 1077 69 15 valkrets,
387 1078 41 12 utom
436 1075 78 17 Älvsborgs
522 1077 28 15 län,

95 1099 32 9 som
134 1096 17 12 är
158 1095 39 13 delat
205 1095 5 13 i
218 1099 8 9 2
234 1095 62 15 kretsar,
303 1095 72 15 varjämte
383 1095 64 16 följande
454 1095 50 12 städer
511 1095 39 13 bilda

95 1116 28 9 var
129 1113 22 12 sin
160 1113 69 13 valkrets:
239 1113 12 15 1)
261 1112 89 16 Stockholm,
359 1113 13 16 2)
382 1112 58 16 Malmö,
449 1112 101 16 Hälsingborg,

95 1131 96 12 Landskrona
202 1131 27 12 och
241 1131 47 15 Lund,
301 1131 12 15 3)
327 1130 77 16 Göteborg.
422 1131 28 12 Det
462 1131 40 12 antal
513 1130 37 13 riks-

95 1149 76 15 dagsmän,
180 1149 40 16 varje
229 1148 65 13 valkrets
303 1150 34 14 äger
345 1150 37 14 utse,
391 1148 79 14 fastställes
479 1148 23 13 för
510 1148 40 16 varje

95 1166 107 17 fyraårsperiod
214 1170 19 9 av
241 1166 79 16 Konungen
330 1166 25 16 (K.
365 1166 43 16 kung.
418 1167 49 12 härom
476 1165 18 17 8/s
504 1167 46 15 1948).

95 1184 59 13 Valrätt
163 1184 89 13 tillkommer
261 1188 45 9 envar
314 1184 53 13 svensk
375 1188 34 9 man
418 1185 26 12 och
453 1184 59 16 kvinna,
519 1188 31 9 som

95 1203 49 12 senast
153 1202 47 13 under
207 1202 120 16 nästföregående
333 1202 85 13 kalenderår
424 1202 33 16 fyllt
464 1206 16 9 21
488 1202 21 16 år,
513 1202 37 13 dock

96 1220 14 16 ej
117 1220 33 15 den,
157 1224 31 9 som
194 1220 32 13 står
231 1220 47 13 under
284 1220 125 16 förmynderskap.
418 1220 63 13 Valbara
486 1221 25 12 äro
516 1221 33 12 män

95 1238 27 13 och
132 1238 69 16 kvinnor,
210 1242 31 9 som
251 1238 64 16 uppnått
325 1242 17 12 23
353 1238 23 13 års
386 1238 40 13 ålder
435 1240 38 11 samt
483 1239 27 15 äga
520 1238 30 13 val-

96 1257 31 12 rätt
136 1256 40 13 inom
186 1256 83 13 valkretsen
279 1256 40 16 eller,
329 1256 27 12 där
365 1256 41 16 fråga
416 1257 16 12 är
441 1260 24 9 om
474 1256 39 16 stad,
519 1260 30 9 som

96 1274 50 13 består
156 1277 18 10 av
183 1274 37 13 flera
229 1274 87 15 valkretsar,
325 1274 40 13 inom
374 1274 47 16 någon
432 1278 18 8 av
460 1274 46 13 dessa.

114 1292 55 12 Genom
178 1295 17 9 en
206 1292 16 13 år
232 1296 33 12 1941
276 1292 73 16 företagen
359 1292 63 16 ändring
431 1292 4 12 i
438 1284 4 30 $
456 1296 16 12 30
478 1292 72 15 riksdags-

96 1310 79 15 ordningen
189 1310 26 12 har
230 1309 76 17 möjlighet
321 1310 55 13 beretts
391 1311 23 12 att
429 1310 25 12 vid
469 1310 33 16 krig
517 1309 33 13 eller

95 1327 71 16 krigsfara
176 1327 80 17 uppskjuta
265 1327 24 13 val
301 1327 24 13 till
332 1328 82 16 riksdagen,
423 1327 41 14 såväl
473 1328 24 12 till
505 1327 45 14 första

95 1349 31 9 som
136 1345 45 13 andra
190 1345 89 13 kammaren.

113 1363 93 13 Gemensamt
215 1364 22 12 för
246 1363 38 13 båda
293 1363 85 13 kamrarnas
386 1363 80 13 ledamöter
471 1363 51 16 gäller,
528 1364 22 12 att

95 1380 202 17 riksdagsmannabefattning
309 1381 28 13 kan
348 1382 53 12 utövas
410 1381 51 13 endast
470 1385 19 9 av
497 1381 53 13 svensk

96 1399 99 15 medborgare.

115 1416 28 13 Till
157 1417 38 13 båda
209 1417 77 12 kamrarna
300 1417 25 13 ske
339 1417 42 13 valen
395 1417 33 13 med
440 1416 111 17 proportionellt

96 1434 61 13 valsätt.

114 1452 93 13 Beträffande
212 1452 97 15 ersättningen
315 1452 22 13 för
343 1452 208 16 riksdagsmannauppdragets

96 1469 90 16 fullgörande
195 1470 38 13 hava
242 1470 109 13 bestämmelser
359 1470 44 15 givits
410 1470 5 13 i
421 1474 17 9 en
445 1474 19 9 av
470 1470 80 15 Konungen

96 1488 27 13 och
131 1488 77 16 riksdagen
218 1488 17 13 år
241 1492 34 12 1941
283 1488 64 14 samfällt
353 1488 67 14 beslutad
426 1488 52 16 stadga
484 1488 23 16 (21
514 1488 36 13 febr.

563 385 33 13 1941
610 382 34 12 med
658 382 39 13 ändr.
712 383 48 12 senast
775 382 46 16 1951).
837 382 105 16 Riksdagsman
952 382 66 16 åtnjuter

563 400 52 13 arvode
630 400 33 12 från
679 400 27 12 och
720 400 33 13 med
767 400 27 13 den
808 400 33 15 dag,
856 400 18 13 då
889 400 28 13 han
929 401 40 15 tager
978 400 39 16 plats

563 418 4 13 i
581 418 76 15 riksdagen
671 418 22 12 till
705 418 27 13 och
742 418 32 13 med
783 418 28 13 den
820 418 33 16 dag,
863 418 19 13 då
891 418 125 16 riksdagsmanna-

563 436 80 16 uppdraget
661 436 60 16 upphör.
741 436 57 13 Arvode
816 436 43 15 utgår
877 436 32 12 med
926 437 22 12 ett
964 436 53 16 belopp

563 454 102 12 motsvarande
679 457 40 12 9,000
729 453 20 13 kr.
764 454 23 12 för
800 453 20 16 år,
831 457 23 9 om
864 454 128 15 riksdagsmannen
1002 455 16 11 är

564 471 49 12 bosatt
626 471 8 12 å
648 472 28 14 ort,
690 471 27 12 där
728 471 58 15 riksdag
796 471 48 15 hålles,
855 471 34 12 eller
898 471 41 15 eljest
948 471 33 12 med
993 471 24 12 be-

564 489 33 16 lopp
607 488 101 13 motsvarande
719 492 49 12 12,000
777 489 21 12 kr.
808 488 23 13 för
840 489 20 12 år.
871 488 106 16 Riksdagsman
984 489 34 15 äger

564 507 19 16 på
595 507 25 12 det
632 506 82 13 allmännas
726 506 81 13 bekostnad
816 507 66 15 företaga
891 510 39 9 resor
940 506 8 13 å
957 506 61 16 statliga

564 525 27 13 och
605 524 66 13 enskilda
682 525 81 15 järnvägar.
780 525 111 15 Riksdagsman,
902 528 30 9 som
942 526 16 11 är
967 525 51 12 bosatt

565 543 8 12 å
582 546 48 9 annan
640 544 23 11 ort
673 543 18 12 än
702 543 26 12 där
737 543 76 15 riksdagen
824 542 51 16 hålles,
885 543 34 15 äger
927 542 56 17 jämväl
992 542 26 13 vid

565 560 93 16 begagnande
670 564 18 9 av
701 562 45 11 annat
759 560 79 13 färdmedel
850 561 19 12 än
882 560 4 13 i
899 560 46 13 första
959 560 58 16 stycket

564 579 40 15 sagts
618 578 18 16 på
650 578 26 13 det
687 578 81 13 allmännas
781 578 81 13 bekostnad
875 582 31 9 resa
915 578 25 13 till
948 578 27 13 och
985 578 33 13 från

564 596 77 16 riksdagen
650 597 39 12 samt
697 596 46 13 under
752 596 27 16 tid,
789 596 19 13 då
816 596 54 13 arvode
876 596 25 13 till
908 596 54 13 honom
969 596 48 16 utgår,

564 614 52 13 mellan
627 614 107 16 riksdagsorten
743 614 27 13 och
780 614 80 13 hemorten.

583 632 108 16 Riksdagsman,
704 636 30 8 som
744 632 55 12 tillhört
808 632 75 16 riksdagen
892 631 44 13 minst
946 632 7 12 8
964 632 16 12 år
988 632 30 13 före

564 650 44 16 fyllda
616 650 17 15 65
640 649 20 16 år,
671 651 33 15 äger
713 651 30 11 rätt
753 650 21 12 till
783 650 64 16 pension,
855 653 15 9 se
876 650 23 12 SF
904 648 56 18 464/47,
968 650 49 16 507/51

564 672 14 9 0.
588 667 56 16 788/51.

583 686 87 12 Kamrarnas
680 685 54 13 talmän
743 685 55 13 erhålla
806 685 173 17 representationsbidrag
984 685 34 13 med

564 704 42 16 högst
615 707 42 12 5,000
666 704 22 12 kr.
697 704 23 12 för
728 703 20 13 år.

583 722 76 12 Allmänna
668 721 24 13 val
702 721 23 13 till
732 721 50 13 Andra
790 721 85 13 kammaren
884 721 54 13 skedde
946 722 49 12 senast
1003 721 16 12 år

565 743 41 13 1952,
615 740 23 12 för
647 739 68 17 perioden
726 739 95 16 1953—1956.

680 812 71 16 Första
763 812 132 16 kammaren.

704 856 114 17 Stockholms
830 856 47 17 stad.

646 894 125 22 (Mandattiden
784 895 48 21 utgår
845 895 19 17 år
878 895 57 21 1961.)

564 931 82 22 Bergvall,
657 932 45 21 John
714 932 77 19 Helmer,
801 930 97 22 Borgarråd
906 929 53 23 [501],
969 932 11 15 f.
990 932 27 16 92;

589 957 22 15 54
623 955 43 21 (adr.
680 953 113 22 Stockholm).

565 979 65 19 Strand,
653 980 43 16 Axel
717 980 87 19 Wilhelm,
826 980 193 20 Riksgäldsfullmäktig

589 1001 52 23 [211],
659 1005 59 15 Förste
735 1005 34 15 vice
786 1004 71 19 talman,
874 1004 10 15 f.
899 1004 27 18 93;
940 1004 23 15 54
975 1002 43 21 (adr.

590 1026 111 21 Stockholm).

565 1051 80 21 Englund,
665 1052 42 15 Erik
725 1051 88 19 Wilhelm,
830 1051 32 15 Fil.
948 1051 16 15 K.,
994 1051 24 16 fd;

590 1076 88 19 Aktuarie,
691 1076 12 16 f.
717 1076 27 18 89;
758 1075 22 16 54
793 1073 43 21 (adr.
850 1059 112 40 Stockholm).

566 1099 84 21 Branting,
669 1100 63 20 Georg,
750 1100 14 20 J.
778 1100 28 18 K.,
826 1100 85 19 Advokat,
929 1099 63 19 NFrK,
1006 1100 12 15 f.

590 1124 28 18 87;
632 1124 22 16 54
667 1122 42 21 (adr.
723 1121 113 21 Stockholm).

565 1147 76 19 Ewerlöf,
654 1148 47 15 Knut
715 1147 77 16 Gerhard
803 1146 68 20 (förutv.
881 1145 88 21 Statsråd),
977 1147 14 20 J.
1002 1152 16 10 o.

590 1173 32 15 Fil.
632 1172 27 19 K.,
674 1172 87 18 Direktör,
776 1167 67 29 Kmstk
848 1171 37 18 NO,
896 1171 55 19 KVO,
961 1171 58 15 KFinl

590 1196 54 18 VRO,
658 1196 11 15 f.
680 1196 28 18 90;
722 1196 23 16 54
757 1194 42 21 (adr.
813 1193 113 21 Stockholm).

566 1214 58 25 Åman,
638 1220 56 16 Oskar
706 1220 64 19 Valter,
784 1219 87 19 Direktör,
885 1219 11 16 f.
906 1219 27 18 05;
944 1219 22 16 54
975 1216 43 22 (adr.

590 1242 92 21 Enskede).

566 1267 50 17 Gärde
629 1267 85 19 Widemar,
734 1267 64 21 Ingrid,
815 1267 11 15 f.
841 1267 62 19 Gärde,
914 1266 15 21 J.
943 1267 28 18 K.,
984 1266 34 16 Ad-

589 1292 57 18 vokat,
660 1292 10 16 f.
686 1292 25 18 12;
726 1291 22 16 54
760 1289 42 21 (adr.
816 1289 114 21 Stockholm).

566 1315 98 20 Lindström,
682 1316 39 16 Ulla
734 1315 76 19 Gunilla,
824 1315 11 15 f.
849 1315 77 18 Wohlin,
943 1314 33 16 Fil.
989 1314 28 19 K.,

590 1340 93 18 Redaktör,
697 1340 11 15 f.
721 1339 28 18 09;
763 1339 22 16 54
797 1337 42 21 (adr.
854 1336 106 22 Stockholm).

566 1363 79 20 Aastrup,
663 1364 39 15 Nils
719 1363 64 16 Gustav
800 1363 50 19 Emil,
864 1363 87 19 Direktör,
965 1362 10 15 f.
989 1362 28 18 00;

591 1388 22 16 54
625 1386 42 21 (adr.
681 1385 112 20 Stockholm).

566 1410 73 22 Mogård,
649 1412 56 20 Johan
718 1411 55 15 Adolf
780 1410 57 18 Bertil,
847 1410 110 21 Kontr.prost
965 1407 52 22 [711],

590 1436 10 15 f.
614 1436 28 17 92;
656 1435 23 16 54
691 1433 43 21 (adr.
747 1432 112 21 Stockholm).

566 1458 98 19 Andersson,
678 1459 49 15 Ebon
737 1459 54 15 Maria
800 1458 79 19 Isabella,
893 1457 125 16 Bibliotekarie

589 1481 53 22 [729],
655 1483 11 16 f.
680 1483 28 19 96;
722 1483 22 15 54
756 1480 43 22 (adr.
812 1479 111 22 Stockholm).

540 1528 33 17 262
