1244 1904
55 60 57 33 5—5b
565 64 111 24 Riksdagen

137 159 87 21 Riksda
225 166 44 21 gen
722 152 140 20 Partiställningen
868 152 5 15 i
880 152 85 20 riksdagen

1008 189 47 14 Antal
1061 189 85 14 ledamöter

958 206 47 27 Män
1046 210 67 14 Kvinnor
1119 206 8 27 =
1134 210 48 14 Totalt

154 242 2 3 a
627 226 179 28 Socialdemokraterna
978 230 18 15 8
1055 230 18 15 56
1136 231 26 14 138

54 235 12 23 5
137 242 55 20 Riksg.
202 243 13 14 1.
223 242 22 15 Pa
253 242 29 15 100
288 242 19 15 12
313 242 101 16 Stockholm.
421 242 32 16 Tel.
461 242 58 16 08-786
524 242 20 15 40
549 242 21 15 00
638 251 81 15 Moderata
726 251 125 19 samlingspartiet
978 251 18 14 59
1055 251 17 14 2
1143 251 19 15 80

55 273 153 21 Regeringsformen
225 274 33 15 den
274 274 20 15 28
310 273 39 16 febr.
368 274 40 15 1974
425 273 26 20 (nr
468 274 35 18 152;
520 273 81 20 omtryckt
638 272 92 19 Folkpartiet
736 272 90 14 liberalerna
978 272 17 14 2
1056 272 17 14 12
1144 272 18 14 33

55 296 45 15 1991:
108 296 45 18 1503,
167 296 61 15 ändrad
241 298 54 13 senast
309 296 45 15 1991:
362 295 53 20 1503).
429 296 171 20 Riksdagsordningen
638 293 67 23 Centern
762 314 2 2 ,
847 315 6 2 he
908 314 3 2 s
978 293 17 14 2
1057 293 16 14 10
1143 293 18 14 31

54 318 32 15 den
94 318 20 16 28
122 318 39 15 febr.
172 318 40 15 1974
220 318 27 20 (nr
256 318 35 18 153;
300 318 81 20 omtryckt
390 318 44 15 1992:
441 318 26 18 43;
477 318 61 15 ändrad
547 321 53 12 senast
613 309 17 33 —
638 314 155 23 Kristdemokratiska
799 313 129 19 Samhällspartiet
980 314 16 14 19
1064 314 9 14 7
1143 313 19 15 26

55 340 45 16 1992:
107 340 32 20 86).
146 340 55 20 Vallag
205 340 32 16 den
242 341 10 15 8
256 340 35 16 dec.
299 340 39 16 1972
343 340 27 20 (nr
374 340 36 19 620;
416 340 80 20 omtryckt
502 340 44 16 1987:
555 340 45 18 1334;
638 335 24 18 Ny
668 334 84 23 demokrati
978 334 18 14 2
1064 334 9 14 3
1143 334 18 14 25

54 363 62 15 ändrad
122 365 54 13 senast
184 363 44 15 1991:
237 362 52 20 1654).
627 351 130 35 Vänsterpartiet
979 355 16 14 1
1064 355 8 14 5
1145 355 17 14 16

638 382 88 19 Riksdagen
732 382 44 14 totalt
968 378 28 27 235
1045 382 28 14 14
1134 382 28 14 349

54 407 94 16 Riksdagen
153 408 18 14 är
175 407 28 15 det
208 407 66 15 främsta
279 407 128 15 representativa
412 409 107 14 statsorganet
524 407 26 15 för
555 412 45 10 sven-
839 422 7 4 a
896 422 4 4 4
977 422 4 4 Fr
1099 422 8 3 ä

54 429 29 16 ska
80 408 67 45 folket.
144 423 105 30 Riksdagen
247 408 62 45 stiftar
316 429 31 20 lag,
355 429 72 16 beslutar
433 434 27 11 om
466 408 44 45 Skatt
518 429 23 15 till
548 432 52 13 staten
722 422 102 16 Procentuell
830 422 92 20 fördelning
928 427 20 11 av
954 422 83 20 kvinnliga
1042 422 92 16 ledamöter

54 452 31 15 och
91 452 99 15 bestämmer
196 452 31 15 hur
233 454 61 13 statens
300 452 54 15 medel
360 452 41 15 skall
407 452 88 15 användas.
721 451 44 15 inom
772 450 81 20 partierna

75 474 93 20 Riksdagen
175 473 54 16 består
235 478 20 11 av
261 474 30 15 349
297 474 95 18 ledamöter,
399 474 47 15 valda
452 474 53 15 direkt
512 478 19 11 av
538 474 51 15 folket
596 474 4 15 i
669 493 2 2 .
1018 468 56 28 Antal
1116 473 64 14 Procent

54 496 81 15 allmänna
140 496 31 15 val.
178 496 87 15 Ordinarie
271 496 99 20 riksdagsval
376 497 38 19 äger
419 501 35 10 rum
460 498 34 13 vart
500 496 51 20 tredje
557 495 18 16 år
580 495 20 21 på
609 489 21 31 —
638 493 167 23 Socialdemokraterna
1037 493 18 14 56
1115 493 18 14 4

54 518 51 20 tredje
115 518 83 20 söndagen
207 518 4 15 i
221 518 93 20 september
322 518 66 15 månad.
398 518 88 15 Allmänna
495 518 25 15 val
530 518 22 15 till
562 518 38 15 riks-
638 514 81 23 Moderata
725 514 126 23 samlingspartiet
1037 514 17 14 2
1116 514 18 14 26

54 540 52 21 dagen
112 541 41 19 ägde
159 543 54 13 senast
219 545 35 11 rum
260 541 31 15 den
299 541 18 15 15
323 541 93 20 september
423 540 37 16 1991
467 540 31 16 och
504 545 46 11 avser
556 540 44 16 tiden
638 535 92 18 Folkpartiet
736 535 89 14 liberalerna
1038 535 17 14 12
1116 535 18 14 36

54 563 40 15 intill
102 563 37 15 dess
147 567 21 11 en
177 563 58 20 nyvald
244 563 64 20 riksdag
316 563 59 15 samlas
383 563 42 15 efter
433 562 98 21 riksdagsval
540 563 32 15 den
582 563 18 15 18.
612 551 14 36 —
638 555 66 23 Centern
761 576 3 2 z
908 576 3 2 ä
1038 555 17 15 10
1116 555 18 15 32

54 585 93 20 september
154 585 44 15 1994.
638 577 37 34 NE
687 576 103 35 IDEAS
798 572 130 27 Samhällspartiet
1046 576 9 35 3
1116 576 18 35 g

74 608 32 15 För
114 607 98 20 riksdagsval
221 609 17 14 är
246 607 42 16 riket
296 607 61 16 indelat
366 607 4 16 i
379 607 19 16 28
406 607 92 16 valkretsar.
508 608 25 14 Av
541 607 21 15 de
571 607 29 16 349
638 598 27 38 Ve
661 597 41 39 eler
742 602 15 30 GÅ
1046 618 8 14 5
1115 618 17 14 31

54 630 161 19 riksdagsmandaten
223 631 17 14 är
247 630 30 15 310
285 630 41 15 fasta
334 630 143 18 valkretsmandat,
486 634 35 11 som
529 630 71 15 fördelas
647 626 9 26 är
686 618 26 34 Sp

54 652 59 15 mellan
121 652 111 15 valkretsarna
240 652 41 15 efter
290 652 61 15 antalet
359 652 135 20 röstberättigade
503 652 4 15 i
516 652 43 20 varje
568 652 32 15 val-
616 641 14 35 —
638 645 87 18 Riksdagen
731 645 44 14 totalt
1028 645 28 14 14
1115 644 19 15 33

54 674 48 15 krets.
114 674 46 16 Inom
169 674 43 20 varje
222 674 70 15 valkrets
301 674 71 15 tillfaller
380 674 88 15 mandaten
478 674 20 15 de
507 674 5 15 i
521 674 79 20 riksdags-
744 691 4 4 br

54 696 42 16 valet
103 696 97 20 deltagande
208 696 81 21 partierna
296 696 125 22 proportionellt
428 696 21 20 på
456 696 78 20 grundval
542 701 19 11 av
568 696 32 16 val-
638 690 24 23 5a
710 687 142 36 Riksdagen

54 719 83 15 resultatet
144 719 45 15 inom
196 719 98 15 valkretsen.
302 719 61 20 Övriga
370 719 20 15 39
398 719 66 15 mandat
471 720 18 14 är
496 719 104 20 utjämnings-

54 741 66 15 mandat
129 746 36 10 som
174 741 71 15 fördelas
255 741 17 15 så
281 743 23 13 att
313 741 44 20 varje
367 741 49 20 partis
426 741 121 20 sammanlagda
557 741 43 15 antal
720 739 65 15 Talman

54 763 60 20 platser
123 763 4 15 i
138 763 86 20 riksdagen
235 763 17 16 så
262 765 39 14 nära
312 768 35 11 som
358 763 62 20 möjligt
430 768 54 11 svarar
495 766 34 13 mot
540 763 60 16 antalet

54 785 67 19 avgivna
127 787 52 13 röster
185 785 26 15 för
217 785 59 20 partiet
282 785 5 15 i
293 786 37 14 hela
337 786 60 14 landet.

75 807 6 15 I
87 807 113 19 fördelningen
207 811 19 11 av
232 807 140 19 riksdagsmandat
378 807 52 15 deltar
436 807 57 15 endast
499 807 60 20 partier
565 811 35 11 som

54 829 28 15 har
90 828 30 16 fått
128 829 48 15 minst
184 829 34 20 fyra
227 831 67 18 procent
303 833 19 11 av
330 829 74 20 samtliga
412 829 4 15 i
425 829 36 15 hela
469 829 55 15 landet
533 829 67 20 avgivna

54 853 54 13 röster.
115 851 27 15 Ett
148 851 41 20 parti
194 856 36 10 som
236 851 33 15 inte
274 851 29 15 når
308 856 34 15 upp
347 851 23 15 till
376 851 180 20 fyraprocentsgränsen
562 856 38 10 men

53 878 36 10 som
96 873 29 15 har
132 873 63 15 erhållit
202 873 49 15 minst
258 873 33 15 tolv
298 875 68 18 procent
373 877 20 11 av
400 874 73 14 rösterna
480 873 4 15 i
492 873 31 15 viss
530 873 70 15 valkrets

53 895 52 15 deltar
113 895 42 16 dock
164 895 26 15 vid
199 895 113 20 fördelningen
321 900 19 10 av
349 895 20 15 de
378 895 41 15 fasta
427 895 160 15 valkretsmandaten
595 895 4 15 i

53 922 63 11 samma
121 917 76 16 valkrets.

75 940 72 15 Rösträtt
152 940 27 15 vid
184 939 98 20 riksdagsval
288 940 29 15 har
322 940 58 15 svensk
385 940 114 19 medborgare,
505 944 35 11 som
546 942 54 13 senast

54 961 20 21 på
79 962 79 20 valdagen
164 962 34 20 fyllt
205 962 18 15 18
229 961 17 16 år
252 962 51 15 under
308 962 116 19 förutsättning
429 964 23 13 att
457 962 32 15 han
495 963 17 14 är
518 964 81 18 upptagen

54 984 4 15 i
65 984 87 20 röstlängd.

74 1006 31 16 För
113 1009 23 13 att
144 1006 55 15 kunna
208 1009 43 13 utses
259 1006 23 15 till
291 1006 145 20 riksdagsledamot
444 1006 50 20 gäller
502 1011 62 10 samma
572 1006 27 15 be-

54 1028 122 20 hörighetskrav
182 1033 36 11 som
224 1028 26 16 för
256 1030 71 13 rösträtt.

75 1050 92 20 Riksdagen
175 1050 128 16 sammanträder
310 1050 23 16 till
340 1050 66 20 lagtima
413 1050 84 19 riksmöte,
505 1050 41 16 efter
553 1050 46 20 nyval

54 1072 20 21 på
81 1073 84 15 femtonde
172 1073 52 19 dagen
231 1073 42 15 efter
278 1073 50 17 valet,
335 1073 30 15 och
373 1073 55 19 övriga
434 1072 18 16 år
458 1072 51 16 första
515 1072 73 20 tisdagen
595 1072 4 16 i

53 1095 70 15 oktober
128 1094 66 16 månad.
200 1095 74 20 Lagtima
279 1095 78 15 riksmöte
362 1095 40 15 skall
408 1095 70 15 avslutas
483 1097 55 13 senast
543 1095 32 15 den
580 1095 18 15 31

54 1117 31 20 maj
95 1117 72 20 följande
176 1116 18 16 år
203 1122 37 10 men
250 1117 32 15 kan
291 1121 28 11 om
328 1117 91 20 synnerliga
429 1117 34 15 skäl
472 1117 87 20 föreligger
568 1117 32 15 för-

54 1139 54 20 längas
118 1139 23 15 till
151 1139 32 15 den
194 1139 18 15 15
221 1139 40 20 juni.
272 1139 58 15 Under
340 1139 22 15 tid
373 1139 20 15 då
404 1139 65 20 lagtima
479 1139 78 15 riksmöte
567 1139 32 15 inte

53 1161 50 21 pågår
109 1161 32 16 kan
148 1161 85 20 riksdagen
240 1161 59 15 samlas
305 1161 23 15 till
335 1161 58 15 urtima
400 1161 83 15 riksmöte.

75 1183 152 20 Riksdagsärenden
235 1184 59 15 bereds
301 1183 4 15 i
314 1183 49 20 något
371 1188 19 11 av
398 1183 94 20 riksdagens
501 1183 18 16 16
527 1183 41 15 fasta
576 1186 24 12 ut-

53 1206 44 15 skott
103 1206 31 15 och
141 1207 57 19 avgörs
204 1210 60 16 genom
271 1206 52 15 beslut
330 1206 4 15 i
341 1206 66 20 plenum
415 1205 116 20 (kammaren).

74 1228 106 15 Beträffande
187 1228 154 20 riksdagsledamots
347 1228 89 20 ersättning
442 1228 29 15 har
477 1228 123 15 bestämmelser

53 1253 54 12 senast
114 1250 46 20 givits
167 1250 4 15 i
179 1250 25 20 lag
211 1250 32 15 den
250 1250 20 15 26
277 1250 31 20 maj
317 1250 39 16 1988
363 1250 27 20 (nr
396 1250 36 18 589;
441 1250 61 15 ändrad
510 1250 45 15 1991:
562 1249 37 21 922)

53 1277 28 11 om
89 1272 88 20 ersättning
186 1277 45 10 m.m.
241 1272 23 15 till
272 1272 94 20 riksdagens
375 1272 93 15 ledamöter.
478 1272 67 15 Arvode
554 1272 46 20 utgår

54 1295 37 15 med
97 1295 61 20 belopp
165 1294 25 16 för
197 1294 59 16 månad
263 1299 35 11 som
305 1297 90 13 motsvarar
401 1294 32 16 den
439 1294 131 20 genomsnittliga
578 1294 21 16 lö-

53 1321 32 11 nen
94 1317 25 15 för
127 1317 67 19 tjänster
202 1321 36 11 som
247 1316 73 18 rådmän,
330 1316 101 16 hovrättsråd
440 1316 31 16 och
480 1317 120 15 kammarrätts-

54 1338 33 16 råd.
96 1339 74 15 Arvodet
177 1339 81 15 revideras
265 1339 70 15 normalt
342 1339 32 15 den
382 1339 7 15 1
397 1339 70 15 oktober
474 1339 43 20 varje
524 1338 21 16 år.
553 1339 46 15 Fram

53 1361 23 15 till
81 1361 32 15 den
119 1361 7 15 1
132 1361 39 20 april
178 1361 38 15 1993
221 1361 50 20 gäller
275 1361 42 15 dock
323 1366 20 10 en
348 1361 31 15 viss
384 1361 113 20 begränsning.
504 1361 74 15 Arvodet
583 1363 17 13 är

53 1383 4 15 i
67 1383 62 20 januari
142 1383 38 15 1992
191 1383 55 16 22330
257 1383 68 15 kr/mån.
338 1384 62 15 Utöver
411 1383 67 16 arvodet
489 1383 80 16 utbetalas
579 1388 20 10 en

54 1406 167 20 kostnadsersättning
229 1410 36 11 som
274 1405 25 16 för
307 1405 18 16 år
334 1406 57 15 räknat
400 1407 47 18 utgör
455 1405 48 16 20090
515 1410 19 11 av
542 1406 57 15 basbe-

54 1428 55 20 loppet
117 1428 49 20 enligt
174 1428 46 20 lagen
228 1433 27 10 om
263 1428 59 15 allmän
330 1428 96 20 försäkring.
435 1427 46 16 Såväl
489 1428 68 15 arvodet
564 1432 35 11 som

54 1450 188 20 kostnadsersättningen
256 1451 17 14 är
286 1450 111 20 skattepliktig
410 1450 76 15 inkomst.
502 1450 98 15 Ledamöter

53 1477 35 10 som
98 1474 17 13 är
123 1472 64 15 bosatta
196 1472 66 15 utanför
270 1472 179 15 Stockholmsområdet
458 1472 24 15 får
491 1472 108 15 traktamente

53 1499 35 10 som
98 1496 18 13 är
125 1494 117 20 skattepliktigt
251 1494 49 20 enligt
310 1494 66 15 allmänt
386 1494 74 20 gällande
470 1494 54 20 regler.
535 1494 64 15 Trakta-

53 1519 62 13 mentet
123 1517 80 15 utbetalas
212 1517 51 15 under
272 1516 38 16 1992
319 1517 37 15 med
364 1516 30 16 225
402 1517 67 19 kr/dygn
478 1517 52 15 under
537 1517 31 15 den
577 1516 22 16 tid

53 1539 85 19 riksdagen
148 1540 17 14 är
173 1539 68 18 samlad,
250 1539 29 15 dvs
286 1543 19 11 ca
313 1539 10 15 8
332 1538 104 16 månader/år.
447 1539 153 20 Riksdagsledamot

54 1560 24 16 får
84 1560 21 21 på
111 1561 27 15 det
145 1561 90 15 allmännas
241 1561 91 15 bekostnad
339 1561 53 15 företa
399 1565 47 11 resor.

74 1583 97 15 Utskottens
178 1583 100 15 ordförande
285 1583 31 15 och
323 1583 34 15 vice
364 1583 100 15 ordförande
472 1583 88 17 redovisas,
568 1583 31 15 för-

54 1608 45 13 utom
107 1605 4 15 i
118 1605 122 15 nedanstående
248 1605 102 20 förteckning
357 1607 40 14 över
404 1605 94 20 riksdagens
505 1605 94 17 ledamöter,

54 1629 40 14 även
103 1628 51 15 under
162 1628 58 14 avd.nr
227 1627 16 16 8.
251 1627 133 16 Statskalendern
392 1628 83 15 redovisar
483 1627 116 20 riksdagsleda-

54 1651 74 14 möterna
135 1649 4 16 i
147 1650 32 15 den
186 1650 118 19 ordningsföljd
312 1650 4 15 i
324 1650 54 15 vilken
386 1650 20 15 de
414 1651 17 14 är
439 1652 82 18 upptagna
529 1650 4 15 i
541 1650 31 15 den
581 1654 19 11 av

54 1672 85 19 riksdagen
144 1672 97 19 upprättade
247 1672 129 19 förteckningen.
382 1667 88 20 Årssiffror
475 1672 44 15 inom
524 1674 76 17 parentes

54 1693 88 16 betecknar
151 1693 68 20 tidigare
229 1693 113 21 ledamotskap
353 1698 19 10 av
382 1694 85 19 riksdagen
478 1693 35 20 (FK
525 1699 13 6 =
550 1694 50 15 första

54 1716 100 18 kammaren,
162 1716 32 15 AK
202 1722 13 5 =
223 1716 50 15 andra
280 1716 101 18 kammaren,
389 1716 15 15 R
412 1722 13 5 =
433 1715 99 21 riksdagen).

608 1833 22 16 50

637 761 91 15 Troedsson
735 761 85 20 Ingegerd,
827 761 26 18 29,
860 761 19 15 91
886 766 16 10 m

721 802 56 15 Förste
783 802 34 15 vice
823 802 62 15 talman

638 824 68 19 Alemyr
712 824 33 20 Stig
752 823 71 19 Roland,
830 824 26 18 24,
863 824 19 15 91
889 828 7 11 s

720 865 57 15 Andre
784 865 34 15 vice
825 865 60 15 talman

638 887 68 15 Eirefelt
711 887 30 15 Jan
748 887 78 18 Christer,
833 887 26 18 42,
867 887 19 15 88
893 887 17 20 fp

720 928 57 20 Tredje
784 928 34 16 vice
825 928 61 16 talman

638 951 73 19 Fiskesjö
718 950 50 16 Bertil
774 950 49 15 Allan
830 950 41 18 Nils,
878 950 25 19 28,
911 950 19 16 86
936 955 9 10 c

637 996 26 23 5b

638 1044 83 15 Lindkvist
727 1044 54 15 Oskar
786 1043 70 16 William
862 1043 84 20 Org.chef,
953 1043 25 18 21,
985 1043 40 20 (AK
1030 1043 58 16 61—64
1093 1043 65 20 66—70)
1164 1044 19 14 71

662 1065 109 20 (Stockholm)
779 1066 57 15 BoU:s
842 1066 35 15 vice
883 1066 42 15 ordf.
933 1070 7 11 s

638 1088 66 15 Werner
709 1088 39 15 Lars
754 1088 52 20 Helge
812 1088 121 18 Ombudsman,
939 1088 26 18 35,
972 1087 35 20 (FK
1013 1087 65 20 65—70)
1084 1088 18 15 71
1110 1087 73 21 (Tyresö)

661 1110 85 15 Partiordf.
754 1115 9 10 v

638 1133 96 15 Andersson
740 1132 39 16 Sten
785 1132 47 15 Sture
839 1132 17 15 fd
862 1132 78 18 Statsråd,
947 1132 26 18 23,
981 1132 35 20 (FK
1022 1132 65 19 66—70)
1094 1132 18 15 71
1120 1132 63 20 (Stock-

661 1154 52 19 holm)
720 1159 7 10 s

638 1177 99 15 Fridolfsson
744 1176 40 20 Filip
790 1176 70 16 William
866 1176 81 18 Fabrikör,
954 1176 26 18 23,
988 1176 39 20 (AK
1034 1176 57 16 65—70
1098 1177 14 14 R
1118 1176 65 20 72—79)

661 1199 20 15 82
688 1198 110 21 (Stockholm)
805 1203 15 11 m

638 1221 63 15 Gradin
706 1221 50 15 Anita
760 1221 79 20 Ingegerd
844 1221 88 15 Socionom
937 1221 17 15 fd
959 1221 78 18 Statsråd,
1043 1221 25 18 33,
1074 1220 40 20 (AK
1119 1220 64 20 69—70)

661 1243 18 15 71
688 1243 110 20 (Stockholm)
805 1243 47 16 NU:s
858 1243 34 16 vice
899 1243 41 15 ordf.
948 1248 7 10 s

638 1266 89 15 Hellström
737 1266 43 15 Mats
789 1265 53 16 Johan
852 1266 28 15 FK
890 1265 16 16 fd
916 1265 78 18 Statsråd,
1005 1265 25 18 42,
1041 1265 40 20 (AK
1091 1265 64 20 69—70)
1165 1265 19 15 71

662 1287 109 20 (Stockholm)
778 1292 8 11 s

637 1310 72 15 Theorin
723 1310 49 15 Karin
785 1310 35 20 Maj
834 1310 42 15 Britt
889 1310 93 20 Margareta
995 1310 116 18 Ambassadör,
1125 1310 26 17 32,
1164 1310 19 15 71

662 1331 109 21 (Stockholm)
778 1337 8 10 s

637 1355 93 15 Johansson
736 1355 38 15 Sten
780 1354 42 16 Olof
826 1354 58 16 Håkan
890 1354 78 18 Statsråd,
974 1354 26 18 37,
1006 1355 17 14 71
1032 1354 109 20 (Stockholm)
1148 1355 36 14 Par-

661 1377 54 15 tiordf.
723 1381 8 11 c

638 1399 79 15 Ersättare
721 1399 28 20 för
755 1399 83 15 statsrådet
843 1399 99 15 Johansson:
950 1399 105 15 Linderholm
1062 1399 88 18 Christina,
1157 1399 26 18 43,

661 1421 19 15 91
688 1421 109 20 (Stockholm)
804 1426 9 10 c

637 1443 89 16 Wikström
733 1443 78 16 Jan-Erik
819 1443 27 15 FK
854 1443 17 16 fd
879 1443 78 18 Statsråd,
966 1443 25 18 32,
1000 1443 35 20 (FK
1043 1443 20 15 70
1071 1443 14 15 R
1092 1443 65 20 71—73)
1165 1443 20 16 76

662 1465 109 20 (Stockholm)
779 1466 55 15 KrU:s
840 1466 34 15 vice
881 1466 41 15 ordf.
931 1466 17 20 fp

637 1488 18 15 af
660 1488 60 20 Ugglas
727 1488 65 15 Märtha
797 1488 105 20 Margaretha
908 1487 78 19 Statsråd,
993 1488 25 17 39,
1025 1488 20 15 74
1051 1487 110 20 (Stockholm)
1168 1493 15 10 m

638 1510 79 15 Ersättare
722 1510 29 20 för
757 1510 83 15 statsrådet
847 1510 20 20 af
873 1510 64 20 Ugglas:
947 1510 100 15 Kristersson
1055 1510 31 15 Ulf
1092 1510 92 15 Förbunds-

661 1532 49 18 ordf.,
717 1532 25 18 63,
750 1532 18 15 91
777 1532 110 20 (Stockholm)
894 1537 15 10 m

638 1555 94 15 Fleetwood
739 1554 83 16 Elisabeth
829 1554 49 15 Alma
885 1554 76 15 Fredrika
969 1554 127 16 Swantesdotter
1103 1554 80 20 Adjunkt,

661 1577 26 17 27,
694 1577 20 15 79
720 1576 110 20 (Stockholm)
838 1581 15 11 m

638 1599 43 15 Bildt
688 1598 35 16 Nils
730 1599 59 15 Daniel
796 1599 38 15 Carl
841 1599 120 17 Statsminister,
968 1599 26 17 49,
1002 1599 20 15 79
1029 1598 110 20 (Stockholm)
1148 1599 35 15 Par-

661 1621 54 15 tiordf.
723 1626 16 10 m

638 1643 79 15 Ersättare
720 1643 28 20 för
752 1644 110 15 statsminister
867 1643 48 15 Bildt:
921 1643 65 20 Luksep
993 1643 57 16 Peeter
1055 1643 128 20 Projektledare,

661 1666 26 17 55,
694 1666 18 14 91
720 1665 110 20 (Stockholm)
838 1670 15 10 m

637 1687 59 15 Modin
703 1687 50 15 Anita
759 1687 146 18 Förbundskassör,
912 1687 26 18 39,
945 1687 20 15 82
972 1687 110 20 (Stockholm)
1089 1692 7 10 s

638 1709 79 20 Friggebo
727 1709 50 20 Birgit
787 1709 42 15 Irma
840 1709 80 20 Gunborg
930 1709 78 18 Statsråd,
1019 1709 26 17 41,
1056 1709 23 20 (R
1089 1709 65 20 79—82)
1164 1709 19 16 85

662 1731 109 20 (Stockholm)
779 1732 17 19 fp

720 1002 117 17 Stockholms
845 1002 98 17 kommuns
950 1002 80 17 valkrets
