<?xml version="1.0" encoding="UTF-8"?>
<alto xmlns="http://www.loc.gov/standards/alto/ns-v3#" xmlns:xlink="http://www.w3.org/1999/xlink" xmlns:xsi="http://www.w3.org/2001/XMLSchema-instance" xsi:schemaLocation="http://www.loc.gov/standards/alto/ns-v3# http://www.loc.gov/alto/v3/alto-3-0.xsd">
	<Description>
		<MeasurementUnit>pixel</MeasurementUnit>
		<sourceImageInformation>
			<fileName></fileName>
		</sourceImageInformation>
		<OCRProcessing ID="OCR_0">
			<ocrProcessingStep>
				<processingSoftware>
					<softwareName>tesseract 4.1.1</softwareName>
				</processingSoftware>
			</ocrProcessingStep>
		</OCRProcessing>
	</Description>
	<Layout>
		<Page WIDTH="1242" HEIGHT="1902" PHYSICAL_IMG_NR="0" ID="page_0">
			<PrintSpace HPOS="0" VPOS="0" WIDTH="1242" HEIGHT="1902">
				<ComposedBlock ID="cblock_0" HPOS="3" VPOS="1063" WIDTH="5" HEIGHT="729">
					<TextBlock ID="block_0" HPOS="3" VPOS="1063" WIDTH="5" HEIGHT="729">
						<TextLine ID="line_0" HPOS="3" VPOS="1063" WIDTH="5" HEIGHT="729">
							<String ID="string_0" HPOS="3" VPOS="1063" WIDTH="5" HEIGHT="729" WC="0.95" CONTENT=" "/>
						</TextLine>
					</TextBlock>
				</ComposedBlock>
				<ComposedBlock ID="cblock_1" HPOS="31" VPOS="59" WIDTH="58" HEIGHT="18">
					<TextBlock ID="block_1" HPOS="31" VPOS="59" WIDTH="58" HEIGHT="18">
						<TextLine ID="line_1" HPOS="31" VPOS="59" WIDTH="58" HEIGHT="18">
							<String ID="string_1" HPOS="31" VPOS="59" WIDTH="58" HEIGHT="18" WC="0.11" CONTENT="30"/>
						</TextLine>
					</TextBlock>
				</ComposedBlock>
				<ComposedBlock ID="cblock_2" HPOS="540" VPOS="58" WIDTH="112" HEIGHT="24">
					<TextBlock ID="block_2" HPOS="540" VPOS="58" WIDTH="112" HEIGHT="24">
						<TextLine ID="line_2" HPOS="540" VPOS="58" WIDTH="112" HEIGHT="24">
							<String ID="string_2" HPOS="540" VPOS="58" WIDTH="112" HEIGHT="24" WC="0.96" CONTENT="Riksdagen"/>
						</TextLine>
					</TextBlock>
				</ComposedBlock>
				<ComposedBlock ID="cblock_3" HPOS="31" VPOS="90" WIDTH="1130" HEIGHT="6">
					<TextBlock ID="block_3" HPOS="31" VPOS="90" WIDTH="1130" HEIGHT="6">
						<TextLine ID="line_3" HPOS="31" VPOS="90" WIDTH="1130" HEIGHT="6">
							<String ID="string_3" HPOS="31" VPOS="90" WIDTH="1130" HEIGHT="6" WC="0.95" CONTENT=" "/>
						</TextLine>
					</TextBlock>
				</ComposedBlock>
				<ComposedBlock ID="cblock_4" HPOS="31" VPOS="149" WIDTH="214" HEIGHT="30">
					<TextBlock ID="block_4" HPOS="31" VPOS="149" WIDTH="214" HEIGHT="30">
						<TextLine ID="line_4" HPOS="31" VPOS="149" WIDTH="214" HEIGHT="30">
							<String ID="string_4" HPOS="31" VPOS="149" WIDTH="11" HEIGHT="24" WC="0.97" CONTENT="5"/><SP WIDTH="72" VPOS="149" HPOS="42"/>
							<String ID="string_5" HPOS="114" VPOS="151" WIDTH="131" HEIGHT="28" WC="0.96" CONTENT="Riksdagen"/>
						</TextLine>
					</TextBlock>
				</ComposedBlock>
				<ComposedBlock ID="cblock_5" HPOS="114" VPOS="188" WIDTH="432" HEIGHT="20">
					<TextBlock ID="block_5" HPOS="114" VPOS="188" WIDTH="432" HEIGHT="20">
						<TextLine ID="line_5" HPOS="114" VPOS="188" WIDTH="432" HEIGHT="20">
							<String ID="string_6" HPOS="114" VPOS="188" WIDTH="55" HEIGHT="20" WC="0.91" CONTENT="Riksg."/><SP WIDTH="10" VPOS="188" HPOS="169"/>
							<String ID="string_7" HPOS="179" VPOS="188" WIDTH="13" HEIGHT="15" WC="0.95" CONTENT="1."/><SP WIDTH="8" VPOS="188" HPOS="192"/>
							<String ID="string_8" HPOS="200" VPOS="188" WIDTH="22" HEIGHT="15" WC="0.96" CONTENT="Pa"/><SP WIDTH="8" VPOS="188" HPOS="222"/>
							<String ID="string_9" HPOS="230" VPOS="188" WIDTH="28" HEIGHT="15" WC="0.95" CONTENT="100"/><SP WIDTH="7" VPOS="188" HPOS="258"/>
							<String ID="string_10" HPOS="265" VPOS="188" WIDTH="19" HEIGHT="15" WC="0.95" CONTENT="12"/><SP WIDTH="6" VPOS="188" HPOS="284"/>
							<String ID="string_11" HPOS="290" VPOS="188" WIDTH="100" HEIGHT="15" WC="0.96" CONTENT="Stockholm."/><SP WIDTH="8" VPOS="188" HPOS="390"/>
							<String ID="string_12" HPOS="398" VPOS="188" WIDTH="32" HEIGHT="15" WC="0.96" CONTENT="Tel."/><SP WIDTH="8" VPOS="188" HPOS="430"/>
							<String ID="string_13" HPOS="438" VPOS="188" WIDTH="58" HEIGHT="15" WC="0.96" CONTENT="08-786"/><SP WIDTH="5" VPOS="188" HPOS="496"/>
							<String ID="string_14" HPOS="501" VPOS="188" WIDTH="20" HEIGHT="15" WC="0.96" CONTENT="40"/><SP WIDTH="0" VPOS="188" HPOS="521"/>
							<String ID="string_15" HPOS="521" VPOS="184" WIDTH="25" HEIGHT="29" WC="0.96" CONTENT="00"/>
						</TextLine>
					</TextBlock>
				</ComposedBlock>
				<ComposedBlock ID="cblock_6" HPOS="31" VPOS="218" WIDTH="546" HEIGHT="109">
					<TextBlock ID="block_6" HPOS="31" VPOS="218" WIDTH="546" HEIGHT="109">
						<TextLine ID="line_6" HPOS="32" VPOS="218" WIDTH="545" HEIGHT="21">
							<String ID="string_16" HPOS="32" VPOS="219" WIDTH="153" HEIGHT="20" WC="0.96" CONTENT="Regeringsformen"/><SP WIDTH="17" VPOS="219" HPOS="185"/>
							<String ID="string_17" HPOS="202" VPOS="219" WIDTH="32" HEIGHT="15" WC="0.96" CONTENT="den"/><SP WIDTH="17" VPOS="219" HPOS="234"/>
							<String ID="string_18" HPOS="251" VPOS="219" WIDTH="20" HEIGHT="16" WC="0.96" CONTENT="28"/><SP WIDTH="16" VPOS="219" HPOS="271"/>
							<String ID="string_19" HPOS="287" VPOS="219" WIDTH="39" HEIGHT="15" WC="0.95" CONTENT="febr."/><SP WIDTH="19" VPOS="219" HPOS="326"/>
							<String ID="string_20" HPOS="345" VPOS="219" WIDTH="39" HEIGHT="15" WC="0.96" CONTENT="1974"/><SP WIDTH="17" VPOS="219" HPOS="384"/>
							<String ID="string_21" HPOS="401" VPOS="218" WIDTH="26" HEIGHT="20" WC="0.96" CONTENT="(nr"/><SP WIDTH="18" VPOS="218" HPOS="427"/>
							<String ID="string_22" HPOS="445" VPOS="219" WIDTH="35" HEIGHT="18" WC="0.93" CONTENT="152;"/><SP WIDTH="17" VPOS="219" HPOS="480"/>
							<String ID="string_23" HPOS="497" VPOS="219" WIDTH="80" HEIGHT="20" WC="0.92" CONTENT="omtryckt"/>
						</TextLine>
						<TextLine ID="line_7" HPOS="33" VPOS="241" WIDTH="544" HEIGHT="20">
							<String ID="string_24" HPOS="33" VPOS="237" WIDTH="44" HEIGHT="29" WC="0.96" CONTENT="1991:"/><SP WIDTH="8" VPOS="237" HPOS="77"/>
							<String ID="string_25" HPOS="85" VPOS="241" WIDTH="45" HEIGHT="19" WC="0.96" CONTENT="1503;"/><SP WIDTH="14" VPOS="241" HPOS="130"/>
							<String ID="string_26" HPOS="144" VPOS="242" WIDTH="61" HEIGHT="15" WC="0.96" CONTENT="ändrad"/><SP WIDTH="13" VPOS="242" HPOS="205"/>
							<String ID="string_27" HPOS="218" VPOS="244" WIDTH="54" HEIGHT="13" WC="0.96" CONTENT="senast"/><SP WIDTH="14" VPOS="244" HPOS="272"/>
							<String ID="string_28" HPOS="286" VPOS="241" WIDTH="44" HEIGHT="16" WC="0.0" CONTENT="1991:"/><SP WIDTH="9" VPOS="241" HPOS="330"/>
							<String ID="string_29" HPOS="339" VPOS="241" WIDTH="52" HEIGHT="20" WC="0.0" CONTENT="1503)."/><SP WIDTH="15" VPOS="241" HPOS="391"/>
							<String ID="string_30" HPOS="406" VPOS="241" WIDTH="171" HEIGHT="20" WC="0.92" CONTENT="Riksdagsordningen"/>
						</TextLine>
						<TextLine ID="line_8" HPOS="31" VPOS="263" WIDTH="546" HEIGHT="20">
							<String ID="string_31" HPOS="31" VPOS="264" WIDTH="32" HEIGHT="15" WC="0.95" CONTENT="den"/><SP WIDTH="8" VPOS="264" HPOS="63"/>
							<String ID="string_32" HPOS="71" VPOS="264" WIDTH="20" HEIGHT="15" WC="0.96" CONTENT="28"/><SP WIDTH="9" VPOS="264" HPOS="91"/>
							<String ID="string_33" HPOS="100" VPOS="264" WIDTH="38" HEIGHT="15" WC="0.95" CONTENT="febr."/><SP WIDTH="11" VPOS="264" HPOS="138"/>
							<String ID="string_34" HPOS="149" VPOS="264" WIDTH="39" HEIGHT="15" WC="0.96" CONTENT="1974"/><SP WIDTH="9" VPOS="264" HPOS="188"/>
							<String ID="string_35" HPOS="197" VPOS="263" WIDTH="26" HEIGHT="20" WC="0.96" CONTENT="(nr"/><SP WIDTH="10" VPOS="263" HPOS="223"/>
							<String ID="string_36" HPOS="233" VPOS="263" WIDTH="35" HEIGHT="19" WC="0.93" CONTENT="153;"/><SP WIDTH="9" VPOS="263" HPOS="268"/>
							<String ID="string_37" HPOS="277" VPOS="264" WIDTH="80" HEIGHT="19" WC="0.91" CONTENT="omtryckt"/><SP WIDTH="10" VPOS="264" HPOS="357"/>
							<String ID="string_38" HPOS="367" VPOS="263" WIDTH="44" HEIGHT="16" WC="0.96" CONTENT="1992:"/><SP WIDTH="7" VPOS="263" HPOS="411"/>
							<String ID="string_39" HPOS="418" VPOS="263" WIDTH="26" HEIGHT="19" WC="0.95" CONTENT="43;"/><SP WIDTH="9" VPOS="263" HPOS="444"/>
							<String ID="string_40" HPOS="453" VPOS="263" WIDTH="62" HEIGHT="16" WC="0.96" CONTENT="ändrad"/><SP WIDTH="8" VPOS="263" HPOS="515"/>
							<String ID="string_41" HPOS="523" VPOS="266" WIDTH="54" HEIGHT="13" WC="0.96" CONTENT="senast"/>
						</TextLine>
						<TextLine ID="line_9" HPOS="33" VPOS="285" WIDTH="544" HEIGHT="21">
							<String ID="string_42" HPOS="33" VPOS="286" WIDTH="43" HEIGHT="15" WC="0.95" CONTENT="1992:"/><SP WIDTH="9" VPOS="286" HPOS="76"/>
							<String ID="string_43" HPOS="85" VPOS="285" WIDTH="52" HEIGHT="20" WC="0.93" CONTENT="1603)."/><SP WIDTH="17" VPOS="285" HPOS="137"/>
							<String ID="string_44" HPOS="154" VPOS="286" WIDTH="55" HEIGHT="20" WC="0.90" CONTENT="Vallag"/><SP WIDTH="15" VPOS="286" HPOS="209"/>
							<String ID="string_45" HPOS="224" VPOS="286" WIDTH="32" HEIGHT="15" WC="0.96" CONTENT="den"/><SP WIDTH="15" VPOS="286" HPOS="256"/>
							<String ID="string_46" HPOS="271" VPOS="286" WIDTH="10" HEIGHT="15" WC="0.94" CONTENT="8"/><SP WIDTH="15" VPOS="286" HPOS="281"/>
							<String ID="string_47" HPOS="296" VPOS="286" WIDTH="35" HEIGHT="15" WC="0.94" CONTENT="dec."/><SP WIDTH="19" VPOS="286" HPOS="331"/>
							<String ID="string_48" HPOS="350" VPOS="286" WIDTH="38" HEIGHT="15" WC="0.96" CONTENT="1972"/><SP WIDTH="16" VPOS="286" HPOS="388"/>
							<String ID="string_49" HPOS="404" VPOS="285" WIDTH="26" HEIGHT="20" WC="0.96" CONTENT="(nr"/><SP WIDTH="15" VPOS="285" HPOS="430"/>
							<String ID="string_50" HPOS="445" VPOS="286" WIDTH="36" HEIGHT="17" WC="0.93" CONTENT="620;"/><SP WIDTH="16" VPOS="286" HPOS="481"/>
							<String ID="string_51" HPOS="497" VPOS="286" WIDTH="80" HEIGHT="19" WC="0.92" CONTENT="omtryckt"/>
						</TextLine>
						<TextLine ID="line_10" HPOS="33" VPOS="307" WIDTH="339" HEIGHT="20">
							<String ID="string_52" HPOS="33" VPOS="308" WIDTH="44" HEIGHT="16" WC="0.96" CONTENT="1987:"/><SP WIDTH="8" VPOS="308" HPOS="77"/>
							<String ID="string_53" HPOS="85" VPOS="308" WIDTH="45" HEIGHT="18" WC="0.96" CONTENT="1334;"/><SP WIDTH="7" VPOS="308" HPOS="130"/>
							<String ID="string_54" HPOS="137" VPOS="308" WIDTH="62" HEIGHT="15" WC="0.96" CONTENT="ändrad"/><SP WIDTH="6" VPOS="308" HPOS="199"/>
							<String ID="string_55" HPOS="205" VPOS="311" WIDTH="55" HEIGHT="12" WC="0.96" CONTENT="senast"/><SP WIDTH="7" VPOS="311" HPOS="260"/>
							<String ID="string_56" HPOS="267" VPOS="308" WIDTH="45" HEIGHT="15" WC="0.96" CONTENT="1991:"/><SP WIDTH="8" VPOS="308" HPOS="312"/>
							<String ID="string_57" HPOS="320" VPOS="307" WIDTH="52" HEIGHT="20" WC="0.96" CONTENT="1654)."/>
						</TextLine>
					</TextBlock>
				</ComposedBlock>
				<ComposedBlock ID="cblock_7" HPOS="31" VPOS="352" WIDTH="548" HEIGHT="1309">
					<TextBlock ID="block_7" HPOS="31" VPOS="352" WIDTH="546" HEIGHT="61">
						<TextLine ID="line_11" HPOS="32" VPOS="352" WIDTH="545" HEIGHT="21">
							<String ID="string_58" HPOS="32" VPOS="353" WIDTH="93" HEIGHT="20" WC="0.96" CONTENT="Riksdagen"/><SP WIDTH="5" VPOS="353" HPOS="125"/>
							<String ID="string_59" HPOS="130" VPOS="354" WIDTH="18" HEIGHT="14" WC="0.96" CONTENT="är"/><SP WIDTH="4" VPOS="354" HPOS="148"/>
							<String ID="string_60" HPOS="152" VPOS="353" WIDTH="28" HEIGHT="15" WC="0.96" CONTENT="det"/><SP WIDTH="5" VPOS="353" HPOS="180"/>
							<String ID="string_61" HPOS="185" VPOS="353" WIDTH="67" HEIGHT="15" WC="0.96" CONTENT="främsta"/><SP WIDTH="4" VPOS="353" HPOS="252"/>
							<String ID="string_62" HPOS="256" VPOS="352" WIDTH="128" HEIGHT="21" WC="0.92" CONTENT="representativa"/><SP WIDTH="5" VPOS="352" HPOS="384"/>
							<String ID="string_63" HPOS="389" VPOS="355" WIDTH="107" HEIGHT="17" WC="0.92" CONTENT="statsorganet"/><SP WIDTH="6" VPOS="355" HPOS="496"/>
							<String ID="string_64" HPOS="502" VPOS="352" WIDTH="25" HEIGHT="16" WC="0.93" CONTENT="för"/><SP WIDTH="4" VPOS="352" HPOS="527"/>
							<String ID="string_65" HPOS="531" VPOS="357" WIDTH="46" HEIGHT="11" WC="0.92" CONTENT="sven-"/>
						</TextLine>
						<TextLine ID="line_12" HPOS="31" VPOS="375" WIDTH="546" HEIGHT="20">
							<String ID="string_66" HPOS="31" VPOS="375" WIDTH="29" HEIGHT="15" WC="0.96" CONTENT="ska"/><SP WIDTH="7" VPOS="375" HPOS="60"/>
							<String ID="string_67" HPOS="67" VPOS="375" WIDTH="57" HEIGHT="15" WC="0.96" CONTENT="folket."/><SP WIDTH="9" VPOS="375" HPOS="124"/>
							<String ID="string_68" HPOS="133" VPOS="375" WIDTH="93" HEIGHT="20" WC="0.96" CONTENT="Riksdagen"/><SP WIDTH="8" VPOS="375" HPOS="226"/>
							<String ID="string_69" HPOS="234" VPOS="375" WIDTH="52" HEIGHT="15" WC="0.96" CONTENT="stiftar"/><SP WIDTH="7" VPOS="375" HPOS="286"/>
							<String ID="string_70" HPOS="293" VPOS="375" WIDTH="31" HEIGHT="20" WC="0.96" CONTENT="lag,"/><SP WIDTH="8" VPOS="375" HPOS="324"/>
							<String ID="string_71" HPOS="332" VPOS="375" WIDTH="71" HEIGHT="15" WC="0.96" CONTENT="beslutar"/><SP WIDTH="7" VPOS="375" HPOS="403"/>
							<String ID="string_72" HPOS="410" VPOS="380" WIDTH="28" HEIGHT="10" WC="0.96" CONTENT="om"/><SP WIDTH="7" VPOS="380" HPOS="438"/>
							<String ID="string_73" HPOS="445" VPOS="375" WIDTH="42" HEIGHT="15" WC="0.96" CONTENT="skatt"/><SP WIDTH="8" VPOS="375" HPOS="487"/>
							<String ID="string_74" HPOS="495" VPOS="375" WIDTH="22" HEIGHT="15" WC="0.97" CONTENT="till"/><SP WIDTH="8" VPOS="375" HPOS="517"/>
							<String ID="string_75" HPOS="525" VPOS="377" WIDTH="52" HEIGHT="13" WC="0.96" CONTENT="staten"/>
						</TextLine>
						<TextLine ID="line_13" HPOS="31" VPOS="397" WIDTH="441" HEIGHT="16">
							<String ID="string_76" HPOS="31" VPOS="397" WIDTH="31" HEIGHT="16" WC="0.96" CONTENT="och"/><SP WIDTH="6" VPOS="397" HPOS="62"/>
							<String ID="string_77" HPOS="68" VPOS="397" WIDTH="99" HEIGHT="16" WC="0.96" CONTENT="bestämmer"/><SP WIDTH="7" VPOS="397" HPOS="167"/>
							<String ID="string_78" HPOS="174" VPOS="397" WIDTH="29" HEIGHT="15" WC="0.96" CONTENT="hur"/><SP WIDTH="7" VPOS="397" HPOS="203"/>
							<String ID="string_79" HPOS="210" VPOS="400" WIDTH="61" HEIGHT="12" WC="0.96" CONTENT="statens"/><SP WIDTH="6" VPOS="400" HPOS="271"/>
							<String ID="string_80" HPOS="277" VPOS="397" WIDTH="54" HEIGHT="16" WC="0.96" CONTENT="medel"/><SP WIDTH="7" VPOS="397" HPOS="331"/>
							<String ID="string_81" HPOS="338" VPOS="397" WIDTH="40" HEIGHT="15" WC="0.96" CONTENT="skall"/><SP WIDTH="6" VPOS="397" HPOS="378"/>
							<String ID="string_82" HPOS="384" VPOS="397" WIDTH="88" HEIGHT="15" WC="0.96" CONTENT="användas."/>
						</TextLine>
					</TextBlock>
					<TextBlock ID="block_8" HPOS="31" VPOS="419" WIDTH="547" HEIGHT="132">
						<TextLine ID="line_14" HPOS="52" VPOS="419" WIDTH="525" HEIGHT="21">
							<String ID="string_83" HPOS="52" VPOS="420" WIDTH="94" HEIGHT="20" WC="0.96" CONTENT="Riksdagen"/><SP WIDTH="6" VPOS="420" HPOS="146"/>
							<String ID="string_84" HPOS="152" VPOS="419" WIDTH="54" HEIGHT="16" WC="0.96" CONTENT="består"/><SP WIDTH="7" VPOS="419" HPOS="206"/>
							<String ID="string_85" HPOS="213" VPOS="424" WIDTH="19" HEIGHT="11" WC="0.96" CONTENT="av"/><SP WIDTH="6" VPOS="424" HPOS="232"/>
							<String ID="string_86" HPOS="238" VPOS="420" WIDTH="30" HEIGHT="15" WC="0.96" CONTENT="349"/><SP WIDTH="7" VPOS="420" HPOS="268"/>
							<String ID="string_87" HPOS="275" VPOS="420" WIDTH="94" HEIGHT="17" WC="0.96" CONTENT="ledamöter,"/><SP WIDTH="7" VPOS="420" HPOS="369"/>
							<String ID="string_88" HPOS="376" VPOS="420" WIDTH="48" HEIGHT="15" WC="0.96" CONTENT="valda"/><SP WIDTH="6" VPOS="420" HPOS="424"/>
							<String ID="string_89" HPOS="430" VPOS="420" WIDTH="52" HEIGHT="15" WC="0.96" CONTENT="direkt"/><SP WIDTH="7" VPOS="420" HPOS="482"/>
							<String ID="string_90" HPOS="489" VPOS="424" WIDTH="19" HEIGHT="11" WC="0.96" CONTENT="av"/><SP WIDTH="7" VPOS="424" HPOS="508"/>
							<String ID="string_91" HPOS="515" VPOS="419" WIDTH="51" HEIGHT="16" WC="0.96" CONTENT="folket"/><SP WIDTH="7" VPOS="419" HPOS="566"/>
							<String ID="string_92" HPOS="573" VPOS="419" WIDTH="4" HEIGHT="15" WC="0.96" CONTENT="i"/>
						</TextLine>
						<TextLine ID="line_15" HPOS="32" VPOS="441" WIDTH="545" HEIGHT="21">
							<String ID="string_93" HPOS="32" VPOS="442" WIDTH="80" HEIGHT="15" WC="0.95" CONTENT="allmänna"/><SP WIDTH="6" VPOS="442" HPOS="112"/>
							<String ID="string_94" HPOS="118" VPOS="442" WIDTH="31" HEIGHT="15" WC="0.96" CONTENT="val."/><SP WIDTH="7" VPOS="442" HPOS="149"/>
							<String ID="string_95" HPOS="156" VPOS="442" WIDTH="87" HEIGHT="15" WC="0.96" CONTENT="Ordinarie"/><SP WIDTH="5" VPOS="442" HPOS="243"/>
							<String ID="string_96" HPOS="248" VPOS="442" WIDTH="98" HEIGHT="20" WC="0.96" CONTENT="riksdagsval"/><SP WIDTH="7" VPOS="442" HPOS="346"/>
							<String ID="string_97" HPOS="353" VPOS="443" WIDTH="38" HEIGHT="19" WC="0.96" CONTENT="äger"/><SP WIDTH="5" VPOS="443" HPOS="391"/>
							<String ID="string_98" HPOS="396" VPOS="447" WIDTH="35" HEIGHT="10" WC="0.96" CONTENT="rum"/><SP WIDTH="6" VPOS="447" HPOS="431"/>
							<String ID="string_99" HPOS="437" VPOS="444" WIDTH="34" HEIGHT="13" WC="0.96" CONTENT="vart"/><SP WIDTH="6" VPOS="444" HPOS="471"/>
							<String ID="string_100" HPOS="477" VPOS="442" WIDTH="51" HEIGHT="19" WC="0.96" CONTENT="tredje"/><SP WIDTH="6" VPOS="442" HPOS="528"/>
							<String ID="string_101" HPOS="534" VPOS="441" WIDTH="18" HEIGHT="16" WC="0.96" CONTENT="år"/><SP WIDTH="5" VPOS="441" HPOS="552"/>
							<String ID="string_102" HPOS="557" VPOS="441" WIDTH="20" HEIGHT="21" WC="0.96" CONTENT="på"/>
						</TextLine>
						<TextLine ID="line_16" HPOS="32" VPOS="464" WIDTH="545" HEIGHT="20">
							<String ID="string_103" HPOS="32" VPOS="464" WIDTH="50" HEIGHT="20" WC="0.96" CONTENT="tredje"/><SP WIDTH="10" VPOS="464" HPOS="82"/>
							<String ID="string_104" HPOS="92" VPOS="464" WIDTH="83" HEIGHT="20" WC="0.96" CONTENT="söndagen"/><SP WIDTH="10" VPOS="464" HPOS="175"/>
							<String ID="string_105" HPOS="185" VPOS="464" WIDTH="3" HEIGHT="15" WC="0.96" CONTENT="i"/><SP WIDTH="10" VPOS="464" HPOS="188"/>
							<String ID="string_106" HPOS="198" VPOS="464" WIDTH="93" HEIGHT="20" WC="0.96" CONTENT="september"/><SP WIDTH="9" VPOS="464" HPOS="291"/>
							<String ID="string_107" HPOS="300" VPOS="464" WIDTH="65" HEIGHT="15" WC="0.96" CONTENT="månad."/><SP WIDTH="10" VPOS="464" HPOS="365"/>
							<String ID="string_108" HPOS="375" VPOS="464" WIDTH="88" HEIGHT="15" WC="0.95" CONTENT="Allmänna"/><SP WIDTH="9" VPOS="464" HPOS="463"/>
							<String ID="string_109" HPOS="472" VPOS="464" WIDTH="26" HEIGHT="15" WC="0.96" CONTENT="val"/><SP WIDTH="9" VPOS="464" HPOS="498"/>
							<String ID="string_110" HPOS="507" VPOS="464" WIDTH="22" HEIGHT="15" WC="0.92" CONTENT="till"/><SP WIDTH="10" VPOS="464" HPOS="529"/>
							<String ID="string_111" HPOS="539" VPOS="464" WIDTH="38" HEIGHT="15" WC="0.92" CONTENT="riks-"/>
						</TextLine>
						<TextLine ID="line_17" HPOS="32" VPOS="486" WIDTH="545" HEIGHT="20">
							<String ID="string_112" HPOS="32" VPOS="487" WIDTH="52" HEIGHT="19" WC="0.96" CONTENT="dagen"/><SP WIDTH="6" VPOS="487" HPOS="84"/>
							<String ID="string_113" HPOS="90" VPOS="487" WIDTH="41" HEIGHT="19" WC="0.96" CONTENT="ägde"/><SP WIDTH="5" VPOS="487" HPOS="131"/>
							<String ID="string_114" HPOS="136" VPOS="489" WIDTH="54" HEIGHT="13" WC="0.96" CONTENT="senast"/><SP WIDTH="6" VPOS="489" HPOS="190"/>
							<String ID="string_115" HPOS="196" VPOS="491" WIDTH="35" HEIGHT="10" WC="0.96" CONTENT="rum"/><SP WIDTH="6" VPOS="491" HPOS="231"/>
							<String ID="string_116" HPOS="237" VPOS="486" WIDTH="32" HEIGHT="16" WC="0.96" CONTENT="den"/><SP WIDTH="7" VPOS="486" HPOS="269"/>
							<String ID="string_117" HPOS="276" VPOS="486" WIDTH="18" HEIGHT="15" WC="0.96" CONTENT="15"/><SP WIDTH="6" VPOS="486" HPOS="294"/>
							<String ID="string_118" HPOS="300" VPOS="486" WIDTH="94" HEIGHT="20" WC="0.96" CONTENT="september"/><SP WIDTH="6" VPOS="486" HPOS="394"/>
							<String ID="string_119" HPOS="400" VPOS="486" WIDTH="37" HEIGHT="16" WC="0.96" CONTENT="1991"/><SP WIDTH="7" VPOS="486" HPOS="437"/>
							<String ID="string_120" HPOS="444" VPOS="486" WIDTH="32" HEIGHT="16" WC="0.96" CONTENT="och"/><SP WIDTH="6" VPOS="486" HPOS="476"/>
							<String ID="string_121" HPOS="482" VPOS="491" WIDTH="45" HEIGHT="11" WC="0.96" CONTENT="avser"/><SP WIDTH="6" VPOS="491" HPOS="527"/>
							<String ID="string_122" HPOS="533" VPOS="486" WIDTH="44" HEIGHT="15" WC="0.96" CONTENT="tiden"/>
						</TextLine>
						<TextLine ID="line_18" HPOS="32" VPOS="508" WIDTH="546" HEIGHT="21">
							<String ID="string_123" HPOS="32" VPOS="509" WIDTH="39" HEIGHT="15" WC="0.95" CONTENT="intill"/><SP WIDTH="9" VPOS="509" HPOS="71"/>
							<String ID="string_124" HPOS="80" VPOS="509" WIDTH="37" HEIGHT="15" WC="0.96" CONTENT="dess"/><SP WIDTH="8" VPOS="509" HPOS="117"/>
							<String ID="string_125" HPOS="125" VPOS="513" WIDTH="20" HEIGHT="11" WC="0.93" CONTENT="en"/><SP WIDTH="9" VPOS="513" HPOS="145"/>
							<String ID="string_126" HPOS="154" VPOS="509" WIDTH="58" HEIGHT="19" WC="0.92" CONTENT="nyvald"/><SP WIDTH="9" VPOS="509" HPOS="212"/>
							<String ID="string_127" HPOS="221" VPOS="508" WIDTH="65" HEIGHT="21" WC="0.96" CONTENT="riksdag"/><SP WIDTH="8" VPOS="508" HPOS="286"/>
							<String ID="string_128" HPOS="294" VPOS="509" WIDTH="58" HEIGHT="15" WC="0.96" CONTENT="samlas"/><SP WIDTH="9" VPOS="509" HPOS="352"/>
							<String ID="string_129" HPOS="361" VPOS="509" WIDTH="41" HEIGHT="15" WC="0.96" CONTENT="efter"/><SP WIDTH="9" VPOS="509" HPOS="402"/>
							<String ID="string_130" HPOS="411" VPOS="509" WIDTH="97" HEIGHT="19" WC="0.96" CONTENT="riksdagsval"/><SP WIDTH="9" VPOS="509" HPOS="508"/>
							<String ID="string_131" HPOS="517" VPOS="509" WIDTH="32" HEIGHT="15" WC="0.96" CONTENT="den"/><SP WIDTH="11" VPOS="509" HPOS="549"/>
							<String ID="string_132" HPOS="560" VPOS="509" WIDTH="18" HEIGHT="15" WC="0.96" CONTENT="18"/>
						</TextLine>
						<TextLine ID="line_19" HPOS="31" VPOS="531" WIDTH="145" HEIGHT="20">
							<String ID="string_133" HPOS="31" VPOS="531" WIDTH="93" HEIGHT="20" WC="0.96" CONTENT="september"/><SP WIDTH="7" VPOS="531" HPOS="124"/>
							<String ID="string_134" HPOS="131" VPOS="531" WIDTH="45" HEIGHT="15" WC="0.95" CONTENT="1994."/>
						</TextLine>
					</TextBlock>
					<TextBlock ID="block_9" HPOS="31" VPOS="553" WIDTH="547" HEIGHT="199">
						<TextLine ID="line_20" HPOS="52" VPOS="553" WIDTH="526" HEIGHT="20">
							<String ID="string_135" HPOS="52" VPOS="554" WIDTH="30" HEIGHT="15" WC="0.96" CONTENT="För"/><SP WIDTH="9" VPOS="554" HPOS="82"/>
							<String ID="string_136" HPOS="91" VPOS="553" WIDTH="97" HEIGHT="20" WC="0.96" CONTENT="riksdagsval"/><SP WIDTH="10" VPOS="553" HPOS="188"/>
							<String ID="string_137" HPOS="198" VPOS="555" WIDTH="17" HEIGHT="13" WC="0.96" CONTENT="är"/><SP WIDTH="9" VPOS="555" HPOS="215"/>
							<String ID="string_138" HPOS="224" VPOS="553" WIDTH="40" HEIGHT="15" WC="0.96" CONTENT="riket"/><SP WIDTH="9" VPOS="553" HPOS="264"/>
							<String ID="string_139" HPOS="273" VPOS="553" WIDTH="61" HEIGHT="15" WC="0.96" CONTENT="indelat"/><SP WIDTH="9" VPOS="553" HPOS="334"/>
							<String ID="string_140" HPOS="343" VPOS="553" WIDTH="4" HEIGHT="15" WC="0.96" CONTENT="i"/><SP WIDTH="8" VPOS="553" HPOS="347"/>
							<String ID="string_141" HPOS="355" VPOS="553" WIDTH="20" HEIGHT="16" WC="0.96" CONTENT="28"/><SP WIDTH="8" VPOS="553" HPOS="375"/>
							<String ID="string_142" HPOS="383" VPOS="553" WIDTH="92" HEIGHT="15" WC="0.96" CONTENT="valkretsar."/><SP WIDTH="10" VPOS="553" HPOS="475"/>
							<String ID="string_143" HPOS="485" VPOS="553" WIDTH="25" HEIGHT="15" WC="0.96" CONTENT="Av"/><SP WIDTH="8" VPOS="553" HPOS="510"/>
							<String ID="string_144" HPOS="518" VPOS="553" WIDTH="21" HEIGHT="15" WC="0.96" CONTENT="de"/><SP WIDTH="8" VPOS="553" HPOS="539"/>
							<String ID="string_145" HPOS="547" VPOS="553" WIDTH="31" HEIGHT="15" WC="0.96" CONTENT="349"/>
						</TextLine>
						<TextLine ID="line_21" HPOS="32" VPOS="575" WIDTH="545" HEIGHT="20">
							<String ID="string_146" HPOS="32" VPOS="576" WIDTH="160" HEIGHT="19" WC="0.91" CONTENT="riksdagsmandaten"/><SP WIDTH="8" VPOS="576" HPOS="192"/>
							<String ID="string_147" HPOS="200" VPOS="577" WIDTH="18" HEIGHT="13" WC="0.96" CONTENT="är"/><SP WIDTH="7" VPOS="577" HPOS="218"/>
							<String ID="string_148" HPOS="225" VPOS="575" WIDTH="30" HEIGHT="16" WC="0.96" CONTENT="310"/><SP WIDTH="8" VPOS="575" HPOS="255"/>
							<String ID="string_149" HPOS="263" VPOS="575" WIDTH="41" HEIGHT="16" WC="0.93" CONTENT="fasta"/><SP WIDTH="7" VPOS="575" HPOS="304"/>
							<String ID="string_150" HPOS="311" VPOS="575" WIDTH="144" HEIGHT="18" WC="0.92" CONTENT="valkretsmandat,"/><SP WIDTH="8" VPOS="575" HPOS="455"/>
							<String ID="string_151" HPOS="463" VPOS="580" WIDTH="36" HEIGHT="11" WC="0.96" CONTENT="som"/><SP WIDTH="7" VPOS="580" HPOS="499"/>
							<String ID="string_152" HPOS="506" VPOS="575" WIDTH="71" HEIGHT="15" WC="0.96" CONTENT="fördelas"/>
						</TextLine>
						<TextLine ID="line_22" HPOS="32" VPOS="597" WIDTH="545" HEIGHT="21">
							<String ID="string_153" HPOS="32" VPOS="598" WIDTH="58" HEIGHT="15" WC="0.95" CONTENT="mellan"/><SP WIDTH="9" VPOS="598" HPOS="90"/>
							<String ID="string_154" HPOS="99" VPOS="598" WIDTH="110" HEIGHT="15" WC="0.96" CONTENT="valkretsarna"/><SP WIDTH="9" VPOS="598" HPOS="209"/>
							<String ID="string_155" HPOS="218" VPOS="598" WIDTH="41" HEIGHT="15" WC="0.96" CONTENT="efter"/><SP WIDTH="9" VPOS="598" HPOS="259"/>
							<String ID="string_156" HPOS="268" VPOS="598" WIDTH="60" HEIGHT="15" WC="0.96" CONTENT="antalet"/><SP WIDTH="9" VPOS="598" HPOS="328"/>
							<String ID="string_157" HPOS="337" VPOS="598" WIDTH="135" HEIGHT="20" WC="0.96" CONTENT="röstberättigade"/><SP WIDTH="8" VPOS="598" HPOS="472"/>
							<String ID="string_158" HPOS="480" VPOS="598" WIDTH="4" HEIGHT="15" WC="0.96" CONTENT="i"/><SP WIDTH="10" VPOS="598" HPOS="484"/>
							<String ID="string_159" HPOS="494" VPOS="597" WIDTH="43" HEIGHT="20" WC="0.93" CONTENT="varje"/><SP WIDTH="8" VPOS="597" HPOS="537"/>
							<String ID="string_160" HPOS="545" VPOS="597" WIDTH="32" HEIGHT="16" WC="0.92" CONTENT="val-"/>
						</TextLine>
						<TextLine ID="line_23" HPOS="32" VPOS="620" WIDTH="545" HEIGHT="20">
							<String ID="string_161" HPOS="32" VPOS="620" WIDTH="48" HEIGHT="16" WC="0.96" CONTENT="krets."/><SP WIDTH="11" VPOS="620" HPOS="80"/>
							<String ID="string_162" HPOS="91" VPOS="620" WIDTH="47" HEIGHT="15" WC="0.96" CONTENT="Inom"/><SP WIDTH="9" VPOS="620" HPOS="138"/>
							<String ID="string_163" HPOS="147" VPOS="620" WIDTH="43" HEIGHT="20" WC="0.96" CONTENT="varje"/><SP WIDTH="9" VPOS="620" HPOS="190"/>
							<String ID="string_164" HPOS="199" VPOS="620" WIDTH="71" HEIGHT="15" WC="0.96" CONTENT="valkrets"/><SP WIDTH="9" VPOS="620" HPOS="270"/>
							<String ID="string_165" HPOS="279" VPOS="620" WIDTH="70" HEIGHT="15" WC="0.95" CONTENT="tillfaller"/><SP WIDTH="9" VPOS="620" HPOS="349"/>
							<String ID="string_166" HPOS="358" VPOS="620" WIDTH="88" HEIGHT="15" WC="0.96" CONTENT="mandaten"/><SP WIDTH="9" VPOS="620" HPOS="446"/>
							<String ID="string_167" HPOS="455" VPOS="620" WIDTH="20" HEIGHT="15" WC="0.95" CONTENT="de"/><SP WIDTH="10" VPOS="620" HPOS="475"/>
							<String ID="string_168" HPOS="485" VPOS="620" WIDTH="4" HEIGHT="15" WC="0.93" CONTENT="i"/><SP WIDTH="10" VPOS="620" HPOS="489"/>
							<String ID="string_169" HPOS="499" VPOS="620" WIDTH="78" HEIGHT="20" WC="0.92" CONTENT="riksdags-"/>
						</TextLine>
						<TextLine ID="line_24" HPOS="31" VPOS="642" WIDTH="546" HEIGHT="22">
							<String ID="string_170" HPOS="31" VPOS="642" WIDTH="42" HEIGHT="16" WC="0.96" CONTENT="valet"/><SP WIDTH="8" VPOS="642" HPOS="73"/>
							<String ID="string_171" HPOS="81" VPOS="642" WIDTH="97" HEIGHT="20" WC="0.96" CONTENT="deltagande"/><SP WIDTH="8" VPOS="642" HPOS="178"/>
							<String ID="string_172" HPOS="186" VPOS="642" WIDTH="81" HEIGHT="20" WC="0.96" CONTENT="partierna"/><SP WIDTH="7" VPOS="642" HPOS="267"/>
							<String ID="string_173" HPOS="274" VPOS="642" WIDTH="125" HEIGHT="22" WC="0.96" CONTENT="proportionellt"/><SP WIDTH="7" VPOS="642" HPOS="399"/>
							<String ID="string_174" HPOS="406" VPOS="642" WIDTH="20" HEIGHT="21" WC="0.96" CONTENT="på"/><SP WIDTH="8" VPOS="642" HPOS="426"/>
							<String ID="string_175" HPOS="434" VPOS="642" WIDTH="77" HEIGHT="20" WC="0.96" CONTENT="grundval"/><SP WIDTH="8" VPOS="642" HPOS="511"/>
							<String ID="string_176" HPOS="519" VPOS="647" WIDTH="19" HEIGHT="10" WC="0.93" CONTENT="av"/><SP WIDTH="7" VPOS="647" HPOS="538"/>
							<String ID="string_177" HPOS="545" VPOS="642" WIDTH="32" HEIGHT="15" WC="0.91" CONTENT="val-"/>
						</TextLine>
						<TextLine ID="line_25" HPOS="32" VPOS="664" WIDTH="545" HEIGHT="21">
							<String ID="string_178" HPOS="32" VPOS="665" WIDTH="83" HEIGHT="15" WC="0.96" CONTENT="resultatet"/><SP WIDTH="7" VPOS="665" HPOS="115"/>
							<String ID="string_179" HPOS="122" VPOS="665" WIDTH="45" HEIGHT="15" WC="0.96" CONTENT="inom"/><SP WIDTH="7" VPOS="665" HPOS="167"/>
							<String ID="string_180" HPOS="174" VPOS="664" WIDTH="97" HEIGHT="16" WC="0.96" CONTENT="valkretsen."/><SP WIDTH="9" VPOS="664" HPOS="271"/>
							<String ID="string_181" HPOS="280" VPOS="665" WIDTH="61" HEIGHT="20" WC="0.96" CONTENT="Övriga"/><SP WIDTH="7" VPOS="665" HPOS="341"/>
							<String ID="string_182" HPOS="348" VPOS="665" WIDTH="20" HEIGHT="15" WC="0.96" CONTENT="39"/><SP WIDTH="7" VPOS="665" HPOS="368"/>
							<String ID="string_183" HPOS="375" VPOS="665" WIDTH="66" HEIGHT="15" WC="0.96" CONTENT="mandat"/><SP WIDTH="8" VPOS="665" HPOS="441"/>
							<String ID="string_184" HPOS="449" VPOS="666" WIDTH="17" HEIGHT="14" WC="0.93" CONTENT="är"/><SP WIDTH="8" VPOS="666" HPOS="466"/>
							<String ID="string_185" HPOS="474" VPOS="664" WIDTH="103" HEIGHT="20" WC="0.92" CONTENT="utjämnings-"/>
						</TextLine>
						<TextLine ID="line_26" HPOS="32" VPOS="687" WIDTH="545" HEIGHT="20">
							<String ID="string_186" HPOS="32" VPOS="687" WIDTH="66" HEIGHT="15" WC="0.96" CONTENT="mandat"/><SP WIDTH="9" VPOS="687" HPOS="98"/>
							<String ID="string_187" HPOS="107" VPOS="692" WIDTH="36" HEIGHT="10" WC="0.96" CONTENT="som"/><SP WIDTH="9" VPOS="692" HPOS="143"/>
							<String ID="string_188" HPOS="152" VPOS="687" WIDTH="71" HEIGHT="15" WC="0.96" CONTENT="fördelas"/><SP WIDTH="9" VPOS="687" HPOS="223"/>
							<String ID="string_189" HPOS="232" VPOS="687" WIDTH="18" HEIGHT="15" WC="0.96" CONTENT="så"/><SP WIDTH="9" VPOS="687" HPOS="250"/>
							<String ID="string_190" HPOS="259" VPOS="689" WIDTH="23" HEIGHT="13" WC="0.96" CONTENT="att"/><SP WIDTH="9" VPOS="689" HPOS="282"/>
							<String ID="string_191" HPOS="291" VPOS="687" WIDTH="44" HEIGHT="20" WC="0.96" CONTENT="varje"/><SP WIDTH="10" VPOS="687" HPOS="335"/>
							<String ID="string_192" HPOS="345" VPOS="687" WIDTH="49" HEIGHT="20" WC="0.96" CONTENT="partis"/><SP WIDTH="9" VPOS="687" HPOS="394"/>
							<String ID="string_193" HPOS="403" VPOS="687" WIDTH="121" HEIGHT="19" WC="0.96" CONTENT="sammanlagda"/><SP WIDTH="10" VPOS="687" HPOS="524"/>
							<String ID="string_194" HPOS="534" VPOS="687" WIDTH="43" HEIGHT="15" WC="0.96" CONTENT="antal"/>
						</TextLine>
						<TextLine ID="line_27" HPOS="32" VPOS="709" WIDTH="545" HEIGHT="20">
							<String ID="string_195" HPOS="32" VPOS="710" WIDTH="59" HEIGHT="19" WC="0.96" CONTENT="platser"/><SP WIDTH="11" VPOS="710" HPOS="91"/>
							<String ID="string_196" HPOS="102" VPOS="709" WIDTH="4" HEIGHT="15" WC="0.96" CONTENT="i"/><SP WIDTH="11" VPOS="709" HPOS="106"/>
							<String ID="string_197" HPOS="117" VPOS="709" WIDTH="84" HEIGHT="20" WC="0.96" CONTENT="riksdagen"/><SP WIDTH="11" VPOS="709" HPOS="201"/>
							<String ID="string_198" HPOS="212" VPOS="710" WIDTH="18" HEIGHT="14" WC="0.96" CONTENT="så"/><SP WIDTH="11" VPOS="710" HPOS="230"/>
							<String ID="string_199" HPOS="241" VPOS="711" WIDTH="38" HEIGHT="13" WC="0.96" CONTENT="nära"/><SP WIDTH="11" VPOS="711" HPOS="279"/>
							<String ID="string_200" HPOS="290" VPOS="714" WIDTH="35" HEIGHT="11" WC="0.96" CONTENT="som"/><SP WIDTH="11" VPOS="714" HPOS="325"/>
							<String ID="string_201" HPOS="336" VPOS="709" WIDTH="61" HEIGHT="20" WC="0.96" CONTENT="möjligt"/><SP WIDTH="11" VPOS="709" HPOS="397"/>
							<String ID="string_202" HPOS="408" VPOS="714" WIDTH="54" HEIGHT="10" WC="0.96" CONTENT="svarar"/><SP WIDTH="10" VPOS="714" HPOS="462"/>
							<String ID="string_203" HPOS="472" VPOS="711" WIDTH="35" HEIGHT="13" WC="0.96" CONTENT="mot"/><SP WIDTH="10" VPOS="711" HPOS="507"/>
							<String ID="string_204" HPOS="517" VPOS="709" WIDTH="60" HEIGHT="15" WC="0.95" CONTENT="antalet"/>
						</TextLine>
						<TextLine ID="line_28" HPOS="32" VPOS="732" WIDTH="343" HEIGHT="20">
							<String ID="string_205" HPOS="32" VPOS="732" WIDTH="67" HEIGHT="20" WC="0.95" CONTENT="avgivna"/><SP WIDTH="7" VPOS="732" HPOS="99"/>
							<String ID="string_206" HPOS="106" VPOS="733" WIDTH="51" HEIGHT="14" WC="0.96" CONTENT="röster"/><SP WIDTH="7" VPOS="733" HPOS="157"/>
							<String ID="string_207" HPOS="164" VPOS="732" WIDTH="25" HEIGHT="15" WC="0.96" CONTENT="för"/><SP WIDTH="7" VPOS="732" HPOS="189"/>
							<String ID="string_208" HPOS="196" VPOS="732" WIDTH="58" HEIGHT="20" WC="0.96" CONTENT="partiet"/><SP WIDTH="6" VPOS="732" HPOS="254"/>
							<String ID="string_209" HPOS="260" VPOS="732" WIDTH="5" HEIGHT="15" WC="0.96" CONTENT="i"/><SP WIDTH="7" VPOS="732" HPOS="265"/>
							<String ID="string_210" HPOS="272" VPOS="732" WIDTH="36" HEIGHT="15" WC="0.96" CONTENT="hela"/><SP WIDTH="7" VPOS="732" HPOS="308"/>
							<String ID="string_211" HPOS="315" VPOS="732" WIDTH="60" HEIGHT="15" WC="0.96" CONTENT="landet."/>
						</TextLine>
					</TextBlock>
					<TextBlock ID="block_10" HPOS="32" VPOS="753" WIDTH="546" HEIGHT="126">
						<TextLine ID="line_29" HPOS="52" VPOS="753" WIDTH="525" HEIGHT="21">
							<String ID="string_212" HPOS="52" VPOS="754" WIDTH="7" HEIGHT="15" WC="0.94" CONTENT="I"/><SP WIDTH="6" VPOS="754" HPOS="59"/>
							<String ID="string_213" HPOS="65" VPOS="754" WIDTH="113" HEIGHT="20" WC="0.96" CONTENT="fördelningen"/><SP WIDTH="7" VPOS="754" HPOS="178"/>
							<String ID="string_214" HPOS="185" VPOS="759" WIDTH="19" HEIGHT="10" WC="0.96" CONTENT="av"/><SP WIDTH="6" VPOS="759" HPOS="204"/>
							<String ID="string_215" HPOS="210" VPOS="754" WIDTH="140" HEIGHT="20" WC="0.96" CONTENT="riksdagsmandat"/><SP WIDTH="6" VPOS="754" HPOS="350"/>
							<String ID="string_216" HPOS="356" VPOS="754" WIDTH="52" HEIGHT="15" WC="0.96" CONTENT="deltar"/><SP WIDTH="5" VPOS="754" HPOS="408"/>
							<String ID="string_217" HPOS="413" VPOS="754" WIDTH="57" HEIGHT="15" WC="0.96" CONTENT="endast"/><SP WIDTH="7" VPOS="754" HPOS="470"/>
							<String ID="string_218" HPOS="477" VPOS="753" WIDTH="59" HEIGHT="21" WC="0.96" CONTENT="partier"/><SP WIDTH="6" VPOS="753" HPOS="536"/>
							<String ID="string_219" HPOS="542" VPOS="758" WIDTH="35" HEIGHT="11" WC="0.96" CONTENT="som"/>
						</TextLine>
						<TextLine ID="line_30" HPOS="32" VPOS="775" WIDTH="545" HEIGHT="21">
							<String ID="string_220" HPOS="32" VPOS="776" WIDTH="28" HEIGHT="15" WC="0.96" CONTENT="har"/><SP WIDTH="8" VPOS="776" HPOS="60"/>
							<String ID="string_221" HPOS="68" VPOS="776" WIDTH="30" HEIGHT="15" WC="0.96" CONTENT="fått"/><SP WIDTH="8" VPOS="776" HPOS="98"/>
							<String ID="string_222" HPOS="106" VPOS="776" WIDTH="48" HEIGHT="15" WC="0.96" CONTENT="minst"/><SP WIDTH="8" VPOS="776" HPOS="154"/>
							<String ID="string_223" HPOS="162" VPOS="776" WIDTH="35" HEIGHT="20" WC="0.96" CONTENT="fyra"/><SP WIDTH="8" VPOS="776" HPOS="197"/>
							<String ID="string_224" HPOS="205" VPOS="779" WIDTH="67" HEIGHT="17" WC="0.96" CONTENT="procent"/><SP WIDTH="9" VPOS="779" HPOS="272"/>
							<String ID="string_225" HPOS="281" VPOS="781" WIDTH="19" HEIGHT="10" WC="0.96" CONTENT="av"/><SP WIDTH="8" VPOS="781" HPOS="300"/>
							<String ID="string_226" HPOS="308" VPOS="776" WIDTH="73" HEIGHT="20" WC="0.96" CONTENT="samtliga"/><SP WIDTH="9" VPOS="776" HPOS="381"/>
							<String ID="string_227" HPOS="390" VPOS="776" WIDTH="4" HEIGHT="15" WC="0.96" CONTENT="i"/><SP WIDTH="8" VPOS="776" HPOS="394"/>
							<String ID="string_228" HPOS="402" VPOS="776" WIDTH="37" HEIGHT="15" WC="0.96" CONTENT="hela"/><SP WIDTH="8" VPOS="776" HPOS="439"/>
							<String ID="string_229" HPOS="447" VPOS="776" WIDTH="55" HEIGHT="15" WC="0.96" CONTENT="landet"/><SP WIDTH="8" VPOS="776" HPOS="502"/>
							<String ID="string_230" HPOS="510" VPOS="775" WIDTH="67" HEIGHT="20" WC="0.96" CONTENT="avgivna"/>
						</TextLine>
						<TextLine ID="line_31" HPOS="32" VPOS="798" WIDTH="545" HEIGHT="19">
							<String ID="string_231" HPOS="32" VPOS="800" WIDTH="54" HEIGHT="13" WC="0.96" CONTENT="röster."/><SP WIDTH="8" VPOS="800" HPOS="86"/>
							<String ID="string_232" HPOS="94" VPOS="798" WIDTH="26" HEIGHT="15" WC="0.96" CONTENT="Ett"/><SP WIDTH="6" VPOS="798" HPOS="120"/>
							<String ID="string_233" HPOS="126" VPOS="798" WIDTH="40" HEIGHT="19" WC="0.96" CONTENT="parti"/><SP WIDTH="6" VPOS="798" HPOS="166"/>
							<String ID="string_234" HPOS="172" VPOS="803" WIDTH="35" HEIGHT="10" WC="0.96" CONTENT="som"/><SP WIDTH="7" VPOS="803" HPOS="207"/>
							<String ID="string_235" HPOS="214" VPOS="798" WIDTH="33" HEIGHT="15" WC="0.96" CONTENT="inte"/><SP WIDTH="5" VPOS="798" HPOS="247"/>
							<String ID="string_236" HPOS="252" VPOS="798" WIDTH="29" HEIGHT="15" WC="0.96" CONTENT="når"/><SP WIDTH="6" VPOS="798" HPOS="281"/>
							<String ID="string_237" HPOS="287" VPOS="802" WIDTH="32" HEIGHT="15" WC="0.96" CONTENT="upp"/><SP WIDTH="6" VPOS="802" HPOS="319"/>
							<String ID="string_238" HPOS="325" VPOS="798" WIDTH="23" HEIGHT="14" WC="0.93" CONTENT="till"/><SP WIDTH="6" VPOS="798" HPOS="348"/>
							<String ID="string_239" HPOS="354" VPOS="798" WIDTH="180" HEIGHT="19" WC="0.90" CONTENT="fyraprocentsgränsen"/><SP WIDTH="6" VPOS="798" HPOS="534"/>
							<String ID="string_240" HPOS="540" VPOS="802" WIDTH="37" HEIGHT="10" WC="0.96" CONTENT="men"/>
						</TextLine>
						<TextLine ID="line_32" HPOS="32" VPOS="819" WIDTH="546" HEIGHT="20">
							<String ID="string_241" HPOS="32" VPOS="824" WIDTH="35" HEIGHT="11" WC="0.96" CONTENT="som"/><SP WIDTH="7" VPOS="824" HPOS="67"/>
							<String ID="string_242" HPOS="74" VPOS="820" WIDTH="29" HEIGHT="14" WC="0.96" CONTENT="har"/><SP WIDTH="7" VPOS="820" HPOS="103"/>
							<String ID="string_243" HPOS="110" VPOS="819" WIDTH="63" HEIGHT="16" WC="0.96" CONTENT="erhållit"/><SP WIDTH="7" VPOS="819" HPOS="173"/>
							<String ID="string_244" HPOS="180" VPOS="819" WIDTH="48" HEIGHT="15" WC="0.96" CONTENT="minst"/><SP WIDTH="8" VPOS="819" HPOS="228"/>
							<String ID="string_245" HPOS="236" VPOS="820" WIDTH="33" HEIGHT="15" WC="0.96" CONTENT="tolv"/><SP WIDTH="7" VPOS="820" HPOS="269"/>
							<String ID="string_246" HPOS="276" VPOS="822" WIDTH="68" HEIGHT="17" WC="0.95" CONTENT="procent"/><SP WIDTH="7" VPOS="822" HPOS="344"/>
							<String ID="string_247" HPOS="351" VPOS="824" WIDTH="19" HEIGHT="10" WC="0.96" CONTENT="av"/><SP WIDTH="8" VPOS="824" HPOS="370"/>
							<String ID="string_248" HPOS="378" VPOS="821" WIDTH="73" HEIGHT="13" WC="0.96" CONTENT="rösterna"/><SP WIDTH="7" VPOS="821" HPOS="451"/>
							<String ID="string_249" HPOS="458" VPOS="819" WIDTH="4" HEIGHT="15" WC="0.96" CONTENT="i"/><SP WIDTH="8" VPOS="819" HPOS="462"/>
							<String ID="string_250" HPOS="470" VPOS="819" WIDTH="31" HEIGHT="15" WC="0.96" CONTENT="viss"/><SP WIDTH="7" VPOS="819" HPOS="501"/>
							<String ID="string_251" HPOS="508" VPOS="819" WIDTH="70" HEIGHT="15" WC="0.96" CONTENT="valkrets"/>
						</TextLine>
						<TextLine ID="line_33" HPOS="32" VPOS="841" WIDTH="545" HEIGHT="20">
							<String ID="string_252" HPOS="32" VPOS="842" WIDTH="51" HEIGHT="15" WC="0.96" CONTENT="deltar"/><SP WIDTH="8" VPOS="842" HPOS="83"/>
							<String ID="string_253" HPOS="91" VPOS="842" WIDTH="43" HEIGHT="15" WC="0.96" CONTENT="dock"/><SP WIDTH="8" VPOS="842" HPOS="134"/>
							<String ID="string_254" HPOS="142" VPOS="842" WIDTH="26" HEIGHT="15" WC="0.96" CONTENT="vid"/><SP WIDTH="10" VPOS="842" HPOS="168"/>
							<String ID="string_255" HPOS="178" VPOS="841" WIDTH="112" HEIGHT="20" WC="0.96" CONTENT="fördelningen"/><SP WIDTH="9" VPOS="841" HPOS="290"/>
							<String ID="string_256" HPOS="299" VPOS="846" WIDTH="19" HEIGHT="11" WC="0.96" CONTENT="av"/><SP WIDTH="9" VPOS="846" HPOS="318"/>
							<String ID="string_257" HPOS="327" VPOS="841" WIDTH="20" HEIGHT="15" WC="0.96" CONTENT="de"/><SP WIDTH="9" VPOS="841" HPOS="347"/>
							<String ID="string_258" HPOS="356" VPOS="841" WIDTH="41" HEIGHT="15" WC="0.93" CONTENT="fasta"/><SP WIDTH="8" VPOS="841" HPOS="397"/>
							<String ID="string_259" HPOS="405" VPOS="841" WIDTH="159" HEIGHT="15" WC="0.92" CONTENT="valkretsmandaten"/><SP WIDTH="9" VPOS="841" HPOS="564"/>
							<String ID="string_260" HPOS="573" VPOS="841" WIDTH="4" HEIGHT="15" WC="0.96" CONTENT="i"/>
						</TextLine>
						<TextLine ID="line_34" HPOS="32" VPOS="864" WIDTH="143" HEIGHT="15">
							<String ID="string_261" HPOS="32" VPOS="868" WIDTH="61" HEIGHT="11" WC="0.95" CONTENT="samma"/><SP WIDTH="7" VPOS="868" HPOS="93"/>
							<String ID="string_262" HPOS="100" VPOS="864" WIDTH="75" HEIGHT="15" WC="0.94" CONTENT="valkrets."/>
						</TextLine>
					</TextBlock>
					<TextBlock ID="block_11" HPOS="32" VPOS="885" WIDTH="545" HEIGHT="65">
						<TextLine ID="line_35" HPOS="53" VPOS="885" WIDTH="524" HEIGHT="21">
							<String ID="string_263" HPOS="53" VPOS="886" WIDTH="73" HEIGHT="15" WC="0.95" CONTENT="Rösträtt"/><SP WIDTH="4" VPOS="886" HPOS="126"/>
							<String ID="string_264" HPOS="130" VPOS="886" WIDTH="27" HEIGHT="15" WC="0.96" CONTENT="vid"/><SP WIDTH="6" VPOS="886" HPOS="157"/>
							<String ID="string_265" HPOS="163" VPOS="886" WIDTH="98" HEIGHT="20" WC="0.96" CONTENT="riksdagsval"/><SP WIDTH="5" VPOS="886" HPOS="261"/>
							<String ID="string_266" HPOS="266" VPOS="886" WIDTH="29" HEIGHT="15" WC="0.96" CONTENT="har"/><SP WIDTH="5" VPOS="886" HPOS="295"/>
							<String ID="string_267" HPOS="300" VPOS="886" WIDTH="58" HEIGHT="15" WC="0.96" CONTENT="svensk"/><SP WIDTH="5" VPOS="886" HPOS="358"/>
							<String ID="string_268" HPOS="363" VPOS="885" WIDTH="114" HEIGHT="20" WC="0.96" CONTENT="medborgare,"/><SP WIDTH="6" VPOS="885" HPOS="477"/>
							<String ID="string_269" HPOS="483" VPOS="890" WIDTH="35" HEIGHT="10" WC="0.96" CONTENT="som"/><SP WIDTH="6" VPOS="890" HPOS="518"/>
							<String ID="string_270" HPOS="524" VPOS="888" WIDTH="53" HEIGHT="13" WC="0.95" CONTENT="senast"/>
						</TextLine>
						<TextLine ID="line_36" HPOS="32" VPOS="907" WIDTH="545" HEIGHT="21">
							<String ID="string_271" HPOS="32" VPOS="908" WIDTH="20" HEIGHT="20" WC="0.96" CONTENT="på"/><SP WIDTH="5" VPOS="908" HPOS="52"/>
							<String ID="string_272" HPOS="57" VPOS="908" WIDTH="79" HEIGHT="20" WC="0.96" CONTENT="valdagen"/><SP WIDTH="6" VPOS="908" HPOS="136"/>
							<String ID="string_273" HPOS="142" VPOS="908" WIDTH="34" HEIGHT="20" WC="0.96" CONTENT="fyllt"/><SP WIDTH="7" VPOS="908" HPOS="176"/>
							<String ID="string_274" HPOS="183" VPOS="908" WIDTH="18" HEIGHT="15" WC="0.96" CONTENT="18"/><SP WIDTH="6" VPOS="908" HPOS="201"/>
							<String ID="string_275" HPOS="207" VPOS="907" WIDTH="17" HEIGHT="16" WC="0.96" CONTENT="år"/><SP WIDTH="6" VPOS="907" HPOS="224"/>
							<String ID="string_276" HPOS="230" VPOS="908" WIDTH="52" HEIGHT="15" WC="0.96" CONTENT="under"/><SP WIDTH="5" VPOS="908" HPOS="282"/>
							<String ID="string_277" HPOS="287" VPOS="907" WIDTH="114" HEIGHT="20" WC="0.96" CONTENT="förutsättning"/><SP WIDTH="6" VPOS="907" HPOS="401"/>
							<String ID="string_278" HPOS="407" VPOS="910" WIDTH="22" HEIGHT="13" WC="0.96" CONTENT="att"/><SP WIDTH="6" VPOS="910" HPOS="429"/>
							<String ID="string_279" HPOS="435" VPOS="908" WIDTH="32" HEIGHT="15" WC="0.96" CONTENT="han"/><SP WIDTH="6" VPOS="908" HPOS="467"/>
							<String ID="string_280" HPOS="473" VPOS="909" WIDTH="17" HEIGHT="13" WC="0.96" CONTENT="är"/><SP WIDTH="6" VPOS="909" HPOS="490"/>
							<String ID="string_281" HPOS="496" VPOS="910" WIDTH="81" HEIGHT="18" WC="0.95" CONTENT="upptagen"/>
						</TextLine>
						<TextLine ID="line_37" HPOS="32" VPOS="930" WIDTH="98" HEIGHT="20">
							<String ID="string_282" HPOS="32" VPOS="930" WIDTH="4" HEIGHT="15" WC="0.87" CONTENT="i"/><SP WIDTH="7" VPOS="930" HPOS="36"/>
							<String ID="string_283" HPOS="43" VPOS="930" WIDTH="87" HEIGHT="20" WC="0.87" CONTENT="röstlängd."/>
						</TextLine>
					</TextBlock>
					<TextBlock ID="block_12" HPOS="32" VPOS="952" WIDTH="545" HEIGHT="42">
						<TextLine ID="line_38" HPOS="75" VPOS="952" WIDTH="502" HEIGHT="20">
							<String ID="string_284" HPOS="75" VPOS="957" WIDTH="8" HEIGHT="11" WC="0.85" CONTENT="r"/><SP WIDTH="8" VPOS="957" HPOS="83"/>
							<String ID="string_285" HPOS="91" VPOS="955" WIDTH="22" HEIGHT="13" WC="0.96" CONTENT="att"/><SP WIDTH="9" VPOS="955" HPOS="113"/>
							<String ID="string_286" HPOS="122" VPOS="953" WIDTH="55" HEIGHT="15" WC="0.95" CONTENT="kunna"/><SP WIDTH="9" VPOS="953" HPOS="177"/>
							<String ID="string_287" HPOS="186" VPOS="955" WIDTH="43" HEIGHT="13" WC="0.96" CONTENT="utses"/><SP WIDTH="8" VPOS="955" HPOS="229"/>
							<String ID="string_288" HPOS="237" VPOS="952" WIDTH="23" HEIGHT="15" WC="0.96" CONTENT="till"/><SP WIDTH="8" VPOS="952" HPOS="260"/>
							<String ID="string_289" HPOS="268" VPOS="952" WIDTH="145" HEIGHT="20" WC="0.96" CONTENT="riksdagsledamot"/><SP WIDTH="9" VPOS="952" HPOS="413"/>
							<String ID="string_290" HPOS="422" VPOS="952" WIDTH="50" HEIGHT="20" WC="0.96" CONTENT="gäller"/><SP WIDTH="8" VPOS="952" HPOS="472"/>
							<String ID="string_291" HPOS="480" VPOS="957" WIDTH="62" HEIGHT="10" WC="0.93" CONTENT="samma"/><SP WIDTH="8" VPOS="957" HPOS="542"/>
							<String ID="string_292" HPOS="550" VPOS="952" WIDTH="27" HEIGHT="15" WC="0.90" CONTENT="be-"/>
						</TextLine>
						<TextLine ID="line_39" HPOS="32" VPOS="975" WIDTH="273" HEIGHT="19">
							<String ID="string_293" HPOS="32" VPOS="975" WIDTH="122" HEIGHT="19" WC="0.92" CONTENT="hörighetskrav"/><SP WIDTH="7" VPOS="975" HPOS="154"/>
							<String ID="string_294" HPOS="161" VPOS="979" WIDTH="35" HEIGHT="11" WC="0.96" CONTENT="som"/><SP WIDTH="7" VPOS="979" HPOS="196"/>
							<String ID="string_295" HPOS="203" VPOS="975" WIDTH="25" HEIGHT="15" WC="0.96" CONTENT="för"/><SP WIDTH="6" VPOS="975" HPOS="228"/>
							<String ID="string_296" HPOS="234" VPOS="976" WIDTH="71" HEIGHT="14" WC="0.96" CONTENT="rösträtt."/>
						</TextLine>
					</TextBlock>
					<TextBlock ID="block_13" HPOS="31" VPOS="996" WIDTH="546" HEIGHT="110">
						<TextLine ID="line_40" HPOS="53" VPOS="996" WIDTH="524" HEIGHT="21">
							<String ID="string_297" HPOS="53" VPOS="997" WIDTH="93" HEIGHT="20" WC="0.96" CONTENT="Riksdagen"/><SP WIDTH="7" VPOS="997" HPOS="146"/>
							<String ID="string_298" HPOS="153" VPOS="997" WIDTH="129" HEIGHT="15" WC="0.96" CONTENT="sammanträder"/><SP WIDTH="7" VPOS="997" HPOS="282"/>
							<String ID="string_299" HPOS="289" VPOS="997" WIDTH="22" HEIGHT="15" WC="0.96" CONTENT="till"/><SP WIDTH="8" VPOS="997" HPOS="311"/>
							<String ID="string_300" HPOS="319" VPOS="996" WIDTH="65" HEIGHT="20" WC="0.96" CONTENT="lagtima"/><SP WIDTH="7" VPOS="996" HPOS="384"/>
							<String ID="string_301" HPOS="391" VPOS="996" WIDTH="84" HEIGHT="19" WC="0.96" CONTENT="riksmöte,"/><SP WIDTH="8" VPOS="996" HPOS="475"/>
							<String ID="string_302" HPOS="483" VPOS="996" WIDTH="41" HEIGHT="16" WC="0.96" CONTENT="efter"/><SP WIDTH="7" VPOS="996" HPOS="524"/>
							<String ID="string_303" HPOS="531" VPOS="996" WIDTH="46" HEIGHT="20" WC="0.96" CONTENT="nyval"/>
						</TextLine>
						<TextLine ID="line_41" HPOS="32" VPOS="1018" WIDTH="545" HEIGHT="21">
							<String ID="string_304" HPOS="32" VPOS="1019" WIDTH="21" HEIGHT="20" WC="0.96" CONTENT="på"/><SP WIDTH="6" VPOS="1019" HPOS="53"/>
							<String ID="string_305" HPOS="59" VPOS="1019" WIDTH="84" HEIGHT="16" WC="0.96" CONTENT="femtonde"/><SP WIDTH="7" VPOS="1019" HPOS="143"/>
							<String ID="string_306" HPOS="150" VPOS="1019" WIDTH="53" HEIGHT="20" WC="0.96" CONTENT="dagen"/><SP WIDTH="7" VPOS="1019" HPOS="203"/>
							<String ID="string_307" HPOS="210" VPOS="1019" WIDTH="41" HEIGHT="15" WC="0.96" CONTENT="efter"/><SP WIDTH="6" VPOS="1019" HPOS="251"/>
							<String ID="string_308" HPOS="257" VPOS="1019" WIDTH="49" HEIGHT="18" WC="0.95" CONTENT="valet,"/><SP WIDTH="7" VPOS="1019" HPOS="306"/>
							<String ID="string_309" HPOS="313" VPOS="1019" WIDTH="31" HEIGHT="15" WC="0.96" CONTENT="och"/><SP WIDTH="7" VPOS="1019" HPOS="344"/>
							<String ID="string_310" HPOS="351" VPOS="1019" WIDTH="55" HEIGHT="20" WC="0.96" CONTENT="övriga"/><SP WIDTH="7" VPOS="1019" HPOS="406"/>
							<String ID="string_311" HPOS="413" VPOS="1018" WIDTH="17" HEIGHT="16" WC="0.96" CONTENT="år"/><SP WIDTH="7" VPOS="1018" HPOS="430"/>
							<String ID="string_312" HPOS="437" VPOS="1019" WIDTH="50" HEIGHT="15" WC="0.96" CONTENT="första"/><SP WIDTH="7" VPOS="1019" HPOS="487"/>
							<String ID="string_313" HPOS="494" VPOS="1019" WIDTH="72" HEIGHT="20" WC="0.96" CONTENT="tisdagen"/><SP WIDTH="8" VPOS="1019" HPOS="566"/>
							<String ID="string_314" HPOS="574" VPOS="1019" WIDTH="3" HEIGHT="15" WC="0.97" CONTENT="i"/>
						</TextLine>
						<TextLine ID="line_42" HPOS="32" VPOS="1041" WIDTH="545" HEIGHT="20">
							<String ID="string_315" HPOS="32" VPOS="1042" WIDTH="70" HEIGHT="15" WC="0.96" CONTENT="oktober"/><SP WIDTH="5" VPOS="1042" HPOS="102"/>
							<String ID="string_316" HPOS="107" VPOS="1041" WIDTH="65" HEIGHT="16" WC="0.93" CONTENT="månad."/><SP WIDTH="7" VPOS="1041" HPOS="172"/>
							<String ID="string_317" HPOS="179" VPOS="1041" WIDTH="73" HEIGHT="20" WC="0.92" CONTENT="Lagtima"/><SP WIDTH="6" VPOS="1041" HPOS="252"/>
							<String ID="string_318" HPOS="258" VPOS="1041" WIDTH="77" HEIGHT="15" WC="0.94" CONTENT="riksmöte"/><SP WIDTH="6" VPOS="1041" HPOS="335"/>
							<String ID="string_319" HPOS="341" VPOS="1041" WIDTH="40" HEIGHT="15" WC="0.96" CONTENT="skall"/><SP WIDTH="5" VPOS="1041" HPOS="381"/>
							<String ID="string_320" HPOS="386" VPOS="1041" WIDTH="70" HEIGHT="15" WC="0.96" CONTENT="avslutas"/><SP WIDTH="6" VPOS="1041" HPOS="456"/>
							<String ID="string_321" HPOS="462" VPOS="1043" WIDTH="53" HEIGHT="13" WC="0.96" CONTENT="senast"/><SP WIDTH="6" VPOS="1043" HPOS="515"/>
							<String ID="string_322" HPOS="521" VPOS="1041" WIDTH="32" HEIGHT="15" WC="0.96" CONTENT="den"/><SP WIDTH="7" VPOS="1041" HPOS="553"/>
							<String ID="string_323" HPOS="560" VPOS="1041" WIDTH="17" HEIGHT="15" WC="0.96" CONTENT="15"/>
						</TextLine>
						<TextLine ID="line_43" HPOS="31" VPOS="1063" WIDTH="546" HEIGHT="20">
							<String ID="string_324" HPOS="31" VPOS="1063" WIDTH="33" HEIGHT="20" WC="0.96" CONTENT="juni"/><SP WIDTH="8" VPOS="1063" HPOS="64"/>
							<String ID="string_325" HPOS="72" VPOS="1063" WIDTH="71" HEIGHT="20" WC="0.96" CONTENT="följande"/><SP WIDTH="6" VPOS="1063" HPOS="143"/>
							<String ID="string_326" HPOS="149" VPOS="1063" WIDTH="21" HEIGHT="16" WC="0.96" CONTENT="år."/><SP WIDTH="7" VPOS="1063" HPOS="170"/>
							<String ID="string_327" HPOS="177" VPOS="1063" WIDTH="58" HEIGHT="16" WC="0.95" CONTENT="Under"/><SP WIDTH="6" VPOS="1063" HPOS="235"/>
							<String ID="string_328" HPOS="241" VPOS="1063" WIDTH="22" HEIGHT="15" WC="0.96" CONTENT="tid"/><SP WIDTH="6" VPOS="1063" HPOS="263"/>
							<String ID="string_329" HPOS="269" VPOS="1063" WIDTH="21" HEIGHT="15" WC="0.96" CONTENT="då"/><SP WIDTH="6" VPOS="1063" HPOS="290"/>
							<String ID="string_330" HPOS="296" VPOS="1063" WIDTH="65" HEIGHT="20" WC="0.96" CONTENT="lagtima"/><SP WIDTH="7" VPOS="1063" HPOS="361"/>
							<String ID="string_331" HPOS="368" VPOS="1063" WIDTH="77" HEIGHT="16" WC="0.96" CONTENT="riksmöte"/><SP WIDTH="7" VPOS="1063" HPOS="445"/>
							<String ID="string_332" HPOS="452" VPOS="1063" WIDTH="32" HEIGHT="15" WC="0.96" CONTENT="inte"/><SP WIDTH="7" VPOS="1063" HPOS="484"/>
							<String ID="string_333" HPOS="491" VPOS="1063" WIDTH="49" HEIGHT="20" WC="0.96" CONTENT="pågår"/><SP WIDTH="6" VPOS="1063" HPOS="540"/>
							<String ID="string_334" HPOS="546" VPOS="1063" WIDTH="31" HEIGHT="15" WC="0.96" CONTENT="kan"/>
						</TextLine>
						<TextLine ID="line_44" HPOS="32" VPOS="1085" WIDTH="335" HEIGHT="21">
							<String ID="string_335" HPOS="32" VPOS="1086" WIDTH="85" HEIGHT="20" WC="0.96" CONTENT="riksdagen"/><SP WIDTH="7" VPOS="1086" HPOS="117"/>
							<String ID="string_336" HPOS="124" VPOS="1086" WIDTH="59" HEIGHT="15" WC="0.96" CONTENT="samlas"/><SP WIDTH="7" VPOS="1086" HPOS="183"/>
							<String ID="string_337" HPOS="190" VPOS="1086" WIDTH="21" HEIGHT="15" WC="0.96" CONTENT="till"/><SP WIDTH="8" VPOS="1086" HPOS="211"/>
							<String ID="string_338" HPOS="219" VPOS="1085" WIDTH="58" HEIGHT="16" WC="0.96" CONTENT="urtima"/><SP WIDTH="7" VPOS="1085" HPOS="277"/>
							<String ID="string_339" HPOS="284" VPOS="1086" WIDTH="83" HEIGHT="15" WC="0.95" CONTENT="riksmöte."/>
						</TextLine>
					</TextBlock>
					<TextBlock ID="block_14" HPOS="32" VPOS="1107" WIDTH="546" HEIGHT="43">
						<TextLine ID="line_45" HPOS="53" VPOS="1107" WIDTH="525" HEIGHT="21">
							<String ID="string_340" HPOS="53" VPOS="1108" WIDTH="152" HEIGHT="20" WC="0.96" CONTENT="Riksdagsärenden"/><SP WIDTH="9" VPOS="1108" HPOS="205"/>
							<String ID="string_341" HPOS="214" VPOS="1108" WIDTH="58" HEIGHT="15" WC="0.95" CONTENT="bereds"/><SP WIDTH="8" VPOS="1108" HPOS="272"/>
							<String ID="string_342" HPOS="280" VPOS="1108" WIDTH="4" HEIGHT="15" WC="0.96" CONTENT="i"/><SP WIDTH="8" VPOS="1108" HPOS="284"/>
							<String ID="string_343" HPOS="292" VPOS="1107" WIDTH="49" HEIGHT="21" WC="0.96" CONTENT="något"/><SP WIDTH="9" VPOS="1107" HPOS="341"/>
							<String ID="string_344" HPOS="350" VPOS="1112" WIDTH="18" HEIGHT="11" WC="0.96" CONTENT="av"/><SP WIDTH="8" VPOS="1112" HPOS="368"/>
							<String ID="string_345" HPOS="376" VPOS="1108" WIDTH="94" HEIGHT="20" WC="0.96" CONTENT="riksdagens"/><SP WIDTH="8" VPOS="1108" HPOS="470"/>
							<String ID="string_346" HPOS="478" VPOS="1108" WIDTH="61" HEIGHT="15" WC="0.96" CONTENT="utskott"/><SP WIDTH="8" VPOS="1108" HPOS="539"/>
							<String ID="string_347" HPOS="547" VPOS="1108" WIDTH="31" HEIGHT="15" WC="0.96" CONTENT="och"/>
						</TextLine>
						<TextLine ID="line_46" HPOS="32" VPOS="1129" WIDTH="390" HEIGHT="21">
							<String ID="string_348" HPOS="32" VPOS="1132" WIDTH="57" HEIGHT="18" WC="0.96" CONTENT="avgörs"/><SP WIDTH="6" VPOS="1132" HPOS="89"/>
							<String ID="string_349" HPOS="95" VPOS="1135" WIDTH="60" HEIGHT="15" WC="0.96" CONTENT="genom"/><SP WIDTH="7" VPOS="1135" HPOS="155"/>
							<String ID="string_350" HPOS="162" VPOS="1130" WIDTH="52" HEIGHT="15" WC="0.96" CONTENT="beslut"/><SP WIDTH="7" VPOS="1130" HPOS="214"/>
							<String ID="string_351" HPOS="221" VPOS="1130" WIDTH="5" HEIGHT="15" WC="0.96" CONTENT="i"/><SP WIDTH="6" VPOS="1130" HPOS="226"/>
							<String ID="string_352" HPOS="232" VPOS="1130" WIDTH="66" HEIGHT="20" WC="0.96" CONTENT="plenum"/><SP WIDTH="8" VPOS="1130" HPOS="298"/>
							<String ID="string_353" HPOS="306" VPOS="1129" WIDTH="116" HEIGHT="20" WC="0.95" CONTENT="(kammaren)."/>
						</TextLine>
					</TextBlock>
					<TextBlock ID="block_15" HPOS="32" VPOS="1152" WIDTH="547" HEIGHT="354">
						<TextLine ID="line_47" HPOS="53" VPOS="1152" WIDTH="525" HEIGHT="20">
							<String ID="string_354" HPOS="53" VPOS="1152" WIDTH="106" HEIGHT="16" WC="0.93" CONTENT="Beträffande"/><SP WIDTH="7" VPOS="1152" HPOS="159"/>
							<String ID="string_355" HPOS="166" VPOS="1152" WIDTH="153" HEIGHT="20" WC="0.92" CONTENT="riksdagsledamots"/><SP WIDTH="7" VPOS="1152" HPOS="319"/>
							<String ID="string_356" HPOS="326" VPOS="1152" WIDTH="89" HEIGHT="20" WC="0.96" CONTENT="ersättning"/><SP WIDTH="6" VPOS="1152" HPOS="415"/>
							<String ID="string_357" HPOS="421" VPOS="1152" WIDTH="28" HEIGHT="15" WC="0.96" CONTENT="har"/><SP WIDTH="7" VPOS="1152" HPOS="449"/>
							<String ID="string_358" HPOS="456" VPOS="1152" WIDTH="122" HEIGHT="15" WC="0.96" CONTENT="bestämmelser"/>
						</TextLine>
						<TextLine ID="line_48" HPOS="32" VPOS="1174" WIDTH="546" HEIGHT="20">
							<String ID="string_359" HPOS="32" VPOS="1177" WIDTH="54" HEIGHT="13" WC="0.96" CONTENT="senast"/><SP WIDTH="7" VPOS="1177" HPOS="86"/>
							<String ID="string_360" HPOS="93" VPOS="1174" WIDTH="46" HEIGHT="20" WC="0.96" CONTENT="givits"/><SP WIDTH="7" VPOS="1174" HPOS="139"/>
							<String ID="string_361" HPOS="146" VPOS="1174" WIDTH="4" HEIGHT="15" WC="0.96" CONTENT="i"/><SP WIDTH="8" VPOS="1174" HPOS="150"/>
							<String ID="string_362" HPOS="158" VPOS="1174" WIDTH="25" HEIGHT="20" WC="0.96" CONTENT="lag"/><SP WIDTH="7" VPOS="1174" HPOS="183"/>
							<String ID="string_363" HPOS="190" VPOS="1174" WIDTH="31" HEIGHT="16" WC="0.96" CONTENT="den"/><SP WIDTH="8" VPOS="1174" HPOS="221"/>
							<String ID="string_364" HPOS="229" VPOS="1174" WIDTH="20" HEIGHT="16" WC="0.96" CONTENT="26"/><SP WIDTH="7" VPOS="1174" HPOS="249"/>
							<String ID="string_365" HPOS="256" VPOS="1174" WIDTH="31" HEIGHT="20" WC="0.96" CONTENT="maj"/><SP WIDTH="9" VPOS="1174" HPOS="287"/>
							<String ID="string_366" HPOS="296" VPOS="1174" WIDTH="39" HEIGHT="16" WC="0.96" CONTENT="1988"/><SP WIDTH="7" VPOS="1174" HPOS="335"/>
							<String ID="string_367" HPOS="342" VPOS="1174" WIDTH="26" HEIGHT="20" WC="0.96" CONTENT="(nr"/><SP WIDTH="7" VPOS="1174" HPOS="368"/>
							<String ID="string_368" HPOS="375" VPOS="1174" WIDTH="36" HEIGHT="18" WC="0.95" CONTENT="589;"/><SP WIDTH="8" VPOS="1174" HPOS="411"/>
							<String ID="string_369" HPOS="419" VPOS="1174" WIDTH="62" HEIGHT="15" WC="0.96" CONTENT="ändrad"/><SP WIDTH="8" VPOS="1174" HPOS="481"/>
							<String ID="string_370" HPOS="489" VPOS="1174" WIDTH="44" HEIGHT="15" WC="0.96" CONTENT="1991:"/><SP WIDTH="7" VPOS="1174" HPOS="533"/>
							<String ID="string_371" HPOS="540" VPOS="1174" WIDTH="38" HEIGHT="19" WC="0.95" CONTENT="922)"/>
						</TextLine>
						<TextLine ID="line_49" HPOS="32" VPOS="1196" WIDTH="547" HEIGHT="21">
							<String ID="string_372" HPOS="32" VPOS="1202" WIDTH="27" HEIGHT="10" WC="0.96" CONTENT="om"/><SP WIDTH="9" VPOS="1202" HPOS="59"/>
							<String ID="string_373" HPOS="68" VPOS="1197" WIDTH="88" HEIGHT="20" WC="0.96" CONTENT="ersättning"/><SP WIDTH="9" VPOS="1197" HPOS="156"/>
							<String ID="string_374" HPOS="165" VPOS="1201" WIDTH="45" HEIGHT="11" WC="0.96" CONTENT="m.m."/><SP WIDTH="10" VPOS="1201" HPOS="210"/>
							<String ID="string_375" HPOS="220" VPOS="1197" WIDTH="22" HEIGHT="15" WC="0.95" CONTENT="till"/><SP WIDTH="9" VPOS="1197" HPOS="242"/>
							<String ID="string_376" HPOS="251" VPOS="1197" WIDTH="94" HEIGHT="20" WC="0.96" CONTENT="riksdagens"/><SP WIDTH="9" VPOS="1197" HPOS="345"/>
							<String ID="string_377" HPOS="354" VPOS="1196" WIDTH="93" HEIGHT="16" WC="0.96" CONTENT="ledamöter."/><SP WIDTH="10" VPOS="1196" HPOS="447"/>
							<String ID="string_378" HPOS="457" VPOS="1196" WIDTH="67" HEIGHT="16" WC="0.96" CONTENT="Arvode"/><SP WIDTH="8" VPOS="1196" HPOS="524"/>
							<String ID="string_379" HPOS="532" VPOS="1196" WIDTH="47" HEIGHT="20" WC="0.96" CONTENT="utgår"/>
						</TextLine>
						<TextLine ID="line_50" HPOS="32" VPOS="1218" WIDTH="546" HEIGHT="21">
							<String ID="string_380" HPOS="32" VPOS="1219" WIDTH="38" HEIGHT="15" WC="0.90" CONTENT="med"/><SP WIDTH="6" VPOS="1219" HPOS="70"/>
							<String ID="string_381" HPOS="76" VPOS="1219" WIDTH="61" HEIGHT="20" WC="0.96" CONTENT="belopp"/><SP WIDTH="7" VPOS="1219" HPOS="137"/>
							<String ID="string_382" HPOS="144" VPOS="1219" WIDTH="25" HEIGHT="15" WC="0.96" CONTENT="för"/><SP WIDTH="7" VPOS="1219" HPOS="169"/>
							<String ID="string_383" HPOS="176" VPOS="1218" WIDTH="59" HEIGHT="16" WC="0.96" CONTENT="månad"/><SP WIDTH="7" VPOS="1218" HPOS="235"/>
							<String ID="string_384" HPOS="242" VPOS="1224" WIDTH="35" HEIGHT="10" WC="0.96" CONTENT="som"/><SP WIDTH="7" VPOS="1224" HPOS="277"/>
							<String ID="string_385" HPOS="284" VPOS="1221" WIDTH="89" HEIGHT="13" WC="0.96" CONTENT="motsvarar"/><SP WIDTH="7" VPOS="1221" HPOS="373"/>
							<String ID="string_386" HPOS="380" VPOS="1219" WIDTH="31" HEIGHT="15" WC="0.96" CONTENT="den"/><SP WIDTH="7" VPOS="1219" HPOS="411"/>
							<String ID="string_387" HPOS="418" VPOS="1219" WIDTH="131" HEIGHT="19" WC="0.93" CONTENT="genomsnittliga"/><SP WIDTH="7" VPOS="1219" HPOS="549"/>
							<String ID="string_388" HPOS="556" VPOS="1219" WIDTH="22" HEIGHT="15" WC="0.91" CONTENT="lö-"/>
						</TextLine>
						<TextLine ID="line_51" HPOS="33" VPOS="1240" WIDTH="545" HEIGHT="21">
							<String ID="string_389" HPOS="33" VPOS="1246" WIDTH="31" HEIGHT="10" WC="0.96" CONTENT="nen"/><SP WIDTH="9" VPOS="1246" HPOS="64"/>
							<String ID="string_390" HPOS="73" VPOS="1241" WIDTH="25" HEIGHT="15" WC="0.96" CONTENT="för"/><SP WIDTH="8" VPOS="1241" HPOS="98"/>
							<String ID="string_391" HPOS="106" VPOS="1241" WIDTH="67" HEIGHT="20" WC="0.96" CONTENT="tjänster"/><SP WIDTH="8" VPOS="1241" HPOS="173"/>
							<String ID="string_392" HPOS="181" VPOS="1246" WIDTH="35" HEIGHT="10" WC="0.96" CONTENT="som"/><SP WIDTH="9" VPOS="1246" HPOS="216"/>
							<String ID="string_393" HPOS="225" VPOS="1240" WIDTH="74" HEIGHT="18" WC="0.96" CONTENT="rådmän,"/><SP WIDTH="10" VPOS="1240" HPOS="299"/>
							<String ID="string_394" HPOS="309" VPOS="1240" WIDTH="101" HEIGHT="16" WC="0.96" CONTENT="hovrättsråd"/><SP WIDTH="8" VPOS="1240" HPOS="410"/>
							<String ID="string_395" HPOS="418" VPOS="1241" WIDTH="31" HEIGHT="15" WC="0.92" CONTENT="och"/><SP WIDTH="9" VPOS="1241" HPOS="449"/>
							<String ID="string_396" HPOS="458" VPOS="1241" WIDTH="120" HEIGHT="15" WC="0.91" CONTENT="kammarrätts-"/>
						</TextLine>
						<TextLine ID="line_52" HPOS="32" VPOS="1262" WIDTH="546" HEIGHT="21">
							<String ID="string_397" HPOS="32" VPOS="1263" WIDTH="34" HEIGHT="16" WC="0.93" CONTENT="råd."/><SP WIDTH="9" VPOS="1263" HPOS="66"/>
							<String ID="string_398" HPOS="75" VPOS="1263" WIDTH="74" HEIGHT="16" WC="0.92" CONTENT="Arvodet"/><SP WIDTH="7" VPOS="1263" HPOS="149"/>
							<String ID="string_399" HPOS="156" VPOS="1263" WIDTH="81" HEIGHT="16" WC="0.96" CONTENT="revideras"/><SP WIDTH="7" VPOS="1263" HPOS="237"/>
							<String ID="string_400" HPOS="244" VPOS="1263" WIDTH="70" HEIGHT="15" WC="0.96" CONTENT="normalt"/><SP WIDTH="7" VPOS="1263" HPOS="314"/>
							<String ID="string_401" HPOS="321" VPOS="1263" WIDTH="32" HEIGHT="15" WC="0.96" CONTENT="den"/><SP WIDTH="8" VPOS="1263" HPOS="353"/>
							<String ID="string_402" HPOS="361" VPOS="1263" WIDTH="7" HEIGHT="15" WC="0.96" CONTENT="1"/><SP WIDTH="7" VPOS="1263" HPOS="368"/>
							<String ID="string_403" HPOS="375" VPOS="1263" WIDTH="71" HEIGHT="15" WC="0.96" CONTENT="oktober"/><SP WIDTH="6" VPOS="1263" HPOS="446"/>
							<String ID="string_404" HPOS="452" VPOS="1263" WIDTH="44" HEIGHT="20" WC="0.96" CONTENT="varje"/><SP WIDTH="7" VPOS="1263" HPOS="496"/>
							<String ID="string_405" HPOS="503" VPOS="1262" WIDTH="20" HEIGHT="16" WC="0.95" CONTENT="år."/><SP WIDTH="8" VPOS="1262" HPOS="523"/>
							<String ID="string_406" HPOS="531" VPOS="1263" WIDTH="47" HEIGHT="15" WC="0.96" CONTENT="Fram"/>
						</TextLine>
						<TextLine ID="line_53" HPOS="33" VPOS="1285" WIDTH="545" HEIGHT="20">
							<String ID="string_407" HPOS="33" VPOS="1286" WIDTH="21" HEIGHT="15" WC="0.96" CONTENT="till"/><SP WIDTH="6" VPOS="1286" HPOS="54"/>
							<String ID="string_408" HPOS="60" VPOS="1286" WIDTH="32" HEIGHT="15" WC="0.95" CONTENT="den"/><SP WIDTH="6" VPOS="1286" HPOS="92"/>
							<String ID="string_409" HPOS="98" VPOS="1286" WIDTH="7" HEIGHT="14" WC="0.95" CONTENT="1"/><SP WIDTH="6" VPOS="1286" HPOS="105"/>
							<String ID="string_410" HPOS="111" VPOS="1285" WIDTH="39" HEIGHT="20" WC="0.96" CONTENT="april"/><SP WIDTH="7" VPOS="1285" HPOS="150"/>
							<String ID="string_411" HPOS="157" VPOS="1285" WIDTH="39" HEIGHT="16" WC="0.96" CONTENT="1993"/><SP WIDTH="4" VPOS="1285" HPOS="196"/>
							<String ID="string_412" HPOS="200" VPOS="1285" WIDTH="50" HEIGHT="20" WC="0.96" CONTENT="gäller"/><SP WIDTH="4" VPOS="1285" HPOS="250"/>
							<String ID="string_413" HPOS="254" VPOS="1285" WIDTH="42" HEIGHT="16" WC="0.96" CONTENT="dock"/><SP WIDTH="6" VPOS="1285" HPOS="296"/>
							<String ID="string_414" HPOS="302" VPOS="1290" WIDTH="20" HEIGHT="11" WC="0.96" CONTENT="en"/><SP WIDTH="5" VPOS="1290" HPOS="322"/>
							<String ID="string_415" HPOS="327" VPOS="1285" WIDTH="31" HEIGHT="15" WC="0.96" CONTENT="viss"/><SP WIDTH="4" VPOS="1285" HPOS="358"/>
							<String ID="string_416" HPOS="362" VPOS="1285" WIDTH="114" HEIGHT="20" WC="0.93" CONTENT="begränsning."/><SP WIDTH="6" VPOS="1285" HPOS="476"/>
							<String ID="string_417" HPOS="482" VPOS="1285" WIDTH="74" HEIGHT="15" WC="0.91" CONTENT="Arvodet"/><SP WIDTH="5" VPOS="1285" HPOS="556"/>
							<String ID="string_418" HPOS="561" VPOS="1286" WIDTH="17" HEIGHT="14" WC="0.96" CONTENT="är"/>
						</TextLine>
						<TextLine ID="line_54" HPOS="32" VPOS="1307" WIDTH="546" HEIGHT="20">
							<String ID="string_419" HPOS="32" VPOS="1308" WIDTH="4" HEIGHT="15" WC="0.96" CONTENT="i"/><SP WIDTH="10" VPOS="1308" HPOS="36"/>
							<String ID="string_420" HPOS="46" VPOS="1307" WIDTH="62" HEIGHT="20" WC="0.95" CONTENT="januari"/><SP WIDTH="13" VPOS="1307" HPOS="108"/>
							<String ID="string_421" HPOS="121" VPOS="1307" WIDTH="38" HEIGHT="16" WC="0.96" CONTENT="1993"/><SP WIDTH="11" VPOS="1307" HPOS="159"/>
							<String ID="string_422" HPOS="170" VPOS="1307" WIDTH="55" HEIGHT="16" WC="0.94" CONTENT="23425"/><SP WIDTH="11" VPOS="1307" HPOS="225"/>
							<String ID="string_423" HPOS="236" VPOS="1307" WIDTH="68" HEIGHT="16" WC="0.96" CONTENT="kr/mån."/><SP WIDTH="12" VPOS="1307" HPOS="304"/>
							<String ID="string_424" HPOS="316" VPOS="1308" WIDTH="63" HEIGHT="15" WC="0.96" CONTENT="Utöver"/><SP WIDTH="10" VPOS="1308" HPOS="379"/>
							<String ID="string_425" HPOS="389" VPOS="1307" WIDTH="68" HEIGHT="16" WC="0.96" CONTENT="arvodet"/><SP WIDTH="10" VPOS="1307" HPOS="457"/>
							<String ID="string_426" HPOS="467" VPOS="1307" WIDTH="80" HEIGHT="15" WC="0.96" CONTENT="utbetalas"/><SP WIDTH="11" VPOS="1307" HPOS="547"/>
							<String ID="string_427" HPOS="558" VPOS="1312" WIDTH="20" HEIGHT="11" WC="0.96" CONTENT="en"/>
						</TextLine>
						<TextLine ID="line_55" HPOS="33" VPOS="1329" WIDTH="545" HEIGHT="21">
							<String ID="string_428" HPOS="33" VPOS="1330" WIDTH="167" HEIGHT="20" WC="0.91" CONTENT="kostnadsersättning"/><SP WIDTH="8" VPOS="1330" HPOS="200"/>
							<String ID="string_429" HPOS="208" VPOS="1334" WIDTH="36" HEIGHT="11" WC="0.96" CONTENT="som"/><SP WIDTH="8" VPOS="1334" HPOS="244"/>
							<String ID="string_430" HPOS="252" VPOS="1330" WIDTH="26" HEIGHT="15" WC="0.96" CONTENT="för"/><SP WIDTH="8" VPOS="1330" HPOS="278"/>
							<String ID="string_431" HPOS="286" VPOS="1329" WIDTH="18" HEIGHT="16" WC="0.96" CONTENT="år"/><SP WIDTH="9" VPOS="1329" HPOS="304"/>
							<String ID="string_432" HPOS="313" VPOS="1330" WIDTH="56" HEIGHT="15" WC="0.96" CONTENT="räknat"/><SP WIDTH="10" VPOS="1330" HPOS="369"/>
							<String ID="string_433" HPOS="379" VPOS="1331" WIDTH="47" HEIGHT="18" WC="0.96" CONTENT="utgör"/><SP WIDTH="8" VPOS="1331" HPOS="426"/>
							<String ID="string_434" HPOS="434" VPOS="1329" WIDTH="48" HEIGHT="16" WC="0.87" CONTENT="20096"/><SP WIDTH="11" VPOS="1329" HPOS="482"/>
							<String ID="string_435" HPOS="493" VPOS="1334" WIDTH="19" HEIGHT="11" WC="0.93" CONTENT="av"/><SP WIDTH="9" VPOS="1334" HPOS="512"/>
							<String ID="string_436" HPOS="521" VPOS="1330" WIDTH="57" HEIGHT="15" WC="0.90" CONTENT="basbe-"/>
						</TextLine>
						<TextLine ID="line_56" HPOS="33" VPOS="1351" WIDTH="545" HEIGHT="21">
							<String ID="string_437" HPOS="33" VPOS="1352" WIDTH="55" HEIGHT="20" WC="0.96" CONTENT="loppet"/><SP WIDTH="8" VPOS="1352" HPOS="88"/>
							<String ID="string_438" HPOS="96" VPOS="1352" WIDTH="49" HEIGHT="20" WC="0.96" CONTENT="enligt"/><SP WIDTH="8" VPOS="1352" HPOS="145"/>
							<String ID="string_439" HPOS="153" VPOS="1352" WIDTH="46" HEIGHT="20" WC="0.96" CONTENT="lagen"/><SP WIDTH="8" VPOS="1352" HPOS="199"/>
							<String ID="string_440" HPOS="207" VPOS="1357" WIDTH="27" HEIGHT="10" WC="0.96" CONTENT="om"/><SP WIDTH="8" VPOS="1357" HPOS="234"/>
							<String ID="string_441" HPOS="242" VPOS="1352" WIDTH="59" HEIGHT="15" WC="0.96" CONTENT="allmän"/><SP WIDTH="8" VPOS="1352" HPOS="301"/>
							<String ID="string_442" HPOS="309" VPOS="1352" WIDTH="96" HEIGHT="20" WC="0.96" CONTENT="försäkring."/><SP WIDTH="9" VPOS="1352" HPOS="405"/>
							<String ID="string_443" HPOS="414" VPOS="1351" WIDTH="46" HEIGHT="16" WC="0.96" CONTENT="Såväl"/><SP WIDTH="8" VPOS="1351" HPOS="460"/>
							<String ID="string_444" HPOS="468" VPOS="1352" WIDTH="67" HEIGHT="15" WC="0.95" CONTENT="arvodet"/><SP WIDTH="8" VPOS="1352" HPOS="535"/>
							<String ID="string_445" HPOS="543" VPOS="1357" WIDTH="35" HEIGHT="10" WC="0.95" CONTENT="som"/>
						</TextLine>
						<TextLine ID="line_57" HPOS="33" VPOS="1374" WIDTH="546" HEIGHT="20">
							<String ID="string_446" HPOS="33" VPOS="1374" WIDTH="188" HEIGHT="20" WC="0.91" CONTENT="kostnadsersättningen"/><SP WIDTH="14" VPOS="1374" HPOS="221"/>
							<String ID="string_447" HPOS="235" VPOS="1376" WIDTH="17" HEIGHT="13" WC="0.97" CONTENT="är"/><SP WIDTH="13" VPOS="1376" HPOS="252"/>
							<String ID="string_448" HPOS="265" VPOS="1374" WIDTH="111" HEIGHT="20" WC="0.95" CONTENT="skattepliktig"/><SP WIDTH="13" VPOS="1374" HPOS="376"/>
							<String ID="string_449" HPOS="389" VPOS="1374" WIDTH="76" HEIGHT="15" WC="0.95" CONTENT="inkomst."/><SP WIDTH="15" VPOS="1374" HPOS="465"/>
							<String ID="string_450" HPOS="480" VPOS="1374" WIDTH="99" HEIGHT="15" WC="0.96" CONTENT="Ledamöter"/>
						</TextLine>
						<TextLine ID="line_58" HPOS="33" VPOS="1396" WIDTH="545" HEIGHT="16">
							<String ID="string_451" HPOS="33" VPOS="1401" WIDTH="35" HEIGHT="11" WC="0.96" CONTENT="som"/><SP WIDTH="9" VPOS="1401" HPOS="68"/>
							<String ID="string_452" HPOS="77" VPOS="1398" WIDTH="17" HEIGHT="14" WC="0.96" CONTENT="är"/><SP WIDTH="8" VPOS="1398" HPOS="94"/>
							<String ID="string_453" HPOS="102" VPOS="1397" WIDTH="65" HEIGHT="15" WC="0.96" CONTENT="bosatta"/><SP WIDTH="9" VPOS="1397" HPOS="167"/>
							<String ID="string_454" HPOS="176" VPOS="1396" WIDTH="65" HEIGHT="16" WC="0.92" CONTENT="utanför"/><SP WIDTH="9" VPOS="1396" HPOS="241"/>
							<String ID="string_455" HPOS="250" VPOS="1396" WIDTH="178" HEIGHT="16" WC="0.90" CONTENT="Stockholmsområdet"/><SP WIDTH="9" VPOS="1396" HPOS="428"/>
							<String ID="string_456" HPOS="437" VPOS="1396" WIDTH="25" HEIGHT="16" WC="0.93" CONTENT="får"/><SP WIDTH="8" VPOS="1396" HPOS="462"/>
							<String ID="string_457" HPOS="470" VPOS="1396" WIDTH="108" HEIGHT="16" WC="0.91" CONTENT="traktamente"/>
						</TextLine>
						<TextLine ID="line_59" HPOS="33" VPOS="1419" WIDTH="545" HEIGHT="20">
							<String ID="string_458" HPOS="33" VPOS="1424" WIDTH="35" HEIGHT="10" WC="0.95" CONTENT="som"/><SP WIDTH="9" VPOS="1424" HPOS="68"/>
							<String ID="string_459" HPOS="77" VPOS="1420" WIDTH="18" HEIGHT="14" WC="0.93" CONTENT="är"/><SP WIDTH="9" VPOS="1420" HPOS="95"/>
							<String ID="string_460" HPOS="104" VPOS="1419" WIDTH="117" HEIGHT="20" WC="0.91" CONTENT="skattepliktigt"/><SP WIDTH="9" VPOS="1419" HPOS="221"/>
							<String ID="string_461" HPOS="230" VPOS="1419" WIDTH="50" HEIGHT="20" WC="0.96" CONTENT="enligt"/><SP WIDTH="9" VPOS="1419" HPOS="280"/>
							<String ID="string_462" HPOS="289" VPOS="1419" WIDTH="67" HEIGHT="15" WC="0.96" CONTENT="allmänt"/><SP WIDTH="9" VPOS="1419" HPOS="356"/>
							<String ID="string_463" HPOS="365" VPOS="1419" WIDTH="74" HEIGHT="20" WC="0.95" CONTENT="gällande"/><SP WIDTH="10" VPOS="1419" HPOS="439"/>
							<String ID="string_464" HPOS="449" VPOS="1419" WIDTH="55" HEIGHT="20" WC="0.93" CONTENT="regler."/><SP WIDTH="10" VPOS="1419" HPOS="504"/>
							<String ID="string_465" HPOS="514" VPOS="1419" WIDTH="64" HEIGHT="15" WC="0.92" CONTENT="Trakta-"/>
						</TextLine>
						<TextLine ID="line_60" HPOS="33" VPOS="1441" WIDTH="545" HEIGHT="20">
							<String ID="string_466" HPOS="33" VPOS="1443" WIDTH="61" HEIGHT="13" WC="0.96" CONTENT="mentet"/><SP WIDTH="8" VPOS="1443" HPOS="94"/>
							<String ID="string_467" HPOS="102" VPOS="1441" WIDTH="81" HEIGHT="15" WC="0.96" CONTENT="utbetalas"/><SP WIDTH="8" VPOS="1441" HPOS="183"/>
							<String ID="string_468" HPOS="191" VPOS="1441" WIDTH="51" HEIGHT="15" WC="0.96" CONTENT="under"/><SP WIDTH="9" VPOS="1441" HPOS="242"/>
							<String ID="string_469" HPOS="251" VPOS="1441" WIDTH="39" HEIGHT="15" WC="0.96" CONTENT="1993"/><SP WIDTH="8" VPOS="1441" HPOS="290"/>
							<String ID="string_470" HPOS="298" VPOS="1441" WIDTH="37" HEIGHT="15" WC="0.96" CONTENT="med"/><SP WIDTH="8" VPOS="1441" HPOS="335"/>
							<String ID="string_471" HPOS="343" VPOS="1441" WIDTH="30" HEIGHT="15" WC="0.96" CONTENT="229"/><SP WIDTH="8" VPOS="1441" HPOS="373"/>
							<String ID="string_472" HPOS="381" VPOS="1441" WIDTH="67" HEIGHT="20" WC="0.96" CONTENT="kr/dygn"/><SP WIDTH="9" VPOS="1441" HPOS="448"/>
							<String ID="string_473" HPOS="457" VPOS="1441" WIDTH="52" HEIGHT="15" WC="0.96" CONTENT="under"/><SP WIDTH="6" VPOS="1441" HPOS="509"/>
							<String ID="string_474" HPOS="515" VPOS="1441" WIDTH="33" HEIGHT="15" WC="0.96" CONTENT="den"/><SP WIDTH="8" VPOS="1441" HPOS="548"/>
							<String ID="string_475" HPOS="556" VPOS="1441" WIDTH="22" HEIGHT="15" WC="0.96" CONTENT="tid"/>
						</TextLine>
						<TextLine ID="line_61" HPOS="33" VPOS="1463" WIDTH="545" HEIGHT="20">
							<String ID="string_476" HPOS="33" VPOS="1463" WIDTH="85" HEIGHT="20" WC="0.96" CONTENT="riksdagen"/><SP WIDTH="9" VPOS="1463" HPOS="118"/>
							<String ID="string_477" HPOS="127" VPOS="1465" WIDTH="17" HEIGHT="13" WC="0.96" CONTENT="är"/><SP WIDTH="8" VPOS="1465" HPOS="144"/>
							<String ID="string_478" HPOS="152" VPOS="1463" WIDTH="68" HEIGHT="18" WC="0.96" CONTENT="samlad,"/><SP WIDTH="9" VPOS="1463" HPOS="220"/>
							<String ID="string_479" HPOS="229" VPOS="1463" WIDTH="29" HEIGHT="15" WC="0.96" CONTENT="dvs"/><SP WIDTH="8" VPOS="1463" HPOS="258"/>
							<String ID="string_480" HPOS="266" VPOS="1468" WIDTH="18" HEIGHT="10" WC="0.96" CONTENT="ca"/><SP WIDTH="9" VPOS="1468" HPOS="284"/>
							<String ID="string_481" HPOS="293" VPOS="1464" WIDTH="9" HEIGHT="15" WC="0.93" CONTENT="8"/><SP WIDTH="8" VPOS="1464" HPOS="302"/>
							<String ID="string_482" HPOS="310" VPOS="1463" WIDTH="105" HEIGHT="15" WC="0.92" CONTENT="månader/år."/><SP WIDTH="11" VPOS="1463" HPOS="415"/>
							<String ID="string_483" HPOS="426" VPOS="1463" WIDTH="152" HEIGHT="20" WC="0.96" CONTENT="Riksdagsledamot"/>
						</TextLine>
						<TextLine ID="line_62" HPOS="33" VPOS="1485" WIDTH="392" HEIGHT="21">
							<String ID="string_484" HPOS="33" VPOS="1485" WIDTH="24" HEIGHT="16" WC="0.96" CONTENT="får"/><SP WIDTH="6" VPOS="1485" HPOS="57"/>
							<String ID="string_485" HPOS="63" VPOS="1485" WIDTH="21" HEIGHT="21" WC="0.96" CONTENT="på"/><SP WIDTH="6" VPOS="1485" HPOS="84"/>
							<String ID="string_486" HPOS="90" VPOS="1486" WIDTH="28" HEIGHT="15" WC="0.96" CONTENT="det"/><SP WIDTH="6" VPOS="1486" HPOS="118"/>
							<String ID="string_487" HPOS="124" VPOS="1486" WIDTH="90" HEIGHT="15" WC="0.96" CONTENT="allmännas"/><SP WIDTH="6" VPOS="1486" HPOS="214"/>
							<String ID="string_488" HPOS="220" VPOS="1485" WIDTH="92" HEIGHT="16" WC="0.95" CONTENT="bekostnad"/><SP WIDTH="7" VPOS="1485" HPOS="312"/>
							<String ID="string_489" HPOS="319" VPOS="1485" WIDTH="52" HEIGHT="16" WC="0.96" CONTENT="företa"/><SP WIDTH="7" VPOS="1485" HPOS="371"/>
							<String ID="string_490" HPOS="378" VPOS="1490" WIDTH="47" HEIGHT="11" WC="0.96" CONTENT="resor."/>
						</TextLine>
					</TextBlock>
					<TextBlock ID="block_16" HPOS="33" VPOS="1507" WIDTH="546" HEIGHT="154">
						<TextLine ID="line_63" HPOS="54" VPOS="1507" WIDTH="524" HEIGHT="19">
							<String ID="string_491" HPOS="54" VPOS="1508" WIDTH="97" HEIGHT="15" WC="0.96" CONTENT="Utskottens"/><SP WIDTH="6" VPOS="1508" HPOS="151"/>
							<String ID="string_492" HPOS="157" VPOS="1508" WIDTH="100" HEIGHT="15" WC="0.96" CONTENT="ordförande"/><SP WIDTH="7" VPOS="1508" HPOS="257"/>
							<String ID="string_493" HPOS="264" VPOS="1508" WIDTH="31" HEIGHT="15" WC="0.96" CONTENT="och"/><SP WIDTH="7" VPOS="1508" HPOS="295"/>
							<String ID="string_494" HPOS="302" VPOS="1508" WIDTH="35" HEIGHT="15" WC="0.96" CONTENT="vice"/><SP WIDTH="7" VPOS="1508" HPOS="337"/>
							<String ID="string_495" HPOS="344" VPOS="1507" WIDTH="99" HEIGHT="16" WC="0.96" CONTENT="ordförande"/><SP WIDTH="8" VPOS="1507" HPOS="443"/>
							<String ID="string_496" HPOS="451" VPOS="1507" WIDTH="88" HEIGHT="19" WC="0.93" CONTENT="redovisas,"/><SP WIDTH="8" VPOS="1507" HPOS="539"/>
							<String ID="string_497" HPOS="547" VPOS="1508" WIDTH="31" HEIGHT="15" WC="0.92" CONTENT="för-"/>
						</TextLine>
						<TextLine ID="line_64" HPOS="33" VPOS="1529" WIDTH="545" HEIGHT="21">
							<String ID="string_498" HPOS="33" VPOS="1532" WIDTH="45" HEIGHT="13" WC="0.96" CONTENT="utom"/><SP WIDTH="8" VPOS="1532" HPOS="78"/>
							<String ID="string_499" HPOS="86" VPOS="1530" WIDTH="4" HEIGHT="15" WC="0.96" CONTENT="i"/><SP WIDTH="8" VPOS="1530" HPOS="90"/>
							<String ID="string_500" HPOS="98" VPOS="1529" WIDTH="122" HEIGHT="16" WC="0.95" CONTENT="nedanstående"/><SP WIDTH="7" VPOS="1529" HPOS="220"/>
							<String ID="string_501" HPOS="227" VPOS="1530" WIDTH="103" HEIGHT="20" WC="0.96" CONTENT="förteckning"/><SP WIDTH="6" VPOS="1530" HPOS="330"/>
							<String ID="string_502" HPOS="336" VPOS="1531" WIDTH="40" HEIGHT="14" WC="0.96" CONTENT="över"/><SP WIDTH="7" VPOS="1531" HPOS="376"/>
							<String ID="string_503" HPOS="383" VPOS="1530" WIDTH="94" HEIGHT="20" WC="0.96" CONTENT="riksdagens"/><SP WIDTH="7" VPOS="1530" HPOS="477"/>
							<String ID="string_504" HPOS="484" VPOS="1530" WIDTH="94" HEIGHT="17" WC="0.95" CONTENT="ledamöter,"/>
						</TextLine>
						<TextLine ID="line_65" HPOS="33" VPOS="1552" WIDTH="545" HEIGHT="20">
							<String ID="string_505" HPOS="33" VPOS="1553" WIDTH="41" HEIGHT="14" WC="0.96" CONTENT="även"/><SP WIDTH="8" VPOS="1553" HPOS="74"/>
							<String ID="string_506" HPOS="82" VPOS="1552" WIDTH="52" HEIGHT="15" WC="0.93" CONTENT="under"/><SP WIDTH="7" VPOS="1552" HPOS="134"/>
							<String ID="string_507" HPOS="141" VPOS="1552" WIDTH="58" HEIGHT="15" WC="0.89" CONTENT="avd.nr"/><SP WIDTH="7" VPOS="1552" HPOS="199"/>
							<String ID="string_508" HPOS="206" VPOS="1552" WIDTH="16" HEIGHT="15" WC="0.88" CONTENT="8."/><SP WIDTH="9" VPOS="1552" HPOS="222"/>
							<String ID="string_509" HPOS="231" VPOS="1552" WIDTH="132" HEIGHT="15" WC="0.91" CONTENT="Statskalendern"/><SP WIDTH="9" VPOS="1552" HPOS="363"/>
							<String ID="string_510" HPOS="372" VPOS="1552" WIDTH="82" HEIGHT="15" WC="0.93" CONTENT="redovisar"/><SP WIDTH="8" VPOS="1552" HPOS="454"/>
							<String ID="string_511" HPOS="462" VPOS="1552" WIDTH="116" HEIGHT="20" WC="0.92" CONTENT="riksdagsleda-"/>
						</TextLine>
						<TextLine ID="line_66" HPOS="33" VPOS="1574" WIDTH="546" HEIGHT="20">
							<String ID="string_512" HPOS="33" VPOS="1576" WIDTH="74" HEIGHT="13" WC="0.91" CONTENT="möterna"/><SP WIDTH="8" VPOS="1576" HPOS="107"/>
							<String ID="string_513" HPOS="115" VPOS="1574" WIDTH="4" HEIGHT="15" WC="0.96" CONTENT="i"/><SP WIDTH="8" VPOS="1574" HPOS="119"/>
							<String ID="string_514" HPOS="127" VPOS="1574" WIDTH="32" HEIGHT="15" WC="0.96" CONTENT="den"/><SP WIDTH="7" VPOS="1574" HPOS="159"/>
							<String ID="string_515" HPOS="166" VPOS="1574" WIDTH="118" HEIGHT="20" WC="0.96" CONTENT="ordningsföljd"/><SP WIDTH="8" VPOS="1574" HPOS="284"/>
							<String ID="string_516" HPOS="292" VPOS="1574" WIDTH="4" HEIGHT="15" WC="0.96" CONTENT="i"/><SP WIDTH="8" VPOS="1574" HPOS="296"/>
							<String ID="string_517" HPOS="304" VPOS="1574" WIDTH="53" HEIGHT="15" WC="0.96" CONTENT="vilken"/><SP WIDTH="8" VPOS="1574" HPOS="357"/>
							<String ID="string_518" HPOS="365" VPOS="1574" WIDTH="20" HEIGHT="15" WC="0.96" CONTENT="de"/><SP WIDTH="8" VPOS="1574" HPOS="385"/>
							<String ID="string_519" HPOS="393" VPOS="1576" WIDTH="18" HEIGHT="13" WC="0.96" CONTENT="är"/><SP WIDTH="7" VPOS="1576" HPOS="411"/>
							<String ID="string_520" HPOS="418" VPOS="1577" WIDTH="82" HEIGHT="17" WC="0.96" CONTENT="upptagna"/><SP WIDTH="8" VPOS="1577" HPOS="500"/>
							<String ID="string_521" HPOS="508" VPOS="1574" WIDTH="4" HEIGHT="15" WC="0.96" CONTENT="i"/><SP WIDTH="7" VPOS="1574" HPOS="512"/>
							<String ID="string_522" HPOS="519" VPOS="1574" WIDTH="32" HEIGHT="15" WC="0.96" CONTENT="den"/><SP WIDTH="8" VPOS="1574" HPOS="551"/>
							<String ID="string_523" HPOS="559" VPOS="1579" WIDTH="20" HEIGHT="10" WC="0.96" CONTENT="av"/>
						</TextLine>
						<TextLine ID="line_67" HPOS="33" VPOS="1592" WIDTH="546" HEIGHT="24">
							<String ID="string_524" HPOS="33" VPOS="1596" WIDTH="85" HEIGHT="20" WC="0.96" CONTENT="riksdagen"/><SP WIDTH="6" VPOS="1596" HPOS="118"/>
							<String ID="string_525" HPOS="124" VPOS="1596" WIDTH="96" HEIGHT="20" WC="0.96" CONTENT="upprättade"/><SP WIDTH="6" VPOS="1596" HPOS="220"/>
							<String ID="string_526" HPOS="226" VPOS="1596" WIDTH="129" HEIGHT="20" WC="0.93" CONTENT="förteckningen."/><SP WIDTH="7" VPOS="1596" HPOS="355"/>
							<String ID="string_527" HPOS="362" VPOS="1592" WIDTH="87" HEIGHT="20" WC="0.92" CONTENT="Årssiffror"/><SP WIDTH="5" VPOS="1592" HPOS="449"/>
							<String ID="string_528" HPOS="454" VPOS="1596" WIDTH="44" HEIGHT="16" WC="0.96" CONTENT="inom"/><SP WIDTH="5" VPOS="1596" HPOS="498"/>
							<String ID="string_529" HPOS="503" VPOS="1599" WIDTH="76" HEIGHT="17" WC="0.96" CONTENT="parentes"/>
						</TextLine>
						<TextLine ID="line_68" HPOS="33" VPOS="1618" WIDTH="545" HEIGHT="20">
							<String ID="string_530" HPOS="33" VPOS="1618" WIDTH="88" HEIGHT="16" WC="0.96" CONTENT="betecknar"/><SP WIDTH="10" VPOS="1618" HPOS="121"/>
							<String ID="string_531" HPOS="131" VPOS="1618" WIDTH="67" HEIGHT="20" WC="0.96" CONTENT="tidigare"/><SP WIDTH="11" VPOS="1618" HPOS="198"/>
							<String ID="string_532" HPOS="209" VPOS="1618" WIDTH="113" HEIGHT="20" WC="0.96" CONTENT="ledamotskap"/><SP WIDTH="10" VPOS="1618" HPOS="322"/>
							<String ID="string_533" HPOS="332" VPOS="1623" WIDTH="19" HEIGHT="11" WC="0.96" CONTENT="av"/><SP WIDTH="10" VPOS="1623" HPOS="351"/>
							<String ID="string_534" HPOS="361" VPOS="1618" WIDTH="86" HEIGHT="20" WC="0.96" CONTENT="riksdagen"/><SP WIDTH="10" VPOS="1618" HPOS="447"/>
							<String ID="string_535" HPOS="457" VPOS="1618" WIDTH="35" HEIGHT="20" WC="0.95" CONTENT="(FK"/><SP WIDTH="12" VPOS="1618" HPOS="492"/>
							<String ID="string_536" HPOS="504" VPOS="1624" WIDTH="13" HEIGHT="6" WC="0.95" CONTENT="="/><SP WIDTH="12" VPOS="1624" HPOS="517"/>
							<String ID="string_537" HPOS="529" VPOS="1619" WIDTH="49" HEIGHT="15" WC="0.96" CONTENT="första"/>
						</TextLine>
						<TextLine ID="line_69" HPOS="33" VPOS="1640" WIDTH="478" HEIGHT="21">
							<String ID="string_538" HPOS="33" VPOS="1641" WIDTH="101" HEIGHT="18" WC="0.96" CONTENT="kammaren,"/><SP WIDTH="8" VPOS="1641" HPOS="134"/>
							<String ID="string_539" HPOS="142" VPOS="1641" WIDTH="32" HEIGHT="15" WC="0.95" CONTENT="AK"/><SP WIDTH="8" VPOS="1641" HPOS="174"/>
							<String ID="string_540" HPOS="182" VPOS="1646" WIDTH="12" HEIGHT="6" WC="0.95" CONTENT="="/><SP WIDTH="8" VPOS="1646" HPOS="194"/>
							<String ID="string_541" HPOS="202" VPOS="1641" WIDTH="51" HEIGHT="15" WC="0.96" CONTENT="andra"/><SP WIDTH="7" VPOS="1641" HPOS="253"/>
							<String ID="string_542" HPOS="260" VPOS="1641" WIDTH="101" HEIGHT="17" WC="0.93" CONTENT="kammaren,"/><SP WIDTH="7" VPOS="1641" HPOS="361"/>
							<String ID="string_543" HPOS="368" VPOS="1641" WIDTH="15" HEIGHT="15" WC="0.92" CONTENT="R"/><SP WIDTH="8" VPOS="1641" HPOS="383"/>
							<String ID="string_544" HPOS="391" VPOS="1647" WIDTH="13" HEIGHT="5" WC="0.96" CONTENT="="/><SP WIDTH="8" VPOS="1647" HPOS="404"/>
							<String ID="string_545" HPOS="412" VPOS="1640" WIDTH="99" HEIGHT="21" WC="0.95" CONTENT="riksdagen)."/>
						</TextLine>
					</TextBlock>
				</ComposedBlock>
				<ComposedBlock ID="cblock_8" HPOS="52" VPOS="960" WIDTH="22" HEIGHT="8">
					<TextBlock ID="block_17" HPOS="52" VPOS="960" WIDTH="22" HEIGHT="8">
						<TextLine ID="line_70" HPOS="52" VPOS="960" WIDTH="22" HEIGHT="8">
							<String ID="string_546" HPOS="52" VPOS="960" WIDTH="22" HEIGHT="8" WC="0.95" CONTENT=" "/>
						</TextLine>
					</TextBlock>
				</ComposedBlock>
				<ComposedBlock ID="cblock_9" HPOS="588" VPOS="1846" WIDTH="21" HEIGHT="17">
					<TextBlock ID="block_18" HPOS="588" VPOS="1846" WIDTH="21" HEIGHT="17">
						<TextLine ID="line_71" HPOS="588" VPOS="1846" WIDTH="21" HEIGHT="17">
							<String ID="string_547" HPOS="588" VPOS="1846" WIDTH="21" HEIGHT="17" WC="0.96" CONTENT="50"/>
						</TextLine>
					</TextBlock>
				</ComposedBlock>
				<ComposedBlock ID="cblock_10" HPOS="698" VPOS="146" WIDTH="243" HEIGHT="20">
					<TextBlock ID="block_19" HPOS="698" VPOS="146" WIDTH="243" HEIGHT="20">
						<TextLine ID="line_72" HPOS="698" VPOS="146" WIDTH="243" HEIGHT="20">
							<String ID="string_548" HPOS="698" VPOS="146" WIDTH="139" HEIGHT="20" WC="0.92" CONTENT="Partiställningen"/><SP WIDTH="7" VPOS="146" HPOS="837"/>
							<String ID="string_549" HPOS="844" VPOS="146" WIDTH="5" HEIGHT="15" WC="0.96" CONTENT="i"/><SP WIDTH="6" VPOS="146" HPOS="849"/>
							<String ID="string_550" HPOS="855" VPOS="146" WIDTH="86" HEIGHT="20" WC="0.96" CONTENT="riksdagen"/>
						</TextLine>
					</TextBlock>
				</ComposedBlock>
				<ComposedBlock ID="cblock_11" HPOS="984" VPOS="183" WIDTH="137" HEIGHT="14">
					<TextBlock ID="block_20" HPOS="984" VPOS="183" WIDTH="137" HEIGHT="14">
						<TextLine ID="line_73" HPOS="984" VPOS="183" WIDTH="137" HEIGHT="14">
							<String ID="string_551" HPOS="984" VPOS="183" WIDTH="46" HEIGHT="14" WC="0.96" CONTENT="Antal"/><SP WIDTH="7" VPOS="183" HPOS="1030"/>
							<String ID="string_552" HPOS="1037" VPOS="183" WIDTH="84" HEIGHT="14" WC="0.95" CONTENT="ledamöter"/>
						</TextLine>
					</TextBlock>
				</ComposedBlock>
				<ComposedBlock ID="cblock_12" HPOS="604" VPOS="200" WIDTH="553" HEIGHT="220">
					<TextBlock ID="block_21" HPOS="615" VPOS="200" WIDTH="542" HEIGHT="216">
						<TextLine ID="line_74" HPOS="932" VPOS="200" WIDTH="225" HEIGHT="26">
							<String ID="string_553" HPOS="932" VPOS="200" WIDTH="49" HEIGHT="26" WC="0.96" CONTENT="Män"/><SP WIDTH="41" VPOS="200" HPOS="981"/>
							<String ID="string_554" HPOS="1022" VPOS="203" WIDTH="66" HEIGHT="15" WC="0.92" CONTENT="Kvinnor"/><SP WIDTH="7" VPOS="203" HPOS="1088"/>
							<String ID="string_555" HPOS="1095" VPOS="199" WIDTH="8" HEIGHT="27" WC="0.31" CONTENT="="/><SP WIDTH="6" VPOS="199" HPOS="1103"/>
							<String ID="string_556" HPOS="1109" VPOS="203" WIDTH="48" HEIGHT="15" WC="0.87" CONTENT="Totalt"/>
						</TextLine>
						<TextLine ID="line_75" HPOS="615" VPOS="221" WIDTH="522" HEIGHT="28">
							<String ID="string_557" HPOS="615" VPOS="221" WIDTH="167" HEIGHT="28" WC="0.90" CONTENT="Socialdemokraterna"/><SP WIDTH="162" VPOS="221" HPOS="782"/>
							<String ID="string_558" HPOS="944" VPOS="221" WIDTH="28" HEIGHT="27" WC="0.84" CONTENT="84"/><SP WIDTH="58" VPOS="221" HPOS="972"/>
							<String ID="string_559" HPOS="1030" VPOS="224" WIDTH="18" HEIGHT="14" WC="0.96" CONTENT="54"/><SP WIDTH="63" VPOS="224" HPOS="1048"/>
							<String ID="string_560" HPOS="1111" VPOS="224" WIDTH="26" HEIGHT="15" WC="0.96" CONTENT="138"/>
						</TextLine>
						<TextLine ID="line_76" HPOS="615" VPOS="245" WIDTH="522" HEIGHT="19">
							<String ID="string_561" HPOS="615" VPOS="246" WIDTH="80" HEIGHT="14" WC="0.95" CONTENT="Moderata"/><SP WIDTH="7" VPOS="246" HPOS="695"/>
							<String ID="string_562" HPOS="702" VPOS="245" WIDTH="125" HEIGHT="19" WC="0.96" CONTENT="samlingspartiet"/><SP WIDTH="127" VPOS="245" HPOS="827"/>
							<String ID="string_563" HPOS="954" VPOS="245" WIDTH="18" HEIGHT="14" WC="0.96" CONTENT="59"/><SP WIDTH="58" VPOS="245" HPOS="972"/>
							<String ID="string_564" HPOS="1030" VPOS="245" WIDTH="17" HEIGHT="14" WC="0.93" CONTENT="2"/><SP WIDTH="72" VPOS="245" HPOS="1047"/>
							<String ID="string_565" HPOS="1119" VPOS="245" WIDTH="18" HEIGHT="14" WC="0.96" CONTENT="80"/>
						</TextLine>
						<TextLine ID="line_77" HPOS="615" VPOS="266" WIDTH="521" HEIGHT="19">
							<String ID="string_566" HPOS="615" VPOS="266" WIDTH="91" HEIGHT="19" WC="0.96" CONTENT="Folkpartiet"/><SP WIDTH="6" VPOS="266" HPOS="706"/>
							<String ID="string_567" HPOS="712" VPOS="266" WIDTH="90" HEIGHT="14" WC="0.96" CONTENT="liberalerna"/><SP WIDTH="152" VPOS="266" HPOS="802"/>
							<String ID="string_568" HPOS="954" VPOS="266" WIDTH="16" HEIGHT="14" WC="0.96" CONTENT="21"/><SP WIDTH="61" VPOS="266" HPOS="970"/>
							<String ID="string_569" HPOS="1031" VPOS="266" WIDTH="18" HEIGHT="14" WC="0.96" CONTENT="12"/><SP WIDTH="70" VPOS="266" HPOS="1049"/>
							<String ID="string_570" HPOS="1119" VPOS="266" WIDTH="17" HEIGHT="14" WC="0.96" CONTENT="33"/>
						</TextLine>
						<TextLine ID="line_78" HPOS="605" VPOS="283" WIDTH="530" HEIGHT="27">
							<String ID="string_571" HPOS="605" VPOS="283" WIDTH="76" HEIGHT="27" WC="0.96" CONTENT="Centern"/><SP WIDTH="262" VPOS="283" HPOS="681"/>
							<String ID="string_572" HPOS="943" VPOS="283" WIDTH="29" HEIGHT="27" WC="0.95" CONTENT="20"/><SP WIDTH="60" VPOS="283" HPOS="972"/>
							<String ID="string_573" HPOS="1032" VPOS="287" WIDTH="15" HEIGHT="14" WC="0.75" CONTENT="1"/><SP WIDTH="72" VPOS="287" HPOS="1047"/>
							<String ID="string_574" HPOS="1119" VPOS="287" WIDTH="16" HEIGHT="14" WC="0.96" CONTENT="31"/>
						</TextLine>
						<TextLine ID="line_79" HPOS="616" VPOS="307" WIDTH="521" HEIGHT="19">
							<String ID="string_575" HPOS="616" VPOS="308" WIDTH="153" HEIGHT="14" WC="0.91" CONTENT="Kristdemokratiska"/><SP WIDTH="7" VPOS="308" HPOS="769"/>
							<String ID="string_576" HPOS="776" VPOS="308" WIDTH="128" HEIGHT="18" WC="0.91" CONTENT="Samhällspartiet"/><SP WIDTH="52" VPOS="308" HPOS="904"/>
							<String ID="string_577" HPOS="956" VPOS="308" WIDTH="15" HEIGHT="13" WC="0.75" CONTENT="19"/><SP WIDTH="69" VPOS="308" HPOS="971"/>
							<String ID="string_578" HPOS="1040" VPOS="308" WIDTH="9" HEIGHT="13" WC="0.94" CONTENT="7"/><SP WIDTH="70" VPOS="308" HPOS="1049"/>
							<String ID="string_579" HPOS="1119" VPOS="307" WIDTH="18" HEIGHT="14" WC="0.95" CONTENT="26"/>
						</TextLine>
						<TextLine ID="line_80" HPOS="615" VPOS="324" WIDTH="522" HEIGHT="27">
							<String ID="string_580" HPOS="615" VPOS="329" WIDTH="23" HEIGHT="18" WC="0.96" CONTENT="Ny"/><SP WIDTH="6" VPOS="329" HPOS="638"/>
							<String ID="string_581" HPOS="644" VPOS="328" WIDTH="85" HEIGHT="15" WC="0.96" CONTENT="demokrati"/><SP WIDTH="214" VPOS="328" HPOS="729"/>
							<String ID="string_582" HPOS="943" VPOS="324" WIDTH="29" HEIGHT="27" WC="0.95" CONTENT="20"/><SP WIDTH="68" VPOS="324" HPOS="972"/>
							<String ID="string_583" HPOS="1040" VPOS="328" WIDTH="8" HEIGHT="14" WC="0.96" CONTENT="3"/><SP WIDTH="71" VPOS="328" HPOS="1048"/>
							<String ID="string_584" HPOS="1119" VPOS="328" WIDTH="18" HEIGHT="14" WC="0.96" CONTENT="23"/>
						</TextLine>
						<TextLine ID="line_81" HPOS="604" VPOS="339" WIDTH="533" HEIGHT="33">
							<String ID="string_585" HPOS="604" VPOS="339" WIDTH="130" HEIGHT="33" WC="0.96" CONTENT="Vänsterpartiet"/><SP WIDTH="222" VPOS="339" HPOS="734"/>
							<String ID="string_586" HPOS="956" VPOS="349" WIDTH="17" HEIGHT="14" WC="0.96" CONTENT="10"/><SP WIDTH="67" VPOS="349" HPOS="973"/>
							<String ID="string_587" HPOS="1040" VPOS="349" WIDTH="9" HEIGHT="14" WC="0.96" CONTENT="4"/><SP WIDTH="72" VPOS="349" HPOS="1049"/>
							<String ID="string_588" HPOS="1121" VPOS="349" WIDTH="16" HEIGHT="14" WC="0.96" CONTENT="14"/>
						</TextLine>
						<TextLine ID="line_82" HPOS="616" VPOS="370" WIDTH="521" HEIGHT="19">
							<String ID="string_589" HPOS="616" VPOS="371" WIDTH="40" HEIGHT="14" WC="0.93" CONTENT="Utan"/><SP WIDTH="7" VPOS="371" HPOS="656"/>
							<String ID="string_590" HPOS="663" VPOS="370" WIDTH="130" HEIGHT="19" WC="0.92" CONTENT="partitillhörighet"/><SP WIDTH="171" VPOS="370" HPOS="793"/>
							<String ID="string_591" HPOS="964" VPOS="370" WIDTH="8" HEIGHT="14" WC="0.69" CONTENT="4"/><SP WIDTH="70" VPOS="370" HPOS="972"/>
							<String ID="string_592" HPOS="1042" VPOS="370" WIDTH="5" HEIGHT="14" WC="0.96" CONTENT="1"/><SP WIDTH="81" VPOS="370" HPOS="1047"/>
							<String ID="string_593" HPOS="1128" VPOS="370" WIDTH="9" HEIGHT="14" WC="0.97" CONTENT="4"/>
						</TextLine>
						<TextLine ID="line_83" HPOS="615" VPOS="392" WIDTH="523" HEIGHT="28">
							<String ID="string_594" HPOS="615" VPOS="397" WIDTH="87" HEIGHT="19" WC="0.96" CONTENT="Riksdagen"/><SP WIDTH="6" VPOS="397" HPOS="702"/>
							<String ID="string_595" HPOS="708" VPOS="397" WIDTH="44" HEIGHT="14" WC="0.96" CONTENT="totalt"/><SP WIDTH="182" VPOS="397" HPOS="752"/>
							<String ID="string_596" HPOS="934" VPOS="392" WIDTH="42" HEIGHT="28" WC="0.95" CONTENT="236"/><SP WIDTH="46" VPOS="392" HPOS="976"/>
							<String ID="string_597" HPOS="1022" VPOS="392" WIDTH="24" HEIGHT="28" WC="0.64" CONTENT="113"/><SP WIDTH="63" VPOS="392" HPOS="1046"/>
							<String ID="string_598" HPOS="1109" VPOS="396" WIDTH="29" HEIGHT="14" WC="0.96" CONTENT="349"/>
						</TextLine>
					</TextBlock>
				</ComposedBlock>
				<ComposedBlock ID="cblock_13" HPOS="698" VPOS="437" WIDTH="412" HEIGHT="48">
					<TextBlock ID="block_22" HPOS="698" VPOS="437" WIDTH="412" HEIGHT="48">
						<TextLine ID="line_84" HPOS="698" VPOS="437" WIDTH="412" HEIGHT="20">
							<String ID="string_599" HPOS="698" VPOS="438" WIDTH="102" HEIGHT="15" WC="0.91" CONTENT="Procentuell"/><SP WIDTH="6" VPOS="438" HPOS="800"/>
							<String ID="string_600" HPOS="806" VPOS="437" WIDTH="92" HEIGHT="20" WC="0.96" CONTENT="fördelning"/><SP WIDTH="6" VPOS="437" HPOS="898"/>
							<String ID="string_601" HPOS="904" VPOS="442" WIDTH="20" HEIGHT="11" WC="0.96" CONTENT="av"/><SP WIDTH="7" VPOS="442" HPOS="924"/>
							<String ID="string_602" HPOS="931" VPOS="437" WIDTH="81" HEIGHT="20" WC="0.96" CONTENT="kvinnliga"/><SP WIDTH="6" VPOS="437" HPOS="1012"/>
							<String ID="string_603" HPOS="1018" VPOS="437" WIDTH="92" HEIGHT="15" WC="0.96" CONTENT="ledamöter"/>
						</TextLine>
						<TextLine ID="line_85" HPOS="698" VPOS="466" WIDTH="132" HEIGHT="19">
							<String ID="string_604" HPOS="698" VPOS="466" WIDTH="44" HEIGHT="15" WC="0.95" CONTENT="inom"/><SP WIDTH="6" VPOS="466" HPOS="742"/>
							<String ID="string_605" HPOS="748" VPOS="466" WIDTH="82" HEIGHT="19" WC="0.96" CONTENT="partierna"/>
						</TextLine>
					</TextBlock>
				</ComposedBlock>
				<ComposedBlock ID="cblock_14" HPOS="604" VPOS="483" WIDTH="552" HEIGHT="307">
					<TextBlock ID="block_23" HPOS="615" VPOS="483" WIDTH="541" HEIGHT="307">
						<TextLine ID="line_86" HPOS="994" VPOS="483" WIDTH="162" HEIGHT="28">
							<String ID="string_606" HPOS="994" VPOS="483" WIDTH="56" HEIGHT="28" WC="0.95" CONTENT="Antal"/><SP WIDTH="43" VPOS="483" HPOS="1050"/>
							<String ID="string_607" HPOS="1093" VPOS="488" WIDTH="63" HEIGHT="13" WC="0.96" CONTENT="Procent"/>
						</TextLine>
						<TextLine ID="line_87" HPOS="604" VPOS="505" WIDTH="506" HEIGHT="27">
							<String ID="string_608" HPOS="604" VPOS="505" WIDTH="178" HEIGHT="27" WC="0.91" CONTENT="Socialdemokraterna"/><SP WIDTH="231" VPOS="505" HPOS="782"/>
							<String ID="string_609" HPOS="1013" VPOS="508" WIDTH="18" HEIGHT="14" WC="0.96" CONTENT="54"/><SP WIDTH="61" VPOS="508" HPOS="1031"/>
							<String ID="string_610" HPOS="1092" VPOS="508" WIDTH="18" HEIGHT="14" WC="0.96" CONTENT="39"/>
						</TextLine>
						<TextLine ID="line_88" HPOS="616" VPOS="529" WIDTH="494" HEIGHT="19">
							<String ID="string_611" HPOS="616" VPOS="529" WIDTH="80" HEIGHT="15" WC="0.96" CONTENT="Moderata"/><SP WIDTH="6" VPOS="529" HPOS="696"/>
							<String ID="string_612" HPOS="702" VPOS="529" WIDTH="125" HEIGHT="19" WC="0.96" CONTENT="samlingspartiet"/><SP WIDTH="186" VPOS="529" HPOS="827"/>
							<String ID="string_613" HPOS="1013" VPOS="529" WIDTH="17" HEIGHT="14" WC="0.82" CONTENT="21"/><SP WIDTH="62" VPOS="529" HPOS="1030"/>
							<String ID="string_614" HPOS="1092" VPOS="529" WIDTH="18" HEIGHT="14" WC="0.96" CONTENT="26"/>
						</TextLine>
						<TextLine ID="line_89" HPOS="615" VPOS="550" WIDTH="495" HEIGHT="19">
							<String ID="string_615" HPOS="615" VPOS="550" WIDTH="91" HEIGHT="19" WC="0.96" CONTENT="Folkpartiet"/><SP WIDTH="7" VPOS="550" HPOS="706"/>
							<String ID="string_616" HPOS="713" VPOS="550" WIDTH="89" HEIGHT="14" WC="0.96" CONTENT="liberalerna"/><SP WIDTH="213" VPOS="550" HPOS="802"/>
							<String ID="string_617" HPOS="1015" VPOS="550" WIDTH="16" HEIGHT="14" WC="0.94" CONTENT="12"/><SP WIDTH="61" VPOS="550" HPOS="1031"/>
							<String ID="string_618" HPOS="1092" VPOS="550" WIDTH="18" HEIGHT="14" WC="0.96" CONTENT="36"/>
						</TextLine>
						<TextLine ID="line_90" HPOS="615" VPOS="567" WIDTH="495" HEIGHT="28">
							<String ID="string_619" HPOS="615" VPOS="567" WIDTH="67" HEIGHT="28" WC="0.96" CONTENT="Centern"/><SP WIDTH="332" VPOS="567" HPOS="682"/>
							<String ID="string_620" HPOS="1014" VPOS="570" WIDTH="16" HEIGHT="14" WC="0.82" CONTENT="1"/><SP WIDTH="62" VPOS="570" HPOS="1030"/>
							<String ID="string_621" HPOS="1092" VPOS="570" WIDTH="18" HEIGHT="14" WC="0.96" CONTENT="35"/>
						</TextLine>
						<TextLine ID="line_91" HPOS="615" VPOS="591" WIDTH="495" HEIGHT="19">
							<String ID="string_622" HPOS="615" VPOS="592" WIDTH="154" HEIGHT="14" WC="0.92" CONTENT="Kristdemokratiska"/><SP WIDTH="7" VPOS="592" HPOS="769"/>
							<String ID="string_623" HPOS="776" VPOS="591" WIDTH="128" HEIGHT="19" WC="0.91" CONTENT="Samhällspartiet"/><SP WIDTH="119" VPOS="591" HPOS="904"/>
							<String ID="string_624" HPOS="1023" VPOS="591" WIDTH="8" HEIGHT="14" WC="0.0" CONTENT="d"/><SP WIDTH="61" VPOS="591" HPOS="1031"/>
							<String ID="string_625" HPOS="1092" VPOS="591" WIDTH="18" HEIGHT="14" WC="0.87" CONTENT="27"/>
						</TextLine>
						<TextLine ID="line_92" HPOS="615" VPOS="612" WIDTH="495" HEIGHT="19">
							<String ID="string_626" HPOS="615" VPOS="613" WIDTH="23" HEIGHT="18" WC="0.96" CONTENT="Ny"/><SP WIDTH="6" VPOS="613" HPOS="638"/>
							<String ID="string_627" HPOS="644" VPOS="612" WIDTH="85" HEIGHT="15" WC="0.96" CONTENT="demokrati"/><SP WIDTH="294" VPOS="612" HPOS="729"/>
							<String ID="string_628" HPOS="1023" VPOS="612" WIDTH="8" HEIGHT="14" WC="0.96" CONTENT="3"/><SP WIDTH="63" VPOS="612" HPOS="1031"/>
							<String ID="string_629" HPOS="1094" VPOS="612" WIDTH="16" HEIGHT="14" WC="0.96" CONTENT="13"/>
						</TextLine>
						<TextLine ID="line_93" HPOS="608" VPOS="623" WIDTH="502" HEIGHT="33">
							<String ID="string_630" HPOS="608" VPOS="623" WIDTH="126" HEIGHT="33" WC="0.95" CONTENT="Vänsterpartiet"/><SP WIDTH="289" VPOS="623" HPOS="734"/>
							<String ID="string_631" HPOS="1023" VPOS="633" WIDTH="9" HEIGHT="14" WC="0.96" CONTENT="4"/><SP WIDTH="60" VPOS="633" HPOS="1032"/>
							<String ID="string_632" HPOS="1092" VPOS="633" WIDTH="18" HEIGHT="14" WC="0.96" CONTENT="29"/>
						</TextLine>
						<TextLine ID="line_94" HPOS="616" VPOS="654" WIDTH="494" HEIGHT="19">
							<String ID="string_633" HPOS="616" VPOS="654" WIDTH="40" HEIGHT="15" WC="0.93" CONTENT="Utan"/><SP WIDTH="7" VPOS="654" HPOS="656"/>
							<String ID="string_634" HPOS="663" VPOS="654" WIDTH="130" HEIGHT="19" WC="0.82" CONTENT="partitillhörighet"/><SP WIDTH="232" VPOS="654" HPOS="793"/>
							<String ID="string_635" HPOS="1025" VPOS="654" WIDTH="5" HEIGHT="14" WC="0.95" CONTENT="1"/><SP WIDTH="62" VPOS="654" HPOS="1030"/>
							<String ID="string_636" HPOS="1092" VPOS="654" WIDTH="18" HEIGHT="14" WC="0.96" CONTENT="25"/>
						</TextLine>
						<TextLine ID="line_95" HPOS="616" VPOS="680" WIDTH="495" HEIGHT="20">
							<String ID="string_637" HPOS="616" VPOS="681" WIDTH="86" HEIGHT="19" WC="0.95" CONTENT="Riksdagen"/><SP WIDTH="6" VPOS="681" HPOS="702"/>
							<String ID="string_638" HPOS="708" VPOS="681" WIDTH="44" HEIGHT="14" WC="0.96" CONTENT="totalt"/><SP WIDTH="252" VPOS="681" HPOS="752"/>
							<String ID="string_639" HPOS="1004" VPOS="680" WIDTH="28" HEIGHT="15" WC="0.89" CONTENT="13"/><SP WIDTH="60" VPOS="680" HPOS="1032"/>
							<String ID="string_640" HPOS="1092" VPOS="680" WIDTH="19" HEIGHT="15" WC="0.96" CONTENT="32"/>
						</TextLine>
						<TextLine ID="line_96" HPOS="615" VPOS="726" WIDTH="213" HEIGHT="29">
							<String ID="string_641" HPOS="615" VPOS="726" WIDTH="24" HEIGHT="23" WC="0.80" CONTENT="5a"/><SP WIDTH="59" VPOS="726" HPOS="639"/>
							<String ID="string_642" HPOS="698" VPOS="727" WIDTH="130" HEIGHT="28" WC="0.96" CONTENT="Riksdagen"/>
						</TextLine>
						<TextLine ID="line_97" HPOS="697" VPOS="775" WIDTH="66" HEIGHT="15">
							<String ID="string_643" HPOS="697" VPOS="775" WIDTH="66" HEIGHT="15" WC="0.92" CONTENT="Talman"/>
						</TextLine>
					</TextBlock>
				</ComposedBlock>
				<ComposedBlock ID="cblock_15" HPOS="615" VPOS="797" WIDTH="264" HEIGHT="19">
					<TextBlock ID="block_24" HPOS="615" VPOS="797" WIDTH="264" HEIGHT="19">
						<TextLine ID="line_98" HPOS="615" VPOS="797" WIDTH="264" HEIGHT="19">
							<String ID="string_644" HPOS="615" VPOS="797" WIDTH="90" HEIGHT="14" WC="0.96" CONTENT="Troedsson"/><SP WIDTH="7" VPOS="797" HPOS="705"/>
							<String ID="string_645" HPOS="712" VPOS="797" WIDTH="85" HEIGHT="19" WC="0.96" CONTENT="Ingegerd,"/><SP WIDTH="7" VPOS="797" HPOS="797"/>
							<String ID="string_646" HPOS="804" VPOS="797" WIDTH="26" HEIGHT="17" WC="0.95" CONTENT="29,"/><SP WIDTH="7" VPOS="797" HPOS="830"/>
							<String ID="string_647" HPOS="837" VPOS="797" WIDTH="19" HEIGHT="14" WC="0.92" CONTENT="91"/><SP WIDTH="8" VPOS="797" HPOS="856"/>
							<String ID="string_648" HPOS="864" VPOS="801" WIDTH="15" HEIGHT="10" WC="0.92" CONTENT="m"/>
						</TextLine>
					</TextBlock>
				</ComposedBlock>
				<ComposedBlock ID="cblock_16" HPOS="616" VPOS="837" WIDTH="257" HEIGHT="43">
					<TextBlock ID="block_25" HPOS="616" VPOS="837" WIDTH="257" HEIGHT="43">
						<TextLine ID="line_99" HPOS="698" VPOS="837" WIDTH="163" HEIGHT="16">
							<String ID="string_649" HPOS="698" VPOS="838" WIDTH="55" HEIGHT="15" WC="0.96" CONTENT="Förste"/><SP WIDTH="6" VPOS="838" HPOS="753"/>
							<String ID="string_650" HPOS="759" VPOS="837" WIDTH="35" HEIGHT="16" WC="0.96" CONTENT="vice"/><SP WIDTH="6" VPOS="837" HPOS="794"/>
							<String ID="string_651" HPOS="800" VPOS="838" WIDTH="61" HEIGHT="15" WC="0.95" CONTENT="talman"/>
						</TextLine>
						<TextLine ID="line_100" HPOS="616" VPOS="860" WIDTH="257" HEIGHT="20">
							<String ID="string_652" HPOS="616" VPOS="860" WIDTH="67" HEIGHT="19" WC="0.91" CONTENT="Alemyr"/><SP WIDTH="6" VPOS="860" HPOS="683"/>
							<String ID="string_653" HPOS="689" VPOS="860" WIDTH="34" HEIGHT="20" WC="0.96" CONTENT="Stig"/><SP WIDTH="7" VPOS="860" HPOS="723"/>
							<String ID="string_654" HPOS="730" VPOS="860" WIDTH="70" HEIGHT="17" WC="0.96" CONTENT="Roland,"/><SP WIDTH="8" VPOS="860" HPOS="800"/>
							<String ID="string_655" HPOS="808" VPOS="860" WIDTH="25" HEIGHT="17" WC="0.96" CONTENT="24,"/><SP WIDTH="7" VPOS="860" HPOS="833"/>
							<String ID="string_656" HPOS="840" VPOS="860" WIDTH="18" HEIGHT="15" WC="0.86" CONTENT="91"/><SP WIDTH="8" VPOS="860" HPOS="858"/>
							<String ID="string_657" HPOS="866" VPOS="864" WIDTH="7" HEIGHT="10" WC="0.89" CONTENT="s"/>
						</TextLine>
					</TextBlock>
				</ComposedBlock>
				<ComposedBlock ID="cblock_17" HPOS="616" VPOS="901" WIDTH="271" HEIGHT="42">
					<TextBlock ID="block_26" HPOS="616" VPOS="901" WIDTH="271" HEIGHT="42">
						<TextLine ID="line_101" HPOS="698" VPOS="901" WIDTH="165" HEIGHT="15">
							<String ID="string_658" HPOS="698" VPOS="901" WIDTH="57" HEIGHT="15" WC="0.95" CONTENT="Andre"/><SP WIDTH="6" VPOS="901" HPOS="755"/>
							<String ID="string_659" HPOS="761" VPOS="901" WIDTH="35" HEIGHT="15" WC="0.96" CONTENT="vice"/><SP WIDTH="6" VPOS="901" HPOS="796"/>
							<String ID="string_660" HPOS="802" VPOS="901" WIDTH="61" HEIGHT="15" WC="0.95" CONTENT="talman"/>
						</TextLine>
						<TextLine ID="line_102" HPOS="616" VPOS="923" WIDTH="271" HEIGHT="20">
							<String ID="string_661" HPOS="616" VPOS="923" WIDTH="67" HEIGHT="15" WC="0.89" CONTENT="Eirefelt"/><SP WIDTH="6" VPOS="923" HPOS="683"/>
							<String ID="string_662" HPOS="689" VPOS="923" WIDTH="30" HEIGHT="15" WC="0.96" CONTENT="Jan"/><SP WIDTH="7" VPOS="923" HPOS="719"/>
							<String ID="string_663" HPOS="726" VPOS="923" WIDTH="78" HEIGHT="18" WC="0.96" CONTENT="Christer,"/><SP WIDTH="7" VPOS="923" HPOS="804"/>
							<String ID="string_664" HPOS="811" VPOS="923" WIDTH="26" HEIGHT="18" WC="0.95" CONTENT="42,"/><SP WIDTH="7" VPOS="923" HPOS="837"/>
							<String ID="string_665" HPOS="844" VPOS="923" WIDTH="20" HEIGHT="15" WC="0.96" CONTENT="88"/><SP WIDTH="6" VPOS="923" HPOS="864"/>
							<String ID="string_666" HPOS="870" VPOS="923" WIDTH="17" HEIGHT="20" WC="0.96" CONTENT="fp"/>
						</TextLine>
					</TextBlock>
				</ComposedBlock>
				<ComposedBlock ID="cblock_18" HPOS="616" VPOS="964" WIDTH="307" HEIGHT="43">
					<TextBlock ID="block_27" HPOS="616" VPOS="964" WIDTH="307" HEIGHT="43">
						<TextLine ID="line_103" HPOS="697" VPOS="964" WIDTH="166" HEIGHT="20">
							<String ID="string_667" HPOS="697" VPOS="965" WIDTH="58" HEIGHT="19" WC="0.96" CONTENT="Tredje"/><SP WIDTH="7" VPOS="965" HPOS="755"/>
							<String ID="string_668" HPOS="762" VPOS="964" WIDTH="34" HEIGHT="16" WC="0.96" CONTENT="vice"/><SP WIDTH="6" VPOS="964" HPOS="796"/>
							<String ID="string_669" HPOS="802" VPOS="965" WIDTH="61" HEIGHT="15" WC="0.96" CONTENT="talman"/>
						</TextLine>
						<TextLine ID="line_104" HPOS="616" VPOS="986" WIDTH="307" HEIGHT="21">
							<String ID="string_670" HPOS="616" VPOS="987" WIDTH="73" HEIGHT="20" WC="0.92" CONTENT="Fiskesjö"/><SP WIDTH="6" VPOS="987" HPOS="689"/>
							<String ID="string_671" HPOS="695" VPOS="986" WIDTH="50" HEIGHT="16" WC="0.96" CONTENT="Bertil"/><SP WIDTH="7" VPOS="986" HPOS="745"/>
							<String ID="string_672" HPOS="752" VPOS="987" WIDTH="49" HEIGHT="15" WC="0.96" CONTENT="Allan"/><SP WIDTH="7" VPOS="987" HPOS="801"/>
							<String ID="string_673" HPOS="808" VPOS="986" WIDTH="40" HEIGHT="18" WC="0.96" CONTENT="Nils,"/><SP WIDTH="8" VPOS="986" HPOS="848"/>
							<String ID="string_674" HPOS="856" VPOS="986" WIDTH="25" HEIGHT="19" WC="0.96" CONTENT="28,"/><SP WIDTH="7" VPOS="986" HPOS="881"/>
							<String ID="string_675" HPOS="888" VPOS="986" WIDTH="20" HEIGHT="16" WC="0.93" CONTENT="86"/><SP WIDTH="6" VPOS="986" HPOS="908"/>
							<String ID="string_676" HPOS="914" VPOS="991" WIDTH="9" HEIGHT="11" WC="0.91" CONTENT="c"/>
						</TextLine>
					</TextBlock>
				</ComposedBlock>
				<ComposedBlock ID="cblock_19" HPOS="615" VPOS="1032" WIDTH="26" HEIGHT="24">
					<TextBlock ID="block_28" HPOS="615" VPOS="1032" WIDTH="26" HEIGHT="24">
						<TextLine ID="line_105" HPOS="615" VPOS="1032" WIDTH="26" HEIGHT="24">
							<String ID="string_677" HPOS="615" VPOS="1032" WIDTH="26" HEIGHT="24" WC="0.91" CONTENT="5b"/>
						</TextLine>
					</TextBlock>
				</ComposedBlock>
				<ComposedBlock ID="cblock_20" HPOS="616" VPOS="1079" WIDTH="546" HEIGHT="665">
					<TextBlock ID="block_29" HPOS="616" VPOS="1079" WIDTH="544" HEIGHT="43">
						<TextLine ID="line_106" HPOS="616" VPOS="1079" WIDTH="544" HEIGHT="21">
							<String ID="string_678" HPOS="616" VPOS="1080" WIDTH="83" HEIGHT="15" WC="0.96" CONTENT="Lindkvist"/><SP WIDTH="6" VPOS="1080" HPOS="699"/>
							<String ID="string_679" HPOS="705" VPOS="1080" WIDTH="54" HEIGHT="15" WC="0.96" CONTENT="Oskar"/><SP WIDTH="5" VPOS="1080" HPOS="759"/>
							<String ID="string_680" HPOS="764" VPOS="1080" WIDTH="70" HEIGHT="15" WC="0.93" CONTENT="William"/><SP WIDTH="6" VPOS="1080" HPOS="834"/>
							<String ID="string_681" HPOS="840" VPOS="1080" WIDTH="84" HEIGHT="20" WC="0.90" CONTENT="Org.chef,"/><SP WIDTH="6" VPOS="1080" HPOS="924"/>
							<String ID="string_682" HPOS="930" VPOS="1080" WIDTH="26" HEIGHT="18" WC="0.96" CONTENT="21,"/><SP WIDTH="7" VPOS="1080" HPOS="956"/>
							<String ID="string_683" HPOS="963" VPOS="1079" WIDTH="39" HEIGHT="20" WC="0.93" CONTENT="(AK"/><SP WIDTH="6" VPOS="1079" HPOS="1002"/>
							<String ID="string_684" HPOS="1008" VPOS="1080" WIDTH="58" HEIGHT="15" WC="0.90" CONTENT="61—64"/><SP WIDTH="5" VPOS="1080" HPOS="1066"/>
							<String ID="string_685" HPOS="1071" VPOS="1079" WIDTH="65" HEIGHT="20" WC="0.88" CONTENT="66—70)"/><SP WIDTH="6" VPOS="1079" HPOS="1136"/>
							<String ID="string_686" HPOS="1142" VPOS="1080" WIDTH="18" HEIGHT="15" WC="0.97" CONTENT="71"/>
						</TextLine>
						<TextLine ID="line_107" HPOS="640" VPOS="1102" WIDTH="278" HEIGHT="20">
							<String ID="string_687" HPOS="640" VPOS="1102" WIDTH="110" HEIGHT="20" WC="0.93" CONTENT="(Stockholm)"/><SP WIDTH="7" VPOS="1102" HPOS="750"/>
							<String ID="string_688" HPOS="757" VPOS="1102" WIDTH="57" HEIGHT="16" WC="0.92" CONTENT="BoU:s"/><SP WIDTH="6" VPOS="1102" HPOS="814"/>
							<String ID="string_689" HPOS="820" VPOS="1102" WIDTH="34" HEIGHT="15" WC="0.96" CONTENT="vice"/><SP WIDTH="7" VPOS="1102" HPOS="854"/>
							<String ID="string_690" HPOS="861" VPOS="1102" WIDTH="42" HEIGHT="15" WC="0.91" CONTENT="ordf."/><SP WIDTH="8" VPOS="1102" HPOS="903"/>
							<String ID="string_691" HPOS="911" VPOS="1107" WIDTH="7" HEIGHT="10" WC="0.91" CONTENT="s"/>
						</TextLine>
					</TextBlock>
					<TextBlock ID="block_30" HPOS="616" VPOS="1123" WIDTH="545" HEIGHT="38">
						<TextLine ID="line_108" HPOS="616" VPOS="1123" WIDTH="545" HEIGHT="21">
							<String ID="string_692" HPOS="616" VPOS="1125" WIDTH="65" HEIGHT="15" WC="0.96" CONTENT="Werner"/><SP WIDTH="6" VPOS="1125" HPOS="681"/>
							<String ID="string_693" HPOS="687" VPOS="1125" WIDTH="39" HEIGHT="15" WC="0.96" CONTENT="Lars"/><SP WIDTH="6" VPOS="1125" HPOS="726"/>
							<String ID="string_694" HPOS="732" VPOS="1124" WIDTH="52" HEIGHT="20" WC="0.96" CONTENT="Helge"/><SP WIDTH="6" VPOS="1124" HPOS="784"/>
							<String ID="string_695" HPOS="790" VPOS="1124" WIDTH="121" HEIGHT="18" WC="0.96" CONTENT="Ombudsman,"/><SP WIDTH="7" VPOS="1124" HPOS="911"/>
							<String ID="string_696" HPOS="918" VPOS="1124" WIDTH="25" HEIGHT="18" WC="0.96" CONTENT="35,"/><SP WIDTH="7" VPOS="1124" HPOS="943"/>
							<String ID="string_697" HPOS="950" VPOS="1124" WIDTH="35" HEIGHT="20" WC="0.93" CONTENT="(FK"/><SP WIDTH="6" VPOS="1124" HPOS="985"/>
							<String ID="string_698" HPOS="991" VPOS="1124" WIDTH="65" HEIGHT="19" WC="0.90" CONTENT="65—70)"/><SP WIDTH="6" VPOS="1124" HPOS="1056"/>
							<String ID="string_699" HPOS="1062" VPOS="1124" WIDTH="18" HEIGHT="15" WC="0.96" CONTENT="71"/><SP WIDTH="8" VPOS="1124" HPOS="1080"/>
							<String ID="string_700" HPOS="1088" VPOS="1123" WIDTH="73" HEIGHT="21" WC="0.96" CONTENT="(Tyresö)"/>
						</TextLine>
						<TextLine ID="line_109" HPOS="639" VPOS="1151" WIDTH="10" HEIGHT="10">
							<String ID="string_701" HPOS="639" VPOS="1151" WIDTH="10" HEIGHT="10" WC="0.76" CONTENT="v"/>
						</TextLine>
					</TextBlock>
					<TextBlock ID="block_31" HPOS="616" VPOS="1168" WIDTH="545" HEIGHT="42">
						<TextLine ID="line_110" HPOS="616" VPOS="1168" WIDTH="545" HEIGHT="20">
							<String ID="string_702" HPOS="616" VPOS="1169" WIDTH="96" HEIGHT="15" WC="0.95" CONTENT="Andersson"/><SP WIDTH="6" VPOS="1169" HPOS="712"/>
							<String ID="string_703" HPOS="718" VPOS="1169" WIDTH="39" HEIGHT="15" WC="0.96" CONTENT="Sten"/><SP WIDTH="7" VPOS="1169" HPOS="757"/>
							<String ID="string_704" HPOS="764" VPOS="1169" WIDTH="46" HEIGHT="15" WC="0.96" CONTENT="Sture"/><SP WIDTH="7" VPOS="1169" HPOS="810"/>
							<String ID="string_705" HPOS="817" VPOS="1168" WIDTH="17" HEIGHT="16" WC="0.96" CONTENT="fd"/><SP WIDTH="7" VPOS="1168" HPOS="834"/>
							<String ID="string_706" HPOS="841" VPOS="1168" WIDTH="78" HEIGHT="18" WC="0.96" CONTENT="Statsråd,"/><SP WIDTH="6" VPOS="1168" HPOS="919"/>
							<String ID="string_707" HPOS="925" VPOS="1168" WIDTH="26" HEIGHT="18" WC="0.96" CONTENT="23,"/><SP WIDTH="8" VPOS="1168" HPOS="951"/>
							<String ID="string_708" HPOS="959" VPOS="1168" WIDTH="35" HEIGHT="20" WC="0.93" CONTENT="(FK"/><SP WIDTH="6" VPOS="1168" HPOS="994"/>
							<String ID="string_709" HPOS="1000" VPOS="1168" WIDTH="65" HEIGHT="20" WC="0.89" CONTENT="66—70)"/><SP WIDTH="7" VPOS="1168" HPOS="1065"/>
							<String ID="string_710" HPOS="1072" VPOS="1168" WIDTH="18" HEIGHT="16" WC="0.93" CONTENT="71"/><SP WIDTH="8" VPOS="1168" HPOS="1090"/>
							<String ID="string_711" HPOS="1098" VPOS="1168" WIDTH="63" HEIGHT="20" WC="0.91" CONTENT="(Stock-"/>
						</TextLine>
						<TextLine ID="line_111" HPOS="640" VPOS="1190" WIDTH="65" HEIGHT="20">
							<String ID="string_712" HPOS="640" VPOS="1190" WIDTH="51" HEIGHT="20" WC="0.92" CONTENT="holm)"/><SP WIDTH="7" VPOS="1190" HPOS="691"/>
							<String ID="string_713" HPOS="698" VPOS="1196" WIDTH="7" HEIGHT="10" WC="0.93" CONTENT="s"/>
						</TextLine>
					</TextBlock>
					<TextBlock ID="block_32" HPOS="616" VPOS="1212" WIDTH="545" HEIGHT="43">
						<TextLine ID="line_112" HPOS="616" VPOS="1212" WIDTH="545" HEIGHT="21">
							<String ID="string_714" HPOS="616" VPOS="1214" WIDTH="99" HEIGHT="15" WC="0.91" CONTENT="Fridolfsson"/><SP WIDTH="7" VPOS="1214" HPOS="715"/>
							<String ID="string_715" HPOS="722" VPOS="1213" WIDTH="40" HEIGHT="20" WC="0.96" CONTENT="Filip"/><SP WIDTH="6" VPOS="1213" HPOS="762"/>
							<String ID="string_716" HPOS="768" VPOS="1213" WIDTH="70" HEIGHT="15" WC="0.93" CONTENT="William"/><SP WIDTH="7" VPOS="1213" HPOS="838"/>
							<String ID="string_717" HPOS="845" VPOS="1213" WIDTH="80" HEIGHT="18" WC="0.91" CONTENT="Fabrikör,"/><SP WIDTH="7" VPOS="1213" HPOS="925"/>
							<String ID="string_718" HPOS="932" VPOS="1213" WIDTH="26" HEIGHT="18" WC="0.96" CONTENT="23,"/><SP WIDTH="8" VPOS="1213" HPOS="958"/>
							<String ID="string_719" HPOS="966" VPOS="1213" WIDTH="39" HEIGHT="20" WC="0.91" CONTENT="(AK"/><SP WIDTH="7" VPOS="1213" HPOS="1005"/>
							<String ID="string_720" HPOS="1012" VPOS="1213" WIDTH="57" HEIGHT="15" WC="0.89" CONTENT="65—70"/><SP WIDTH="7" VPOS="1213" HPOS="1069"/>
							<String ID="string_721" HPOS="1076" VPOS="1213" WIDTH="14" HEIGHT="15" WC="0.90" CONTENT="R"/><SP WIDTH="6" VPOS="1213" HPOS="1090"/>
							<String ID="string_722" HPOS="1096" VPOS="1212" WIDTH="65" HEIGHT="20" WC="0.86" CONTENT="72—79)"/>
						</TextLine>
						<TextLine ID="line_113" HPOS="640" VPOS="1235" WIDTH="159" HEIGHT="20">
							<String ID="string_723" HPOS="640" VPOS="1236" WIDTH="19" HEIGHT="15" WC="0.95" CONTENT="82"/><SP WIDTH="7" VPOS="1236" HPOS="659"/>
							<String ID="string_724" HPOS="666" VPOS="1235" WIDTH="110" HEIGHT="20" WC="0.93" CONTENT="(Stockholm)"/><SP WIDTH="7" VPOS="1235" HPOS="776"/>
							<String ID="string_725" HPOS="783" VPOS="1240" WIDTH="16" HEIGHT="10" WC="0.93" CONTENT="m"/>
						</TextLine>
					</TextBlock>
					<TextBlock ID="block_33" HPOS="616" VPOS="1257" WIDTH="521" HEIGHT="21">
						<TextLine ID="line_114" HPOS="616" VPOS="1257" WIDTH="521" HEIGHT="21">
							<String ID="string_726" HPOS="616" VPOS="1258" WIDTH="81" HEIGHT="20" WC="0.96" CONTENT="Lindgren"/><SP WIDTH="7" VPOS="1258" HPOS="697"/>
							<String ID="string_727" HPOS="704" VPOS="1258" WIDTH="53" HEIGHT="20" WC="0.96" CONTENT="Sylvia"/><SP WIDTH="6" VPOS="1258" HPOS="757"/>
							<String ID="string_728" HPOS="763" VPOS="1258" WIDTH="56" HEIGHT="15" WC="0.96" CONTENT="Astrid"/><SP WIDTH="7" VPOS="1258" HPOS="819"/>
							<String ID="string_729" HPOS="826" VPOS="1258" WIDTH="120" HEIGHT="17" WC="0.96" CONTENT="Ombudsman,"/><SP WIDTH="8" VPOS="1258" HPOS="946"/>
							<String ID="string_730" HPOS="954" VPOS="1258" WIDTH="25" HEIGHT="17" WC="0.96" CONTENT="45,"/><SP WIDTH="7" VPOS="1258" HPOS="979"/>
							<String ID="string_731" HPOS="986" VPOS="1257" WIDTH="20" HEIGHT="16" WC="0.96" CONTENT="92"/><SP WIDTH="7" VPOS="1257" HPOS="1006"/>
							<String ID="string_732" HPOS="1013" VPOS="1257" WIDTH="110" HEIGHT="20" WC="0.92" CONTENT="(Stockholm)"/><SP WIDTH="7" VPOS="1257" HPOS="1123"/>
							<String ID="string_733" HPOS="1130" VPOS="1262" WIDTH="7" HEIGHT="10" WC="0.92" CONTENT="s"/>
						</TextLine>
					</TextBlock>
					<TextBlock ID="block_34" HPOS="616" VPOS="1279" WIDTH="546" HEIGHT="43">
						<TextLine ID="line_115" HPOS="616" VPOS="1279" WIDTH="546" HEIGHT="20">
							<String ID="string_734" HPOS="616" VPOS="1280" WIDTH="89" HEIGHT="15" WC="0.96" CONTENT="Hellström"/><SP WIDTH="10" VPOS="1280" HPOS="705"/>
							<String ID="string_735" HPOS="715" VPOS="1280" WIDTH="44" HEIGHT="15" WC="0.96" CONTENT="Mats"/><SP WIDTH="9" VPOS="1280" HPOS="759"/>
							<String ID="string_736" HPOS="768" VPOS="1280" WIDTH="52" HEIGHT="15" WC="0.96" CONTENT="Johan"/><SP WIDTH="11" VPOS="1280" HPOS="820"/>
							<String ID="string_737" HPOS="831" VPOS="1280" WIDTH="27" HEIGHT="15" WC="0.96" CONTENT="FK"/><SP WIDTH="10" VPOS="1280" HPOS="858"/>
							<String ID="string_738" HPOS="868" VPOS="1280" WIDTH="17" HEIGHT="15" WC="0.96" CONTENT="fd"/><SP WIDTH="10" VPOS="1280" HPOS="885"/>
							<String ID="string_739" HPOS="895" VPOS="1279" WIDTH="78" HEIGHT="19" WC="0.96" CONTENT="Statsråd,"/><SP WIDTH="10" VPOS="1279" HPOS="973"/>
							<String ID="string_740" HPOS="983" VPOS="1280" WIDTH="26" HEIGHT="17" WC="0.95" CONTENT="42,"/><SP WIDTH="11" VPOS="1280" HPOS="1009"/>
							<String ID="string_741" HPOS="1020" VPOS="1279" WIDTH="39" HEIGHT="20" WC="0.96" CONTENT="(AK"/><SP WIDTH="10" VPOS="1279" HPOS="1059"/>
							<String ID="string_742" HPOS="1069" VPOS="1279" WIDTH="65" HEIGHT="20" WC="0.4" CONTENT="69-70)"/><SP WIDTH="9" VPOS="1279" HPOS="1134"/>
							<String ID="string_743" HPOS="1143" VPOS="1280" WIDTH="19" HEIGHT="14" WC="0.96" CONTENT="71"/>
						</TextLine>
						<TextLine ID="line_116" HPOS="640" VPOS="1301" WIDTH="267" HEIGHT="21">
							<String ID="string_744" HPOS="640" VPOS="1301" WIDTH="110" HEIGHT="21" WC="0.96" CONTENT="(Stockholm)"/><SP WIDTH="7" VPOS="1301" HPOS="750"/>
							<String ID="string_745" HPOS="757" VPOS="1302" WIDTH="46" HEIGHT="15" WC="0.95" CONTENT="EU:s"/><SP WIDTH="6" VPOS="1302" HPOS="803"/>
							<String ID="string_746" HPOS="809" VPOS="1302" WIDTH="34" HEIGHT="15" WC="0.96" CONTENT="vice"/><SP WIDTH="7" VPOS="1302" HPOS="843"/>
							<String ID="string_747" HPOS="850" VPOS="1302" WIDTH="42" HEIGHT="15" WC="0.92" CONTENT="ordf."/><SP WIDTH="8" VPOS="1302" HPOS="892"/>
							<String ID="string_748" HPOS="900" VPOS="1307" WIDTH="7" HEIGHT="10" WC="0.92" CONTENT="s"/>
						</TextLine>
					</TextBlock>
					<TextBlock ID="block_35" HPOS="616" VPOS="1324" WIDTH="545" HEIGHT="42">
						<TextLine ID="line_117" HPOS="616" VPOS="1324" WIDTH="545" HEIGHT="20">
							<String ID="string_749" HPOS="616" VPOS="1324" WIDTH="71" HEIGHT="16" WC="0.96" CONTENT="Theorin"/><SP WIDTH="14" VPOS="1324" HPOS="687"/>
							<String ID="string_750" HPOS="701" VPOS="1324" WIDTH="49" HEIGHT="16" WC="0.96" CONTENT="Karin"/><SP WIDTH="14" VPOS="1324" HPOS="750"/>
							<String ID="string_751" HPOS="764" VPOS="1324" WIDTH="35" HEIGHT="20" WC="0.96" CONTENT="Maj"/><SP WIDTH="14" VPOS="1324" HPOS="799"/>
							<String ID="string_752" HPOS="813" VPOS="1324" WIDTH="41" HEIGHT="16" WC="0.96" CONTENT="Britt"/><SP WIDTH="13" VPOS="1324" HPOS="854"/>
							<String ID="string_753" HPOS="867" VPOS="1324" WIDTH="93" HEIGHT="20" WC="0.96" CONTENT="Margareta"/><SP WIDTH="14" VPOS="1324" HPOS="960"/>
							<String ID="string_754" HPOS="974" VPOS="1324" WIDTH="115" HEIGHT="18" WC="0.95" CONTENT="Ambassadör,"/><SP WIDTH="14" VPOS="1324" HPOS="1089"/>
							<String ID="string_755" HPOS="1103" VPOS="1324" WIDTH="26" HEIGHT="18" WC="0.95" CONTENT="32,"/><SP WIDTH="13" VPOS="1324" HPOS="1129"/>
							<String ID="string_756" HPOS="1142" VPOS="1324" WIDTH="19" HEIGHT="15" WC="0.96" CONTENT="71"/>
						</TextLine>
						<TextLine ID="line_118" HPOS="640" VPOS="1346" WIDTH="124" HEIGHT="20">
							<String ID="string_757" HPOS="640" VPOS="1346" WIDTH="110" HEIGHT="20" WC="0.93" CONTENT="(Stockholm)"/><SP WIDTH="7" VPOS="1346" HPOS="750"/>
							<String ID="string_758" HPOS="757" VPOS="1351" WIDTH="7" HEIGHT="11" WC="0.93" CONTENT="s"/>
						</TextLine>
					</TextBlock>
					<TextBlock ID="block_36" HPOS="616" VPOS="1368" WIDTH="546" HEIGHT="39">
						<TextLine ID="line_119" HPOS="616" VPOS="1368" WIDTH="546" HEIGHT="20">
							<String ID="string_759" HPOS="616" VPOS="1369" WIDTH="93" HEIGHT="15" WC="0.95" CONTENT="Johansson"/><SP WIDTH="5" VPOS="1369" HPOS="709"/>
							<String ID="string_760" HPOS="714" VPOS="1369" WIDTH="38" HEIGHT="15" WC="0.96" CONTENT="Sten"/><SP WIDTH="6" VPOS="1369" HPOS="752"/>
							<String ID="string_761" HPOS="758" VPOS="1369" WIDTH="42" HEIGHT="15" WC="0.96" CONTENT="Olof"/><SP WIDTH="4" VPOS="1369" HPOS="800"/>
							<String ID="string_762" HPOS="804" VPOS="1368" WIDTH="59" HEIGHT="16" WC="0.96" CONTENT="Håkan"/><SP WIDTH="6" VPOS="1368" HPOS="863"/>
							<String ID="string_763" HPOS="869" VPOS="1368" WIDTH="78" HEIGHT="19" WC="0.96" CONTENT="Statsråd,"/><SP WIDTH="6" VPOS="1368" HPOS="947"/>
							<String ID="string_764" HPOS="953" VPOS="1369" WIDTH="26" HEIGHT="17" WC="0.96" CONTENT="37,"/><SP WIDTH="5" VPOS="1369" HPOS="979"/>
							<String ID="string_765" HPOS="984" VPOS="1369" WIDTH="19" HEIGHT="15" WC="0.96" CONTENT="71"/><SP WIDTH="7" VPOS="1369" HPOS="1003"/>
							<String ID="string_766" HPOS="1010" VPOS="1368" WIDTH="110" HEIGHT="20" WC="0.93" CONTENT="(Stockholm)"/><SP WIDTH="6" VPOS="1368" HPOS="1120"/>
							<String ID="string_767" HPOS="1126" VPOS="1369" WIDTH="36" HEIGHT="15" WC="0.91" CONTENT="Par-"/>
						</TextLine>
						<TextLine ID="line_120" HPOS="640" VPOS="1391" WIDTH="70" HEIGHT="16">
							<String ID="string_768" HPOS="640" VPOS="1391" WIDTH="53" HEIGHT="16" WC="0.91" CONTENT="tiordf."/><SP WIDTH="8" VPOS="1391" HPOS="693"/>
							<String ID="string_769" HPOS="701" VPOS="1396" WIDTH="9" HEIGHT="10" WC="0.87" CONTENT="c"/>
						</TextLine>
					</TextBlock>
					<TextBlock ID="block_37" HPOS="617" VPOS="1413" WIDTH="544" HEIGHT="43">
						<TextLine ID="line_121" HPOS="617" VPOS="1413" WIDTH="544" HEIGHT="20">
							<String ID="string_770" HPOS="617" VPOS="1414" WIDTH="78" HEIGHT="15" WC="0.96" CONTENT="Ersättare"/><SP WIDTH="5" VPOS="1414" HPOS="695"/>
							<String ID="string_771" HPOS="700" VPOS="1414" WIDTH="28" HEIGHT="19" WC="0.96" CONTENT="för"/><SP WIDTH="6" VPOS="1414" HPOS="728"/>
							<String ID="string_772" HPOS="734" VPOS="1413" WIDTH="83" HEIGHT="16" WC="0.96" CONTENT="statsrådet"/><SP WIDTH="5" VPOS="1413" HPOS="817"/>
							<String ID="string_773" HPOS="822" VPOS="1414" WIDTH="99" HEIGHT="15" WC="0.96" CONTENT="Johansson:"/><SP WIDTH="7" VPOS="1414" HPOS="921"/>
							<String ID="string_774" HPOS="928" VPOS="1414" WIDTH="106" HEIGHT="15" WC="0.96" CONTENT="Linderholm"/><SP WIDTH="7" VPOS="1414" HPOS="1034"/>
							<String ID="string_775" HPOS="1041" VPOS="1413" WIDTH="87" HEIGHT="18" WC="0.96" CONTENT="Christina,"/><SP WIDTH="8" VPOS="1413" HPOS="1128"/>
							<String ID="string_776" HPOS="1136" VPOS="1413" WIDTH="25" HEIGHT="18" WC="0.96" CONTENT="43,"/>
						</TextLine>
						<TextLine ID="line_122" HPOS="640" VPOS="1435" WIDTH="151" HEIGHT="21">
							<String ID="string_777" HPOS="640" VPOS="1436" WIDTH="18" HEIGHT="15" WC="0.95" CONTENT="91"/><SP WIDTH="8" VPOS="1436" HPOS="658"/>
							<String ID="string_778" HPOS="666" VPOS="1435" WIDTH="110" HEIGHT="21" WC="0.93" CONTENT="(Stockholm)"/><SP WIDTH="7" VPOS="1435" HPOS="776"/>
							<String ID="string_779" HPOS="783" VPOS="1441" WIDTH="8" HEIGHT="10" WC="0.89" CONTENT="c"/>
						</TextLine>
					</TextBlock>
					<TextBlock ID="block_38" HPOS="616" VPOS="1458" WIDTH="546" HEIGHT="42">
						<TextLine ID="line_123" HPOS="616" VPOS="1458" WIDTH="546" HEIGHT="20">
							<String ID="string_780" HPOS="616" VPOS="1458" WIDTH="41" HEIGHT="15" WC="0.89" CONTENT="Cars"/><SP WIDTH="5" VPOS="1458" HPOS="657"/>
							<String ID="string_781" HPOS="662" VPOS="1458" WIDTH="57" HEIGHT="15" WC="0.96" CONTENT="Hadar"/><SP WIDTH="5" VPOS="1458" HPOS="719"/>
							<String ID="string_782" HPOS="724" VPOS="1458" WIDTH="42" HEIGHT="15" WC="0.96" CONTENT="Otto"/><SP WIDTH="5" VPOS="1458" HPOS="766"/>
							<String ID="string_783" HPOS="771" VPOS="1458" WIDTH="74" HEIGHT="20" WC="0.93" CONTENT="Hjalmar"/><SP WIDTH="5" VPOS="1458" HPOS="845"/>
							<String ID="string_784" HPOS="850" VPOS="1458" WIDTH="63" HEIGHT="15" WC="0.96" CONTENT="Gustav"/><SP WIDTH="6" VPOS="1458" HPOS="913"/>
							<String ID="string_785" HPOS="919" VPOS="1458" WIDTH="69" HEIGHT="15" WC="0.93" CONTENT="Gunnar"/><SP WIDTH="6" VPOS="1458" HPOS="988"/>
							<String ID="string_786" HPOS="994" VPOS="1458" WIDTH="53" HEIGHT="15" WC="0.93" CONTENT="H:son"/><SP WIDTH="6" VPOS="1458" HPOS="1047"/>
							<String ID="string_787" HPOS="1053" VPOS="1458" WIDTH="31" HEIGHT="15" WC="0.96" CONTENT="PM"/><SP WIDTH="6" VPOS="1458" HPOS="1084"/>
							<String ID="string_788" HPOS="1090" VPOS="1458" WIDTH="17" HEIGHT="15" WC="0.93" CONTENT="fd"/><SP WIDTH="6" VPOS="1458" HPOS="1107"/>
							<String ID="string_789" HPOS="1113" VPOS="1458" WIDTH="49" HEIGHT="15" WC="0.92" CONTENT="Stats-"/>
						</TextLine>
						<TextLine ID="line_124" HPOS="640" VPOS="1480" WIDTH="344" HEIGHT="20">
							<String ID="string_790" HPOS="640" VPOS="1480" WIDTH="34" HEIGHT="18" WC="0.96" CONTENT="råd,"/><SP WIDTH="8" VPOS="1480" HPOS="674"/>
							<String ID="string_791" HPOS="682" VPOS="1480" WIDTH="25" HEIGHT="18" WC="0.96" CONTENT="33,"/><SP WIDTH="7" VPOS="1480" HPOS="707"/>
							<String ID="string_792" HPOS="714" VPOS="1480" WIDTH="26" HEIGHT="18" WC="0.95" CONTENT="85,"/><SP WIDTH="8" VPOS="1480" HPOS="740"/>
							<String ID="string_793" HPOS="748" VPOS="1480" WIDTH="110" HEIGHT="20" WC="0.96" CONTENT="(Stockholm)"/><SP WIDTH="8" VPOS="1480" HPOS="858"/>
							<String ID="string_794" HPOS="866" VPOS="1480" WIDTH="45" HEIGHT="16" WC="0.96" CONTENT="EU:s"/><SP WIDTH="6" VPOS="1480" HPOS="911"/>
							<String ID="string_795" HPOS="917" VPOS="1480" WIDTH="42" HEIGHT="15" WC="0.96" CONTENT="ordf."/><SP WIDTH="8" VPOS="1480" HPOS="959"/>
							<String ID="string_796" HPOS="967" VPOS="1480" WIDTH="17" HEIGHT="20" WC="0.96" CONTENT="fp"/>
						</TextLine>
					</TextBlock>
					<TextBlock ID="block_39" HPOS="616" VPOS="1502" WIDTH="546" HEIGHT="21">
						<TextLine ID="line_125" HPOS="616" VPOS="1502" WIDTH="546" HEIGHT="21">
							<String ID="string_797" HPOS="616" VPOS="1502" WIDTH="18" HEIGHT="16" WC="0.96" CONTENT="af"/><SP WIDTH="5" VPOS="1502" HPOS="634"/>
							<String ID="string_798" HPOS="639" VPOS="1503" WIDTH="60" HEIGHT="20" WC="0.96" CONTENT="Ugglas"/><SP WIDTH="6" VPOS="1503" HPOS="699"/>
							<String ID="string_799" HPOS="705" VPOS="1502" WIDTH="65" HEIGHT="15" WC="0.96" CONTENT="Märtha"/><SP WIDTH="6" VPOS="1502" HPOS="770"/>
							<String ID="string_800" HPOS="776" VPOS="1502" WIDTH="105" HEIGHT="20" WC="0.96" CONTENT="Margaretha"/><SP WIDTH="5" VPOS="1502" HPOS="881"/>
							<String ID="string_801" HPOS="886" VPOS="1502" WIDTH="79" HEIGHT="18" WC="0.96" CONTENT="Statsråd,"/><SP WIDTH="7" VPOS="1502" HPOS="965"/>
							<String ID="string_802" HPOS="972" VPOS="1502" WIDTH="25" HEIGHT="18" WC="0.96" CONTENT="39,"/><SP WIDTH="7" VPOS="1502" HPOS="997"/>
							<String ID="string_803" HPOS="1004" VPOS="1502" WIDTH="20" HEIGHT="15" WC="0.96" CONTENT="74"/><SP WIDTH="6" VPOS="1502" HPOS="1024"/>
							<String ID="string_804" HPOS="1030" VPOS="1502" WIDTH="110" HEIGHT="20" WC="0.93" CONTENT="(Stockholm)"/><SP WIDTH="6" VPOS="1502" HPOS="1140"/>
							<String ID="string_805" HPOS="1146" VPOS="1507" WIDTH="16" HEIGHT="10" WC="0.93" CONTENT="m"/>
						</TextLine>
					</TextBlock>
					<TextBlock ID="block_40" HPOS="618" VPOS="1524" WIDTH="544" HEIGHT="42">
						<TextLine ID="line_126" HPOS="618" VPOS="1524" WIDTH="544" HEIGHT="20">
							<String ID="string_806" HPOS="618" VPOS="1525" WIDTH="77" HEIGHT="15" WC="0.96" CONTENT="Ersättare"/><SP WIDTH="6" VPOS="1525" HPOS="695"/>
							<String ID="string_807" HPOS="701" VPOS="1524" WIDTH="29" HEIGHT="20" WC="0.96" CONTENT="för"/><SP WIDTH="6" VPOS="1524" HPOS="730"/>
							<String ID="string_808" HPOS="736" VPOS="1524" WIDTH="84" HEIGHT="16" WC="0.96" CONTENT="statsrådet"/><SP WIDTH="6" VPOS="1524" HPOS="820"/>
							<String ID="string_809" HPOS="826" VPOS="1524" WIDTH="20" HEIGHT="20" WC="0.96" CONTENT="af"/><SP WIDTH="7" VPOS="1524" HPOS="846"/>
							<String ID="string_810" HPOS="853" VPOS="1524" WIDTH="64" HEIGHT="20" WC="0.96" CONTENT="Ugglas:"/><SP WIDTH="9" VPOS="1524" HPOS="917"/>
							<String ID="string_811" HPOS="926" VPOS="1524" WIDTH="101" HEIGHT="16" WC="0.96" CONTENT="Kristersson"/><SP WIDTH="8" VPOS="1524" HPOS="1027"/>
							<String ID="string_812" HPOS="1035" VPOS="1525" WIDTH="31" HEIGHT="15" WC="0.93" CONTENT="Ulf"/><SP WIDTH="6" VPOS="1525" HPOS="1066"/>
							<String ID="string_813" HPOS="1072" VPOS="1524" WIDTH="90" HEIGHT="16" WC="0.92" CONTENT="Förbunds-"/>
						</TextLine>
						<TextLine ID="line_127" HPOS="640" VPOS="1546" WIDTH="248" HEIGHT="20">
							<String ID="string_814" HPOS="640" VPOS="1547" WIDTH="49" HEIGHT="17" WC="0.91" CONTENT="ordf.,"/><SP WIDTH="7" VPOS="1547" HPOS="689"/>
							<String ID="string_815" HPOS="696" VPOS="1547" WIDTH="25" HEIGHT="17" WC="0.95" CONTENT="63,"/><SP WIDTH="8" VPOS="1547" HPOS="721"/>
							<String ID="string_816" HPOS="729" VPOS="1547" WIDTH="18" HEIGHT="15" WC="0.95" CONTENT="91"/><SP WIDTH="8" VPOS="1547" HPOS="747"/>
							<String ID="string_817" HPOS="755" VPOS="1546" WIDTH="110" HEIGHT="20" WC="0.93" CONTENT="(Stockholm)"/><SP WIDTH="7" VPOS="1546" HPOS="865"/>
							<String ID="string_818" HPOS="872" VPOS="1551" WIDTH="16" HEIGHT="11" WC="0.93" CONTENT="m"/>
						</TextLine>
					</TextBlock>
					<TextBlock ID="block_41" HPOS="617" VPOS="1569" WIDTH="544" HEIGHT="42">
						<TextLine ID="line_128" HPOS="617" VPOS="1569" WIDTH="544" HEIGHT="19">
							<String ID="string_819" HPOS="617" VPOS="1569" WIDTH="93" HEIGHT="15" WC="0.95" CONTENT="Fleetwood"/><SP WIDTH="7" VPOS="1569" HPOS="710"/>
							<String ID="string_820" HPOS="717" VPOS="1569" WIDTH="84" HEIGHT="15" WC="0.96" CONTENT="Elisabeth"/><SP WIDTH="7" VPOS="1569" HPOS="801"/>
							<String ID="string_821" HPOS="808" VPOS="1569" WIDTH="48" HEIGHT="15" WC="0.96" CONTENT="Alma"/><SP WIDTH="8" VPOS="1569" HPOS="856"/>
							<String ID="string_822" HPOS="864" VPOS="1569" WIDTH="76" HEIGHT="15" WC="0.92" CONTENT="Fredrika"/><SP WIDTH="7" VPOS="1569" HPOS="940"/>
							<String ID="string_823" HPOS="947" VPOS="1569" WIDTH="128" HEIGHT="15" WC="0.92" CONTENT="Swantesdotter"/><SP WIDTH="6" VPOS="1569" HPOS="1075"/>
							<String ID="string_824" HPOS="1081" VPOS="1569" WIDTH="80" HEIGHT="19" WC="0.95" CONTENT="Adjunkt,"/>
						</TextLine>
						<TextLine ID="line_129" HPOS="640" VPOS="1591" WIDTH="192" HEIGHT="20">
							<String ID="string_825" HPOS="640" VPOS="1591" WIDTH="26" HEIGHT="18" WC="0.92" CONTENT="27,"/><SP WIDTH="6" VPOS="1591" HPOS="666"/>
							<String ID="string_826" HPOS="672" VPOS="1591" WIDTH="20" HEIGHT="16" WC="0.93" CONTENT="79"/><SP WIDTH="7" VPOS="1591" HPOS="692"/>
							<String ID="string_827" HPOS="699" VPOS="1591" WIDTH="110" HEIGHT="20" WC="0.93" CONTENT="(Stockholm)"/><SP WIDTH="8" VPOS="1591" HPOS="809"/>
							<String ID="string_828" HPOS="817" VPOS="1596" WIDTH="15" HEIGHT="10" WC="0.93" CONTENT="m"/>
						</TextLine>
					</TextBlock>
					<TextBlock ID="block_42" HPOS="616" VPOS="1613" WIDTH="546" HEIGHT="38">
						<TextLine ID="line_130" HPOS="616" VPOS="1613" WIDTH="546" HEIGHT="20">
							<String ID="string_829" HPOS="616" VPOS="1613" WIDTH="44" HEIGHT="16" WC="0.96" CONTENT="Bildt"/><SP WIDTH="7" VPOS="1613" HPOS="660"/>
							<String ID="string_830" HPOS="667" VPOS="1613" WIDTH="35" HEIGHT="16" WC="0.96" CONTENT="Nils"/><SP WIDTH="7" VPOS="1613" HPOS="702"/>
							<String ID="string_831" HPOS="709" VPOS="1613" WIDTH="59" HEIGHT="16" WC="0.96" CONTENT="Daniel"/><SP WIDTH="7" VPOS="1613" HPOS="768"/>
							<String ID="string_832" HPOS="775" VPOS="1613" WIDTH="38" HEIGHT="16" WC="0.96" CONTENT="Carl"/><SP WIDTH="7" VPOS="1613" HPOS="813"/>
							<String ID="string_833" HPOS="820" VPOS="1613" WIDTH="120" HEIGHT="18" WC="0.96" CONTENT="Statsminister,"/><SP WIDTH="7" VPOS="1613" HPOS="940"/>
							<String ID="string_834" HPOS="947" VPOS="1614" WIDTH="26" HEIGHT="17" WC="0.95" CONTENT="49,"/><SP WIDTH="8" VPOS="1614" HPOS="973"/>
							<String ID="string_835" HPOS="981" VPOS="1613" WIDTH="20" HEIGHT="15" WC="0.96" CONTENT="79"/><SP WIDTH="7" VPOS="1613" HPOS="1001"/>
							<String ID="string_836" HPOS="1008" VPOS="1613" WIDTH="110" HEIGHT="20" WC="0.93" CONTENT="(Stockholm)"/><SP WIDTH="8" VPOS="1613" HPOS="1118"/>
							<String ID="string_837" HPOS="1126" VPOS="1614" WIDTH="36" HEIGHT="14" WC="0.91" CONTENT="Par-"/>
						</TextLine>
						<TextLine ID="line_131" HPOS="640" VPOS="1635" WIDTH="77" HEIGHT="16">
							<String ID="string_838" HPOS="640" VPOS="1635" WIDTH="54" HEIGHT="16" WC="0.82" CONTENT="tiordf."/><SP WIDTH="8" VPOS="1635" HPOS="694"/>
							<String ID="string_839" HPOS="702" VPOS="1640" WIDTH="15" HEIGHT="11" WC="0.93" CONTENT="m"/>
						</TextLine>
					</TextBlock>
					<TextBlock ID="block_43" HPOS="617" VPOS="1658" WIDTH="545" HEIGHT="41">
						<TextLine ID="line_132" HPOS="617" VPOS="1658" WIDTH="545" HEIGHT="20">
							<String ID="string_840" HPOS="617" VPOS="1658" WIDTH="79" HEIGHT="15" WC="0.96" CONTENT="Ersättare"/><SP WIDTH="2" VPOS="1658" HPOS="696"/>
							<String ID="string_841" HPOS="698" VPOS="1658" WIDTH="29" HEIGHT="19" WC="0.96" CONTENT="för"/><SP WIDTH="4" VPOS="1658" HPOS="727"/>
							<String ID="string_842" HPOS="731" VPOS="1658" WIDTH="109" HEIGHT="15" WC="0.96" CONTENT="statsminister"/><SP WIDTH="6" VPOS="1658" HPOS="840"/>
							<String ID="string_843" HPOS="846" VPOS="1658" WIDTH="48" HEIGHT="15" WC="0.92" CONTENT="Bildt:"/><SP WIDTH="6" VPOS="1658" HPOS="894"/>
							<String ID="string_844" HPOS="900" VPOS="1658" WIDTH="66" HEIGHT="20" WC="0.91" CONTENT="Luksep"/><SP WIDTH="5" VPOS="1658" HPOS="966"/>
							<String ID="string_845" HPOS="971" VPOS="1658" WIDTH="58" HEIGHT="15" WC="0.96" CONTENT="Peeter"/><SP WIDTH="5" VPOS="1658" HPOS="1029"/>
							<String ID="string_846" HPOS="1034" VPOS="1658" WIDTH="128" HEIGHT="19" WC="0.95" CONTENT="Projektledare,"/>
						</TextLine>
						<TextLine ID="line_133" HPOS="640" VPOS="1679" WIDTH="192" HEIGHT="20">
							<String ID="string_847" HPOS="640" VPOS="1680" WIDTH="26" HEIGHT="18" WC="0.96" CONTENT="55,"/><SP WIDTH="7" VPOS="1680" HPOS="666"/>
							<String ID="string_848" HPOS="673" VPOS="1680" WIDTH="18" HEIGHT="15" WC="0.96" CONTENT="91"/><SP WIDTH="8" VPOS="1680" HPOS="691"/>
							<String ID="string_849" HPOS="699" VPOS="1679" WIDTH="110" HEIGHT="20" WC="0.93" CONTENT="(Stockholm)"/><SP WIDTH="8" VPOS="1679" HPOS="809"/>
							<String ID="string_850" HPOS="817" VPOS="1685" WIDTH="15" HEIGHT="10" WC="0.93" CONTENT="m"/>
						</TextLine>
					</TextBlock>
					<TextBlock ID="block_44" HPOS="617" VPOS="1701" WIDTH="545" HEIGHT="43">
						<TextLine ID="line_134" HPOS="617" VPOS="1701" WIDTH="545" HEIGHT="21">
							<String ID="string_851" HPOS="617" VPOS="1702" WIDTH="73" HEIGHT="15" WC="0.96" CONTENT="Ulander"/><SP WIDTH="7" VPOS="1702" HPOS="690"/>
							<String ID="string_852" HPOS="697" VPOS="1702" WIDTH="39" HEIGHT="15" WC="0.95" CONTENT="Lars"/><SP WIDTH="7" VPOS="1702" HPOS="736"/>
							<String ID="string_853" HPOS="743" VPOS="1702" WIDTH="57" HEIGHT="15" WC="0.96" CONTENT="Göran"/><SP WIDTH="8" VPOS="1702" HPOS="800"/>
							<String ID="string_854" HPOS="808" VPOS="1702" WIDTH="120" HEIGHT="18" WC="0.96" CONTENT="Ombudsman,"/><SP WIDTH="8" VPOS="1702" HPOS="928"/>
							<String ID="string_855" HPOS="936" VPOS="1702" WIDTH="26" HEIGHT="18" WC="0.93" CONTENT="34,"/><SP WIDTH="8" VPOS="1702" HPOS="962"/>
							<String ID="string_856" HPOS="970" VPOS="1701" WIDTH="22" HEIGHT="21" WC="0.89" CONTENT="(R"/><SP WIDTH="7" VPOS="1701" HPOS="992"/>
							<String ID="string_857" HPOS="999" VPOS="1701" WIDTH="65" HEIGHT="21" WC="0.88" CONTENT="79—91)"/><SP WIDTH="8" VPOS="1701" HPOS="1064"/>
							<String ID="string_858" HPOS="1072" VPOS="1702" WIDTH="20" HEIGHT="15" WC="0.93" CONTENT="92"/><SP WIDTH="7" VPOS="1702" HPOS="1092"/>
							<String ID="string_859" HPOS="1099" VPOS="1701" WIDTH="63" HEIGHT="20" WC="0.92" CONTENT="(Stock-"/>
						</TextLine>
						<TextLine ID="line_135" HPOS="641" VPOS="1723" WIDTH="65" HEIGHT="21">
							<String ID="string_860" HPOS="641" VPOS="1723" WIDTH="51" HEIGHT="21" WC="0.92" CONTENT="holm)"/><SP WIDTH="7" VPOS="1723" HPOS="692"/>
							<String ID="string_861" HPOS="699" VPOS="1729" WIDTH="7" HEIGHT="10" WC="0.92" CONTENT="s"/>
						</TextLine>
					</TextBlock>
				</ComposedBlock>
				<ComposedBlock ID="cblock_21" HPOS="698" VPOS="1038" WIDTH="309" HEIGHT="18">
					<TextBlock ID="block_45" HPOS="698" VPOS="1038" WIDTH="309" HEIGHT="18">
						<TextLine ID="line_136" HPOS="698" VPOS="1038" WIDTH="309" HEIGHT="18">
							<String ID="string_862" HPOS="698" VPOS="1038" WIDTH="117" HEIGHT="18" WC="0.96" CONTENT="Stockholms"/><SP WIDTH="7" VPOS="1038" HPOS="815"/>
							<String ID="string_863" HPOS="822" VPOS="1038" WIDTH="99" HEIGHT="17" WC="0.96" CONTENT="kommuns"/><SP WIDTH="7" VPOS="1038" HPOS="921"/>
							<String ID="string_864" HPOS="928" VPOS="1038" WIDTH="79" HEIGHT="17" WC="0.96" CONTENT="valkrets"/>
						</TextLine>
					</TextBlock>
				</ComposedBlock>
			</PrintSpace>
		</Page>
	</Layout>
</alto>
