1082 1572
119 49 62 25 [148]

520 53 114 22 Riksdagen.

118 217 62 26 [148]

137 257 47 35 V.
235 256 287 47 Riksdagen,
554 256 110 37 dess
696 256 325 38 Ombudsmän

449 310 88 36 och
568 310 138 36 Verk.

270 387 143 27 Riksdagen.

134 429 66 16 Lagtima
211 429 60 16 riksdag
282 429 42 16 skall,
335 429 5 13 i
352 429 40 13 kraft
404 433 19 9 av
434 430 45 13 rikets
491 429 78 17 regerings-

115 448 42 14 form,
167 448 110 12 sammanträda
286 448 41 15 varje
338 447 16 13 år
363 448 28 12 den
403 451 16 9 10
429 448 59 16 januari
496 448 40 15 eller,
545 452 24 9 om

115 465 61 15 helgdag
185 465 19 12 då
213 465 75 15 inträffar,
297 465 46 15 dagen
352 465 69 13 därefter.

133 482 50 13 Första
194 482 87 13 kammarens
292 482 73 13 ledamöter
376 484 25 11 äro
414 486 26 12 150
451 483 27 12 och
489 482 47 17 väljas
547 482 23 13 för

116 500 32 13 åtta
157 500 22 16 år,
187 500 65 13 räknade
260 500 33 13 från
303 500 26 13 och
339 500 33 13 med
381 500 59 17 januari
448 501 60 12 månads
517 500 52 16 början

115 518 31 13 året
155 519 33 12 näst
197 518 38 13 efter
243 518 30 16 det,
282 518 47 13 under
336 518 47 13 vilket
392 518 40 13 valet
440 518 45 16 skett,
494 522 19 9 av
521 518 48 13 lands-

116 536 48 16 tingen
178 536 27 13 och
218 536 133 16 stadsfullmäktige
363 536 5 13 i
380 536 19 13 de
411 537 54 15 städer,
476 540 32 9 som
519 537 13 15 ej
539 536 30 13 del-

116 555 33 15 taga
160 554 5 12 i
181 554 79 16 landsting.
278 554 28 13 För
318 554 25 13 val
355 554 24 13 till
390 554 52 13 Första
456 554 83 13 kammaren
553 555 17 12 är

114 572 38 12 riket
165 572 55 13 indelat
233 572 6 12 i
253 576 16 12 19
282 572 87 13 valkretsar.
391 572 92 13 Stockholms
496 572 34 13 stad
542 572 27 13 och

115 590 80 16 Göteborgs
207 590 34 13 stad
253 591 53 15 utgöra
318 594 27 9 var
356 590 23 12 för
391 590 22 16 sig
425 594 17 9 en
453 590 69 13 valkrets.
540 590 28 13 An-

115 611 28 9 nan
156 608 39 15 stad,
208 611 32 10 som
252 608 13 16 ej
279 608 65 15 deltager
354 608 4 12 i
369 608 78 16 landsting,
456 608 50 13 tillhör
513 612 56 9 samma

114 625 65 13 valkrets
189 629 32 9 som
232 626 25 12 det
268 625 145 16 landstingsområde,
424 626 33 12 vari
466 626 52 13 staden
528 626 41 12 förut

114 643 53 16 ingått.
189 643 94 16 Indelningen
300 643 4 13 i
320 644 82 12 valkretsar
417 643 79 13 innehålles
514 644 5 12 i
538 644 31 12 val-

114 661 46 16 lagen.
178 661 28 13 För
221 661 41 16 varje
277 661 64 13 valkrets
357 661 46 16 väljes
418 661 38 13 efter
466 661 102 16 folkmängden

114 679 40 13 inom
168 679 32 13 dess
211 679 59 13 område
281 683 18 9 en
309 679 101 16 riksdagsman
421 679 24 13 för
455 681 33 11 vart
499 679 34 13 fullt
543 679 26 16 tal,

114 697 103 13 motsvarande
229 696 30 16 1/150
271 701 19 9 av
300 697 46 13 rikets
358 697 89 16 folkmängd.
465 697 103 13 Valkretsarna

113 714 56 13 indelas
176 714 5 13 i
189 715 31 13 åtta
228 718 68 13 grupper,
302 715 50 13 vilken
358 715 75 16 indelning
440 715 79 13 fastställes
526 715 5 13 i
539 715 30 13 val-

114 732 46 16 lagen.
175 732 44 17 Varje
228 733 16 12 år
252 733 47 12 under
306 733 82 16 september
396 733 53 13 månad
458 733 37 13 skall
502 733 40 13 inom
551 737 17 9 en

114 754 19 9 av
141 750 64 13 nämnda
213 754 63 13 grupper
283 750 70 13 förrättas
361 750 25 13 val
393 751 24 12 för
424 751 98 16 nästföljande
531 751 37 13 åtta-

114 768 78 16 årsperiod.
212 768 29 13 Det
254 768 42 13 antal
307 768 101 16 riksdagsmän
422 769 18 12 de
453 769 72 13 särskilda
538 769 31 13 val-

114 786 76 13 kretsarna
204 786 41 13 skola
259 787 33 12 utse
306 786 87 13 bestämmes
407 786 45 16 enligt
466 787 102 13 ovannämnda

114 808 42 9 norm
165 808 19 9 av
195 804 81 16 Konungen
287 806 34 11 vart
332 808 30 9 10:e
372 804 17 13 år
399 804 24 16 (K.
434 805 44 15 kung.
488 805 51 12 härom
545 804 23 16 !3/s

115 822 47 16 1941).
181 822 63 13 Valbara
258 823 26 12 äro
297 822 5 13 i
313 822 112 13 kommunernas
439 822 73 13 allmänna
526 826 42 12 ange-

113 840 84 15 lägenheter
205 840 123 16 röstberättigade
337 841 34 12 män
380 840 28 13 och
417 840 69 16 kvinnor,
495 844 31 10 som
532 844 36 13 upp-

114 858 33 12 nått
157 861 17 13 35
185 858 23 13 års
218 858 44 13 ålder.

131 876 50 12 Andra
189 876 87 13 kammarens
283 876 74 12 ledamöter
364 877 25 11 äro
398 879 31 13 230,
438 876 43 13 valda
489 876 24 12 för
520 880 17 9 en
546 876 22 13 tid

113 897 19 9 av
140 893 33 16 fyra
182 893 21 16 år,
210 894 65 12 räknade
283 894 32 12 från
324 894 27 12 och
359 894 33 12 med
401 894 58 15 januari
466 894 61 13 månads
536 894 32 13 bör-

113 911 25 16 jan
148 911 31 13 året
189 912 34 12 näst
233 912 38 12 efter
279 912 31 15 det,
320 912 46 12 under
375 911 47 13 vilket
432 912 39 13 valet
480 912 45 12 skett.
540 912 29 12 För

113 929 41 13 dessa
161 929 25 13 val
192 930 17 12 är
213 929 39 13 riket
258 929 67 13 indelat
312 921 16 31 i
333 930 16 12 28
357 929 86 13 valkretsar.
455 930 29 12 För
490 930 41 15 varje
538 930 30 12 val-

113 947 39 12 krets
158 947 46 16 väljes
210 947 38 13 efter
252 947 103 16 folkmängden
360 947 40 13 inom
406 947 32 13 dess
444 948 59 12 område
508 951 18 9 en
531 947 37 13 riks-

112 965 70 15 dagsman
177 955 25 30 för
205 969 34 9 vart
251 965 33 13 fullt
289 965 26 16 tal,
320 965 103 13 motsvarande
426 964 30 17 !/2so
460 965 67 13 avrikets
531 965 37 13 folk-

112 983 59 15 mängd.
187 983 51 13 Rikets
246 983 75 16 indelning
330 983 5 13 i
344 983 83 13 valkretsar
435 983 79 13 innehålles
523 983 5 13 i
557 983 11 13 val-

113 1000 46 16 lagen.
172 1001 44 16 Varje
222 1001 24 12 län
254 1002 43 15 utgör
303 1005 18 9 en
328 1001 70 15 valkrets,
405 1002 41 12 utom
454 999 78 18 Älvsborgs
553 1005 14 12 län,

112 1022 31 9 som
151 1019 17 12 är
174 1018 40 13 delat
222 1018 5 13 i
235 1022 7 10 2
251 1019 62 15 kretsar,
320 1019 73 16 varjämte
400 1019 64 16 följande
472 1019 49 13 städer
528 1019 40 13 bilda

112 1040 27 9 var
146 1036 22 13 sin
176 1036 70 13 valkrets:
256 1037 12 15 1)
278 1036 89 16 Stockholm,
376 1037 13 15 2)
398 1037 59 15 Malmö,
466 1037 102 16 Hälsingborg,

112 1054 95 13 Landskrona
218 1055 28 12 och
258 1054 47 16 Lund,
317 1055 13 15 3)
344 1055 78 15 Göteborg.
439 1055 29 12 Det
479 1055 41 13 antal
530 1055 38 13 riks-

112 1072 75 15 dagsmän,
196 1072 41 16 varje
246 1072 64 13 valkrets
320 1073 34 15 äger
362 1074 38 14 utse,
408 1072 79 13 fastställes
496 1073 23 12 för
527 1073 41 16 varje

112 1089 108 17 fyraårsperiod
228 1094 20 9 av
257 1090 81 16 Konungen
347 1090 25 16 (K.
381 1090 44 16 kung.
435 1090 50 13 härom
494 1090 18 16 2/s
521 1091 46 15 1940).

112 1107 58 13 Valrätt
179 1108 90 13 tillkommer
277 1112 46 9 envar
331 1108 53 13 svensk
392 1112 34 9 man
435 1108 27 13 och
470 1108 60 16 kvinna,
536 1112 32 9 som

112 1126 49 12 senast
169 1126 47 13 under
224 1126 119 16 nästföregående
349 1126 86 13 kalenderår
441 1126 33 16 fyllt
481 1130 17 12 23
505 1126 21 16 år,
531 1126 37 13 dock

112 1143 13 16 ej
131 1143 33 16 den,
170 1147 32 9 som
208 1144 31 12 står
244 1144 47 12 under
296 1144 121 16 förmynderskap
423 1144 35 13 eller
464 1145 16 11 är
486 1144 6 12 i
497 1144 70 13 konkurs-

112 1161 72 16 tillstånd,
189 1161 13 16 ej
211 1161 45 13 heller
264 1162 33 15 den,
305 1165 31 9 som
344 1162 18 12 är
367 1165 19 9 av
391 1161 73 13 allmänna
469 1162 98 15 fattigvården

112 1179 123 16 omhändertagen
241 1179 23 13 för
268 1172 67 30 varaktig
339 1179 93 17 försörjning.
439 1179 54 13 Valbara
501 1172 29 30 äro
533 1172 34 30 män

111 1197 27 13 och
148 1197 69 16 kvinnor,
226 1201 32 9 som
267 1197 65 17 uppnått
342 1201 16 12 25
369 1198 24 12 års
403 1197 40 13 ålder
452 1199 39 12 samt
500 1199 28 14 äga
537 1198 31 13 val-

113 1216 30 12 rätt
152 1215 40 13 inom
202 1215 84 13 valkretsen
295 1215 40 16 eller,
345 1216 28 12 där
381 1215 42 16 fråga
432 1217 17 11 är
458 1220 24 9 om
491 1216 39 16 stad,
536 1220 31 9 som

113 1233 49 13 består
171 1237 19 9 av
199 1232 37 14 flera
245 1233 87 16 valkretsar,
341 1233 40 13 inom
391 1233 47 16 någon
449 1237 18 9 av
476 1234 47 12 dessa.

129 1250 93 14 Gemensamt
231 1251 23 13 för
262 1251 39 13 båda
310 1251 85 13 kamrarnas
402 1251 81 13 ledamöter
488 1251 51 16 gäller,
545 1252 22 12 att

111 1268 203 17 riksdagsmannabefattning
325 1269 29 13 kan
365 1270 52 12 utövas
426 1269 51 13 endast
487 1273 19 9 av
514 1269 53 13 svensk

112 1286 98 16 medborgare.

130 1304 30 13 Till
172 1304 39 13 båda
224 1304 78 13 kamrarna
316 1305 25 13 ske
355 1305 42 13 valen
411 1305 34 13 med
456 1305 111 16 proportionellt

113 1322 60 13 valsätt.

129 1340 93 13 Beträffande
236 1340 98 16 ersättningen
348 1340 24 13 för
384 1340 183 21 riksdagsmannauppdra-

111 1358 31 15 gets
156 1357 91 16 fullgörande
264 1358 38 12 hava
318 1358 109 13 bestämmelser
440 1358 44 16 givits
498 1358 5 13 i
516 1362 18 9 en
548 1362 19 9 av

112 1375 80 16 Konungen
207 1376 27 12 och
247 1375 76 16 riksdagen
339 1376 15 12 år
370 1380 34 12 1941
420 1376 65 13 samfällt
499 1376 67 13 beslutad

111 1393 57 15 stadga.
174 1386 12 30 |
187 1393 131 13 Bestämmelserna
332 1395 24 11 äro
370 1394 6 12 i
387 1394 57 16 princip
454 1394 82 13 utformade
545 1394 21 15 så,

111 1412 23 11 att
148 1411 53 13 arvode
215 1411 44 15 utgår
273 1411 51 13 endast
339 1412 8 12 å
361 1411 43 16 tider,
419 1412 19 12 då
453 1412 68 15 ärenden,
535 1415 32 10 som

112 1429 80 15 Konungen
206 1428 63 16 förelagt
282 1429 81 15 riksdagen,
378 1430 25 12 äro
417 1429 70 13 beroende
499 1430 19 16 på
532 1429 34 13 den-

112 1450 27 9 nas
152 1446 72 16 prövning
238 1446 35 13 eller
283 1446 19 14 då
312 1447 78 16 riksdagen
399 1447 43 16 eljest
451 1447 116 13 sammanträder

111 1464 24 13 för
149 1464 96 16 mottagande
259 1468 19 9 av
291 1465 95 13 meddelande
396 1464 45 17 enligt
451 1466 6 14 $
467 1465 18 15 56
493 1465 73 16 riksdags-

585 388 79 16 ordningen
678 388 5 13 i
697 388 124 17 utrikespolitiskt
833 389 35 13 eller
877 390 46 12 annat
932 389 58 13 ärende.
995 384 11 26 '
1008 389 28 13 Vid

584 406 61 16 lagtima
660 406 59 16 riksdag
733 406 37 13 skall
786 407 53 13 arvode
854 407 38 13 dock
907 407 35 16 utgå
957 407 23 13 för
992 407 46 13 minst

584 424 32 16 fyra
624 424 74 16 månader,
708 425 16 12 så
733 425 45 12 framt
786 425 14 16 ej
808 425 77 15 riksdagen
895 425 99 13 dessförinnan
1000 429 37 13 upp-

584 442 40 13 löses.
649 442 64 13 Arvodet
726 443 46 12 under
787 442 61 16 lagtima
863 443 27 13 och
903 443 55 13 urtima
971 443 67 16 riksdags

584 460 64 12 faktiska
657 460 153 13 sammanträdestider
818 460 43 16 utgår
869 461 33 12 med
912 463 26 13 750
947 461 23 12 kr.
979 461 23 12 för
1007 461 30 12 må-

584 477 29 13 nad
622 477 23 13 för
658 477 104 16 riksdagsman,
776 481 31 10 som
821 479 16 12 är
850 478 49 13 bosatt
911 478 5 12 i
924 478 112 16 riksdagsorten,

584 495 27 13 och
621 499 41 12 1,000
670 495 23 13 kr.
702 496 23 12 för
734 495 53 13 månad
796 496 23 12 för
828 499 48 9 annan
884 495 106 17 riksdagsman.
1009 496 28 13 Vid

584 517 31 9 resa
624 513 24 13 till
661 514 27 12 och
701 513 32 13 från
746 513 77 16 riksdagen
835 514 26 12 vid
869 514 33 12 dess
911 514 51 16 början
972 514 27 13 och
1008 514 30 13 slut

585 532 16 12 är
609 531 105 16 riksdagsman,
723 535 31 9 som
767 532 12 16 ej
790 533 17 11 är
815 532 67 13 bosatt
867 524 16 30 å
891 531 113 16 riksdagsorten,
1013 532 24 13 be-

584 549 64 15 rättigad
662 549 24 13 till
698 549 81 16 ersättning
792 549 23 13 för
828 550 45 12 därav
883 549 75 13 föranledd
968 550 70 13 resekost-

584 567 34 13 nad.
636 567 76 16 Därjämte
726 568 33 15 äger
771 567 105 16 riksdagsman,
886 571 31 9 som
926 567 46 13 under
981 568 27 15 tid,
1018 567 19 13 då

584 584 53 14 arvode
650 584 44 16 utgår
707 584 24 13 till
743 585 58 15 honom,
815 585 37 13 efter
864 585 64 16 beviljad
940 585 64 16 ledighet
1013 585 24 13 be-

584 602 42 13 söker
634 603 80 16 hemorten,
724 603 58 16 åtnjuta
791 603 82 16 ersättning
882 603 23 13 för
910 603 45 13 därav
961 603 76 13 föranledd

584 620 98 16 resekostnad,
696 620 37 13 dock
747 621 42 15 högst
800 621 24 12 för
832 621 25 13 det
866 621 41 12 antal
916 624 39 10 resor
963 621 37 13 fram
1010 621 27 13 och

584 638 36 16 åter,
629 642 31 9 som
669 639 82 12 motsvarar
759 642 18 9 en
786 642 27 9 var
821 638 74 14 femtonde
904 639 33 15 dag.

603 656 87 13 Kamrarnas
704 656 55 13 talmän
769 656 55 13 erhålla
832 657 46 12 under
887 656 27 16 tid,
924 656 19 13 då
952 656 86 13 arvode”till

584 674 33 13 dem
630 674 48 15 utgår,
692 674 173 16 representationsbidrag
877 674 34 13 med
926 678 40 12 1,000
979 674 22 13 kr.
1014 674 23 13 för

584 692 58 15 månad,
656 692 38 13 dock
702 692 43 16 högst
753 692 33 13 med
796 695 41 13 5,000
846 692 22 13 kr.
878 692 46 13 under
932 693 22 12 ett
963 692 27 13 och
999 696 38 9 sam-

583 714 24 8 ma
617 709 88 13 kalenderår.

602 727 53 13 Genom
666 731 17 9 en
693 727 16 13 år
720 731 33 12 1941
763 727 73 16 företagen
846 727 63 16 ändring
918 727 4 13 i
924 717 8 30 $
929 728 30 15 30
964 727 73 16 riksdags-

584 745 79 16 ordningen
676 745 27 13 har
717 745 76 16 möjlighet
808 746 55 12 beretts
878 746 23 12 att
916 745 25 13 vid
955 745 34 16 krig
1003 745 35 13 eller

584 763 70 16 krigsfara
663 763 80 16 uppskjuta
752 763 25 13 val
788 762 25 14 till
820 763 81 16 riksdagen,
911 763 41 13 såväl
960 763 24 13 till
992 763 45 13 första

584 784 30 10 som
623 781 46 13 andra
677 781 89 13 kammaren.
785 781 80 15 Konungen
878 781 26 13 och
913 781 76 16 riksdagen
998 781 39 13 hava

583 798 72 16 nämligen
675 799 87 16 berättigats
778 800 22 11 att
814 801 89 13 gemensamt
917 799 62 15 besluta,
994 800 23 11 att
1032 799 5 12 i

583 817 64 13 nämnda
660 816 26 14 fall
699 816 25 14 val
737 817 24 13 till
772 817 77 16 riksdagen
863 817 43 15 skall,
918 821 24 9 om
956 817 25 13 det
989 817 48 12 finnes

583 834 115 17 oundgängligen
710 835 96 15 nödvändigt,
815 834 92 17 uppskjutas,
917 834 37 14 dock
963 835 43 16 högst
1015 836 22 11 ett

584 853 16 13 år
608 860 18 2 —
635 852 63 14 beslutet
706 853 29 12 kan
745 852 80 14 emellertid
834 856 72 13 upprepas
915 859 18 3 —
942 853 32 12 från
981 853 25 12 det
1012 856 25 9 va-

583 870 20 13 let
612 871 34 13 bort
655 872 27 15 äga
690 874 38 12 rum,
737 871 28 13 och
774 872 23 12 att
803 870 81 17 valperiod,
890 874 31 9 som
927 870 48 13 skolat
980 870 56 17 utlöpa,

583 888 71 16 förlänges
668 888 33 13 med
715 890 21 11 ett
748 888 21 13 år.
788 888 56 13 Härvid
853 888 24 13 må
885 888 49 13 tillika
943 889 93 15 bestämmas,

583 908 23 11 att
615 906 115 16 giltighetstiden
743 906 23 13 för
777 906 25 13 det
811 906 30 15 val,
849 910 32 9 som
890 907 34 15 äger
932 910 32 9 rum
974 906 4 13 i
987 906 50 13 stället

583 924 23 13 för
614 925 25 12 det
652 924 95 16 uppskjutna,
761 924 37 13 skall
811 924 73 13 förkortas
895 924 34 13 med
938 925 22 12 ett
969 924 21 13 år.
1009 924 28 13 För

583 942 83 16 riksdagens
678 942 24 13 del
710 942 71 13 erfordras
790 942 81 13 emellertid
879 942 24 13 för
911 942 47 13 beslut
967 946 24 9 om
1000 946 37 12 upp-

583 960 36 13 skov
632 964 19 9 av
664 959 25 14 val
702 960 27 13 och
742 960 91 16 förlängning
846 964 19 9 av
878 960 75 16 valperiod
965 960 45 12 minst
1019 959 18 16 5/s

582 978 75 16 majoritet
671 978 5 12 i
689 978 61 13 vardera
763 978 89 12 kammaren.
870 978 29 12 Det
911 981 29 13 nya
949 978 87 15 stadgandet

583 1000 24 9 om
616 995 92 17 förlängning
721 999 20 9 av
754 995 74 17 valperiod
841 996 58 12 medför
908 995 43 16 ingen
960 995 77 13 inskränk-

582 1014 35 15 ning
626 1013 5 13 i
641 1014 87 15 Konungens
737 1015 30 11 rätt
776 1015 23 11 att
808 1013 68 13 förordna
885 1017 25 9 om
918 1017 29 13 nya
957 1013 28 13 val.

601 1031 77 14 Allmänna
687 1032 24 12 val
720 1031 24 13 till
751 1032 50 12 Andra
809 1032 85 12 kammaren
902 1032 54 12 skedde
965 1032 49 12 senast
1021 1031 16 13 år

584 1053 40 13 1940,
633 1049 41 13 vilka
684 1049 24 13 val
717 1049 38 16 gälla
764 1050 23 12 för
796 1049 69 17 perioden
876 1053 96 13 1941—1944.

703 1102 74 18 Första
791 1102 121 18 kammaren.

722 1138 114 18 Stockholms
848 1138 47 18 stad.

664 1167 124 22 (Mandattiden
802 1168 48 22 utgår
863 1168 18 17 år
896 1168 57 22 1945.)

583 1198 87 20 Wistrand,
683 1199 42 16 Karl
734 1199 93 19 Knutsson,
837 1199 23 16 fd.
871 1199 81 16 Direktör
961 1196 52 23 [976];
1023 1199 11 15 f.

632 1235 3 6 ;
649 1223 21 16 38
683 1221 42 21 (adr.
739 1220 111 22 Stockholm).

583 1246 59 19 Ström,
655 1247 40 16 Otto
705 1247 77 19 Fredrik,
792 1247 123 16 Skriftställare
923 1244 53 23 [851],
986 1247 10 15 f£.
1006 1246 28 19 80;

607 1271 22 15 38
641 1269 44 21 (adr.
698 1269 99 21 Ulvsunda).

582 1293 76 20 Ewerlöf,
676 1295 48 15 Knut
742 1294 82 20 Gerhard,
838 1293 76 17 Statsråd
927 1292 40 22 [48],
981 1294 11 15 f.
1006 1294 28 18 90;

607 1318 21 16 38
641 1316 42 22 (adr.
697 1316 111 21 Stockholm).

583 1341 81 19 Carlsson;
677 1342 45 18 Olof,
739 1342 23 16 fd.
779 1342 152 18 Förtroendeman,
945 1342 11 15 f.

606 1364 42 21 (adr.
662 1364 111 21 Stockholm).

582 1388 57 20 Gärde,
645 1390 86 20 Johannes
740 1389 90 19 Natanael,
839 1389 24 16 fd.
870 1387 98 23 Justitieråd
976 1386 29 23 [72
1013 1386 20 22 a],

606 1414 11 15 f.
630 1413 28 19 80;
672 1413 22 16 38
707 1411 42 21 (adr.
763 1411 111 21 Stockholm).

581 1436 85 21 Branting,
684 1437 63 20 Georg,
765 1437 14 20 J.
799 1437 28 19 K.,
847 1436 84 19 Advokat,
945 1436 11 15 f.
969 1435 64 19 87;:38

605 1459 42 21 (adr.
661 1458 112 22 Stockholm).

970 1340 28 20 72;
1012 1341 22 16 38

555 1507 34 16 200
