1070 1562
428 63 115 22 Riksdagen.

886 60 61 26 [148]

29 228 62 26 [148]

48 268 48 35 V.
146 266 288 48 Riksdagen,
466 266 110 38 dess
607 266 326 38 Ombudsmän

360 320 89 37 och
480 321 138 36 Verk.

181 399 144 27 Riksdagen.

46 441 67 16 Lagtima
124 441 59 16 riksdag
194 441 43 15 skall,
248 441 5 13 i
265 441 40 13 kraft
317 445 19 9 av
346 441 46 13 rikets
404 441 78 16 regerings-

28 459 43 16 form,
80 459 110 13 sammanträda
199 459 41 16 varje
250 459 17 13 år
276 459 28 13 den
315 463 17 9 10
342 459 58 16 januari
409 459 40 16 eller,
458 463 24 9 om

28 477 61 16 helgdag
98 477 20 13 då
126 477 74 16 inträffar,
209 477 47 16 dagen
265 477 69 13 därefter.

47 495 49 13 Första
107 495 87 13 kammarens
204 495 74 13 ledamöter
288 496 26 12 äro
327 498 26 12 150
364 495 27 13 och
402 495 46 16 väljas
460 495 23 12 för

28 513 32 13 åtta
70 513 22 16 år,
100 513 64 13 räknade
173 513 33 13 från
215 513 27 13 och
252 513 33 13 med
294 513 58 16 januari
361 513 60 13 månads
431 513 51 16 början

28 531 31 13 året
68 532 33 12 näst
110 531 37 13 efter
155 531 31 15 det,
195 531 46 13 under
249 531 47 13 vilket
305 531 39 13 valet
353 531 45 16 skett,
407 535 19 9 av
435 531 47 13 lands-

29 549 49 16 tingen
91 549 28 13 och
131 549 133 16 stadsfullmäktige
276 549 4 13 i
293 549 18 13 de
323 549 55 16 städer,
389 553 32 9 som
432 549 13 16 ej
452 549 30 13 del-

29 568 33 15 taga
74 567 5 13 i
94 567 79 16 landsting.
191 567 28 13 För
232 567 24 13 val
268 567 23 13 till
303 567 52 13 Första
369 567 84 13 kammaren
466 568 17 12 är

27 585 39 13 riket
78 585 55 13 indelat
146 585 5 13 i
166 589 16 12 19
195 585 86 13 valkretsar.
304 585 92 13 Stockholms
409 585 33 13 stad
455 585 27 13 och

28 603 81 16 Göteborgs
121 603 33 13 stad
166 604 53 15 utgöra
231 607 27 9 var
269 603 23 13 för
303 603 23 16 sig
338 607 17 9 en
366 603 70 13 valkrets.
453 603 29 13 An-

28 625 28 8 nan
69 621 39 15 stad,
121 625 32 9 som
165 621 13 16 ej
192 621 65 16 deltager
268 621 4 13 i
282 621 78 16 landsting,
369 621 50 13 tillhör
427 625 55 9 samma

28 639 64 13 valkrets
103 643 31 9 som
145 639 25 13 det
181 639 145 16 landstingsområde,
337 639 33 13 vari
380 639 51 13 staden
442 639 40 13 förut

27 656 53 16 ingått.
102 657 94 16 Indelningen
212 657 5 13 i
233 657 82 13 valkretsar
330 657 79 13 innehålles
428 657 4 13 i
452 657 30 13 val-

28 674 46 16 lagen.
91 675 29 12 För
134 675 41 16 varje
190 674 65 14 valkrets
270 675 46 16 väljes
332 675 37 13 efter
379 675 103 15 folkmängden

28 692 39 13 inom
81 692 33 13 dess
124 692 60 13 område
195 696 17 9 en
222 693 101 15 riksdagsman
334 693 24 12 för
368 694 34 12 vart
413 693 34 12 fullt
457 692 26 16 tal,

28 710 103 13 motsvarande
142 710 30 16 1/1s0
184 714 19 9 av
214 710 46 14 rikets
272 711 89 15 folkmängd.
379 711 103 13 Valkretsarna

27 728 56 13 indelas
90 728 5 13 i
103 728 31 13 åtta
142 732 68 13 grupper,
216 729 49 13 vilken
272 729 74 16 indelning
354 729 79 13 fastställes
440 729 5 13 i
452 729 30 13 val-

28 746 47 16 lagen.
89 746 44 17 Varje
141 747 17 12 år
166 747 30 12 under
220 747 82 16 september
309 747 54 12 månad
371 747 38 12 skall
416 747 40 13 inom
465 751 17 9 en

28 768 19 9 av
55 764 64 13 nämnda
127 768 63 13 grupper
197 764 70 14 förrättas
275 764 24 13 val
307 765 23 12 för
338 765 98 16 nästföljande
445 765 37 13 åtta-

28 782 78 16 årsperiod.
125 783 29 12 Det
168 782 41 14 antal
220 783 101 16 riksdagsmän
335 783 18 12 de
367 783 71 13 särskilda
452 783 30 13 val-

28 800 76 13 kretsarna
118 800 41 13 skola
173 802 32 11 utse
220 801 86 13 bestämmes
321 801 45 16 enligt
380 801 102 13 ovannämnda

28 822 42 9 norm
80 822 19 9 av
110 818 80 16 Konungen
201 820 34 11 vart
245 822 31 9 10:e
286 819 16 12 år
312 819 25 16 (K.
348 819 44 15 kung.
402 819 50 13 härom
459 818 23 16 12/e

30 836 46 16 1941).
95 836 63 13 Valbara
172 837 26 12 äro
210 836 5 13 i
227 837 112 12 kommunernas
353 836 73 13 allmänna
440 840 42 12 ange-

28 854 84 15 lägenheter
120 854 122 16 röstberättigade
251 856 34 11 män
294 855 28 12 och
331 854 69 16 kvinnor,
409 858 31 10 som
446 858 36 13 upp-

28 872 34 13 nått
72 875 16 12 35
99 872 23 13 års
132 872 45 13 ålder,

46 890 50 12 Andra
104 890 87 13 kammarens
198 890 73 13 ledamöter
279 891 25 12 äro
312 894 32 12 230,
353 890 43 13 valda
404 890 23 13 för
435 894 17 9 en
461 890 21 13 tid

29 911 18 9 av
56 908 32 16 fyra
97 908 21 15 år,
126 908 64 13 räknade
198 908 32 13 från
239 908 26 13 och
274 908 33 13 med
315 908 59 16 januari
381 908 61 13 månads
450 908 33 13 bör-

28 925 25 16 jan
64 925 31 13 året
105 927 33 12 näst
148 926 37 13 efter
194 926 30 15 det,
234 926 47 13 under
290 926 46 13 vilket
346 926 39 13 valet
395 926 44 13 skett.
455 926 28 13 För

28 943 42 13 dessa
77 943 24 13 val
108 945 16 11 är
129 944 38 12 riket
174 944 55 13 indelat
236 944 4 13 i
248 944 17 12 28
272 944 86 13 valkretsar.
371 944 28 13 För
405 944 41 16 varje
452 944 31 13 val-

28 961 40 13 krets
74 961 46 16 väljes
125 962 38 12 efter
167 961 103 16 folkmängden
275 962 40 12 inom
321 962 32 12 dess
359 962 59 12 område
424 966 17 8 en
446 962 37 12 riks-

28 979 70 15 dagsman
103 979 58 12 förvart
166 979 34 12 fullt
205 979 26 15 tal,
235 980 102 12 motsvarande
341 979 29 15 !/220
375 979 67 13 avrikets
447 979 30 13 folk

29 996 58 16 mängd.
103 996 50 13 Rikets
162 996 74 16 indelning
246 996 4 13 i
260 996 82 13 valkretsar
349 996 80 13 innehålles
439 996 4 13 i
453 996 24 13 val:

29 1014 46 15 lagen.
88 1014 43 16 Varje
138 1014 24 13 län
169 1016 43 14 utgör
218 1018 18 9 en
243 1014 70 16 valkrets,
320 1016 41 11 utom
369 1013 78 17 Älvsborgs
454 1014 29 16 län,

28 1035 31 10 som
67 1033 17 11 är
91 1032 39 13 delat
138 1032 4 13 i
151 1036 7 9 2
166 1033 62 15 kretsar,
236 1032 72 16 varjämte
315 1032 65 16 följande
387 1033 50 12 städer
443 1032 40 13 bilda

28 1053 28 9 var
62 1050 22 12 sin
93 1050 69 13 valkrets:
172 1050 12 16 1)
193 1050 90 16 Stockholm,
291 1050 13 16 2)
314 1050 59 16 Malmö,
382 1050 101 16 Hälsingborg,

29 1067 95 14 Landskrona
135 1068 27 13 och
173 1068 48 16 Lund,
233 1068 13 16 3)
259 1068 78 16 Göteborg.
354 1068 30 13 Det
395 1068 41 13 antal
446 1068 37 13 riks-

29 1085 74 16 dagsmän,
112 1086 41 16 varje
162 1086 64 13 valkrets
236 1087 34 15 äger
278 1087 37 15 utse,
324 1086 79 13 fastställes
412 1086 23 13 för
443 1086 41 16 varje

28 1103 107 16 fyraårsperiod
144 1107 19 9 av
170 1104 81 16 Konungen
260 1104 25 16 (K.
294 1104 44 15 kung.
347 1104 51 13 härom
404 1103 24 16 22/s
438 1104 45 16 1944).

29 1121 58 13 Valrätt
96 1121 89 13 tillkommer
193 1125 46 9 envar
247 1122 53 13 svensk
308 1126 34 9 man
351 1122 26 13 och
386 1121 59 16 kvinna,
452 1125 31 10 som

29 1140 49 12 senast
86 1139 47 13 under
140 1139 119 16 nästföregående
266 1139 85 14 kalenderår
357 1139 33 17 fyllt
397 1143 16 9 21
421 1140 21 15 år,
446 1140 38 13 dock

29 1157 13 16 ej
50 1157 33 15 den,
90 1161 31 9 som
128 1157 31 13 står
164 1158 47 12 under
216 1157 126 17 förmynderskap.
351 1157 63 13 Valbara
419 1159 25 11 äro
449 1159 34 11 män

29 1175 26 13 och
66 1175 68 16 kvinnor,
143 1179 31 9 som
184 1175 64 17 uppnått
258 1179 17 12 25
286 1176 23 12 års
319 1175 41 13 ålder
368 1177 39 11 samt
417 1177 27 14 äga
453 1173 37 16 val-|

30 1194 31 11 rätt
70 1193 40 13 inom
119 1193 83 13 valkretsen
212 1193 40 16 eller,
262 1194 27 12 där
298 1193 41 16 fråga
349 1195 17 11 är
374 1198 24 8 om
408 1194 38 15 stad,
452 1197 31 9 som

30 1210 50 13 består
89 1214 19 9 av
116 1211 37 13 flera
162 1211 87 16 valkretsar,
258 1211 40 13 inom
308 1212 46 15 någon
365 1215 19 9 av
393 1211 47 13 dessa.

29 1246 202 17 riksdagsmannabefattning
243 1247 28 13 kan
282 1248 52 12 utövas
343 1247 51 13 endast
404 1250 18 10 av
431 1247 53 13 svensk

29 1264 99 16 medborgare.

48 1282 30 12 Till
90 1282 38 13 båda
142 1282 78 13 kamrarna
233 1282 26 13 ske
272 1282 42 13 valen
328 1283 33 12 med
373 1282 111 17 proportionellt

30 1300 61 13 valsätt.

47 1317 93 13 Beträffande
145 1317 98 16 ersättningen
248 1318 23 12 för
276 1318 208 16 riksdagsmannauppdragets

30 1335 90 16 fullgörande
129 1336 38 12 hava
176 1335 108 14 bestämmelser
293 1336 44 15 givits
343 1336 5 12 i
355 1340 16 8 en
379 1340 19 9 av
404 1336 79 15 Konungen

30 1353 26 13 och
70 1353 75 16 riksdagen
160 1354 17 13 år
192 1357 34 13 1941
242 1353 65 14 samfällt
321 1354 67 13 beslutad
399 1354 52 16 stadga
461 1354 22 16 (21

30 1371 36 14 febr.
77 1372 46 16 1941).
142 1372 129 13 Bestämmelserna
286 1373 24 12 äro
322 1372 5 13 i
329 1372 65 17 princip
403 1373 82 13 utformade

30 1389 21 16 så,
64 1391 23 12 att
99 1390 54 13 arvode
162 1390 43 15 utgår
214 1390 51 13 endast
275 1390 9 13 å
293 1390 43 16 tider,
346 1390 19 13 då
376 1391 68 15 ärenden,
453 1394 32 9 som

32 1407 80 16 Konungen
126 1407 62 16 förelagt
201 1408 81 16 riksdagen,
297 1410 24 11 äro
336 1408 70 14 beroende
418 1409 19 15 på
450 1408 34 13 den-

31 1429 27 9 nas
72 1426 71 15 prövning
157 1426 35 13 eller
202 1426 19 13 då
231 1426 77 16 riksdagen
318 1426 42 16 eljest
369 1424 123 15 sammanträder
480 1420 14 26 |

33 1443 24 13 för
67 1444 95 15 mottagande
170 1448 18 8 av
195 1444 95 13 meddelande
297 1444 45 15 enligt
349 1445 5 14 $
362 1445 18 15 56
387 1444 98 15 riksdagsord-

31 1461 54 16 ningen
92 1461 5 13 i
105 1461 125 17 utrikespolitiskt
237 1462 35 13 eller
276 1463 46 12 annat
327 1462 53 13 ärende
385 1466 19 9 av
408 1463 46 12 större
459 1462 26 13 all-

31 1480 42 12 mänt
78 1480 65 13 intresse,
149 1480 28 13 Vid
182 1480 61 16 lagtima
248 1480 58 16 riksdag
310 1480 38 13 skall
352 1480 53 13 arvode
410 1480 37 13 dock
450 1480 35 16 utgå

498 399 22 13 för
529 400 45 12 minst
582 400 32 16 fyra
623 400 74 16 månader,
707 400 16 13 så
732 400 44 13 framt
786 400 12 16 ej
805 400 77 16 riksdagen
889 400 61 13 dessför-

498 417 44 13 innan
549 417 72 17 upplöses.
637 418 63 13 Arvodet
705 418 45 13 under
754 418 61 16 lagtima
821 418 27 13 och
853 418 54 13 urtima
912 418 37 13 riks-

498 435 35 16 dags
542 436 63 12 faktiska
615 436 153 13 sammanträdestider
776 436 43 16 utgår
824 436 34 13 med
865 439 26 13 750
898 436 22 13 kr.
927 436 23 13 för

498 454 54 12 månad
561 454 23 13 för
592 454 104 16 riksdagsman,
706 458 31 9 som
747 455 16 12 är
772 454 48 13 bosatt
827 454 5 13 i
838 455 112 15 riksdagsorten,

498 472 26 13 och
544 476 40 12 1,000
599 472 22 13 kr.
637 473 23 12 för
674 472 53 13 månad
742 472 23 13 för
781 476 47 9 annan
844 473 106 15 riksdagsman.

499 490 104 16 Riksdagsman
618 492 34 14 äger
665 490 19 17 på
696 491 25 13 det
733 490 81 13 allmännas
823 490 81 14 bekostnad
914 491 36 12 före-

498 509 34 15 taga
547 512 39 9 resor
595 508 8 13 å
612 508 60 16 statliga
686 509 27 12 och
727 508 66 14 enskilda
806 509 82 16 järnvägar.
908 508 43 13 Riks-

498 526 74 16 dagsman,
582 530 31 9 som
623 527 16 12 är
648 526 49 13 bosatt
708 526 8 13 å
725 530 48 9 annan
782 528 23 11 ort
816 528 18 11 än
841 527 26 12 där
873 527 77 15 riksdagen

497 544 52 16 hålles,
563 545 34 15 äger
610 544 55 16 jämväl
679 545 25 12 vid
718 544 93 16 begagnande
824 548 18 9 av
854 546 46 11 annat
912 544 38 13 färd-

497 562 48 13 medel
554 563 18 12 än
581 562 5 13 i
595 562 46 13 första
655 563 57 16 stycket
725 564 39 14 sagts
773 562 19 17 på
802 563 25 12 det
836 562 81 14 allmännas
926 563 25 12 be-

497 580 63 13 kostnad
574 584 31 9 resa
619 580 24 13 till
654 581 27 12 och
694 580 32 13 från
735 580 77 16 riksdagen
821 582 39 11 samt
868 581 46 12 under
923 581 28 15 tid,

498 598 18 13 då
526 598 53 13 arvode
589 598 25 13 till
620 598 54 13 honom
683 598 48 17 utgår,
740 598 54 13 mellan
806 598 108 16 riksdagsorten
924 599 27 12 och

497 616 80 13 hemorten.

516 634 94 13 Beträffande
619 634 65 16 pension,
694 638 15 9 se
718 634 22 13 SF
749 633 55 17 464/47.

517 652 87 13 Kamrarnas
618 651 54 14 talmän
682 652 55 13 erhålla
746 653 46 12 under
800 652 28 16 tid,
837 652 19 13 då
865 651 54 14 arvode
929 651 23 13 till

497 669 33 13 dem
544 670 48 16 utgår,
605 670 173 16 representationsbidrag
791 670 33 13 med
839 674 40 12 1,000
893 670 21 13 kr.
928 670 23 13 för

498 687 58 16 månad,
570 687 37 13 dock
615 688 43 15 högst
666 688 34 13 med
710 691 40 13 5,000
759 688 23 13 kr.
791 688 46 13 under
846 689 21 12 ett
877 688 27 13 och
913 691 38 10 sam-

497 709 24 9 ma
530 705 89 13 kalenderår.

516 723 54 14 Genom
580 727 17 9 en
607 723 16 14 år
633 727 34 13 1941
677 724 73 16 företagen
761 723 62 16 ändring
832 723 4 13 i
837 714 9 31 $
843 724 30 16 30
879 723 73 16 riksdags-

498 742 79 15 ordningen
591 742 26 12 har
631 741 76 17 möjlighet
722 742 55 12 beretts
792 743 23 12 att
830 742 26 12 vid
870 742 33 15 krig
918 741 34 13 eller

497 759 71 16 krigsfara
577 759 80 17 uppskjuta
666 759 24 13 val
702 759 24 13 till
733 760 81 15 riksdagen,
825 759 41 13 såväl
874 759 24 13 till
906 760 45 12 första

498 781 30 9 som
538 777 45 13 andra
592 778 88 13 kammaren.
699 778 80 15 Konungen
792 778 26 13 och
827 777 77 16 riksdagen
913 778 38 12 hava

497 795 73 16 nämligen
589 796 86 15 berättigats
692 797 23 11 att
729 797 88 14 gemensamt
831 796 62 15 besluta,
909 797 22 11 att
947 795 4 13 i

497 814 64 12 nämnda
575 813 25 13 fall
613 813 25 13 val
651 813 24 13 till
687 814 76 15 riksdagen
777 813 43 16 skall,
833 817 23 9 om
870 813 25 13 det
904 813 48 13 finnes

498 831 114 21 oundgängligen
624 831 97 16 nödvändigt,
730 831 92 17 uppskjutas,
831 831 37 13 dock
878 832 42 15 högst
930 832 21 12 ett

498 849 16 13 är
523 856 18 2 —
550 849 62 13 beslutet
621 849 29 12 kan
659 849 81 13 emellertid
749 853 71 17 upprepas
830 855 17 3 —
856 849 32 13 från
896 849 24 13 det
927 852 25 9 va-

512 868 6 11 t
538 868 23 12 bort
570 868 26 15 äga
605 871 37 12 rum,
652 867 27 13 och
689 868 22 12 att

497 884 72 17 förlänges
583 885 33 13 med
629 886 22 12 ett
663 885 20 13 år.
702 885 18 13 Hä

498 904 23 12 att
530 903 114 16 giltighetstiden
657 903 23 13 för
693 903 25 13 det
727 903 29 15 val,
765 907 31 9 som
806 904 33 15 äger
848 907 32 9 rum
889 903 5 13 i
903 903 50 13 stället

498 921 23 12 för
529 921 25 12 det
568 921 94 16 uppskjutna,
676 921 37 13 skall
727 921 72 13 förkortas
810 921 34 13 med
853 922 22 12 ett
885 921 20 13 år.
924 921 28 13 För

498 939 83 15 riksdagens
593 939 24 12 del
625 939 72 13 erfordras
706 939 79 13 emellertid
794 939 24 12 för
826 938 48 13 beslut
882 943 24 8 om
915 942 37 13 upp-

498 956 36 13 skov
547 960 20 9 av
580 956 24 13 val
617 957 26 12 och
657 957 91 15 förlängning
761 960 18 9 av
793 957 75 15 valperiod
880 956 45 13 minst
934 956 18 15 2/4

498 974 74 15 majoritet
586 978 18 8 av
618 974 18 13 de
649 975 68 12 röstande
726 974 5 12 i
741 974 60 13 vardera
814 974 89 12 kammaren.
921 974 29 12 Det

498 995 30 12 nya
541 991 87 16 stadgandet
641 995 24 9 om
677 992 92 15 förlängning
782 995 19 9 av
811 991 74 17 valperiod
895 991 57 13 medför

498 1009 42 16 ingen
552 1009 106 16 inskränkning
667 1009 5 13 i
682 1010 87 16 Konungens
778 1011 30 11 rätt
818 1011 22 12 att
849 1010 68 13 förordna
926 1013 25 9 om

498 1031 29 12 nya
537 1027 29 13 val.

517 1045 77 13 Allmänna
603 1045 24 13 val
636 1045 23 13 till
666 1045 50 13 Andra
725 1045 84 13 kammaren
818 1045 54 13 skedde
881 1046 48 12 senast
936 1045 16 13 år

500 1066 40 13 1944,
550 1063 40 13 vilka
599 1063 25 13 val
633 1063 38 16 gälla
680 1063 23 13 för
712 1063 68 16 perioden
791 1063 96 16 1945—1948.

619 1116 74 18 Första
707 1116 121 18 kammaren.

639 1152 114 18 Stockholms
765 1153 47 17 stad.

581 1181 124 22 (Mandattiden
718 1182 48 22 utgår
779 1183 18 16 år
812 1182 57 22 1953.)

489 1215 2 16 |
499 1212 60 19 Ström,
572 1213 40 16 Otto
621 1213 78 19 Fredrik,
708 1213 123 16 Skriftställare
840 1211 53 23 [851],
903 1214 10 15 f:
923 1213 28 19 80;

47 1228 92 13 Gemensamt
148 1229 23 12 för
180 1229 37 13 båda
227 1229 84 13 kamrarnas
319 1228 80 14 ledamöter
405 1229 50 15 gäller,
461 1230 30 11 att
483 1219 8 32 |

524 1237 22 16 46
558 1235 44 21 (adr.
615 1235 99 21 Ulvsunda).

499 1259 76 20 Ewerlöf,
588 1261 47 15 Knut
648 1261 82 19 Gerhard,
745 1261 82 16 Direktör
836 1259 52 22 [928],
902 1261 11 16 f.
923 1261 27 19 90;

524 1285 22 16 46
559 1282 42 22 (adr.
615 1283 112 21 Stockholm).

499 1307 66 19 Strand,
587 1308 43 16 Axel
651 1308 87 20 Wilhelm,
760 1308 192 21 Riksgäldsfullmäktig

523 1329 53 23 [211],
590 1333 11 15 f.
615 1332 27 19 93;
656 1332 23 16 46
691 1330 43 22 (adr.
748 1330 111 22 Stockholm).

500 1355 81 21 Bergvall,
592 1356 45 21 John
649 1356 78 20 Helmer,
741 1356 83 16 Direktör
833 1354 53 23 [195],
899 1356 11 16 f.
924 1356 27 19 92;

524 1380 22 16 46
558 1378 43 22 (adr.
615 1378 112 21 Stockholm).

500 1403 85 21 Branting,
603 1404 63 21 Georg,
684 1404 14 21 J.
712 1405 28 18 K.,
760 1404 85 19 Advokat,

524 1428 28 18 87;
566 1429 23 15 46
601 1426 42 21 (adr.
657 1426 113 21 Stockholm).

500 1451 98 19 Nordenson,
610 1452 70 19 Harald,
697 1452 82 16 Direktör
791 1449 52 23 [962],
863 1452 11 16 f.
888 1451 28 19 86;
929 1451 23 16 46

523 1474 43 21 (adr.
580 1474 110 22 Stockholm).

863 1404 63 19 NFIiK,
940 1404 11 16 f.

475 1523 33 16 221
