1048 1582
458 61 104 22 Riksdagen

874 60 116 23 [160-160a]

30 195 51 23 [160]

191 234 30 25 V.
239 233 246 26 RIKSDAGEN
502 234 83 26 OCH
602 235 97 24 DESS
715 235 109 24 VERK

202 300 119 25 Riksdagen

64 335 84 19 (Postadr.
158 335 99 16 Stockholm
266 336 26 15 46.
301 335 35 16 Tel.
346 335 50 21 08/22
402 336 20 15 95
428 336 28 19 60)

53 363 84 16 Riksdagen
145 363 41 16 skall,
194 363 5 14 i
206 363 39 13 kraft
253 367 17 10 av
277 364 136 15 regeringsformen,
418 367 73 10 samman-

31 381 42 13 träda
86 381 38 16 varje
133 381 16 13 år
158 382 29 12 den
198 381 16 13 10
222 381 57 16 januari
288 382 39 15 eller,
337 386 24 9 om
371 382 61 15 helgdag
441 382 19 13 då
471 382 21 13 in-

30 399 55 16 träffar,
98 399 47 16 dagen
157 399 67 14 därefter.
237 399 84 16 Riksdagen
333 400 36 13 skall
381 403 35 10 vara
425 400 67 13 avslutad

30 418 28 12 den
69 417 16 13 31
98 417 81 13 december.
190 417 84 16 Riksdagen
284 417 118 14 sammanträder
409 418 22 13 till
437 417 55 14 vårses-

30 435 32 13 sion
70 435 29 13 och
108 435 95 16 höstsession;
211 435 24 13 vid
242 435 49 13 behov
298 435 30 13 kan
334 435 75 14 anordnas
415 437 40 11 extra
463 439 29 10 ses-

30 453 37 13 sion.
75 453 105 13 Vårsessionen
188 453 35 13 skall
231 453 5 13 i
243 453 37 15 regel
289 457 34 9 vara
329 454 65 12 avslutad
400 453 29 13 den
435 453 15 13 31
457 453 34 16 maj.

51 471 50 13 Första
112 471 90 13 kammarens
212 471 77 13 ledamöter
299 472 26 12 äro
338 471 26 13 150
374 471 35 13 eller
415 471 25 13 det
447 471 45 16 högre

30 489 25 15 tal,
68 493 33 9 som
114 489 84 13 föranledes
211 492 18 10 av
241 489 88 16 stadgandet
341 489 4 13 i
357 489 22 16 68
393 489 5 13 1
408 493 15 9 o.
430 489 7 13 4
446 489 45 13 mom.

30 506 150 16 riksdagsordningen
187 506 35 16 (f.n.
231 507 38 15 151).
279 507 24 13 De
313 507 45 15 väljas
365 507 23 13 för
394 507 31 13 åtta
431 507 21 16 år,
459 507 33 13 räk-

30 524 38 13 nade
74 524 33 13 från
114 524 28 13 och
152 525 33 12 med
191 524 57 16 januari
256 524 61 14 månads
323 525 53 15 början
383 524 30 14 året
418 526 32 12 näst
456 525 36 13 efter

21 538 38 26 det,
63 538 39 26 under
115 542 44 13 vilket
166 542 37 13 valet
209 543 43 15 skett,
258 546 17 10 av
283 543 91 15 landstingen
381 543 29 13 och
418 543 73 13 stadsfull-

31 560 64 16 mäktige
107 560 4 13 i
124 560 19 13 de
155 560 53 16 städer,
221 564 33 9 som
266 560 13 16 ej
292 560 57 16 deltaga
361 561 88 15 ilandsting.
463 561 29 13 För

30 578 24 13 val
66 578 21 13 till
102 578 51 13 Första
162 578 85 13 kammaren
257 579 16 12 är
282 578 36 13 riket
327 579 54 13 indelat
390 578 4 14 i
405 579 16 13 19
430 579 62 13 valkret-

30 600 27 9 sar,
71 596 95 13 Stockholms
179 596 32 13 stad
224 596 29 13 och
266 596 84 16 Göteborgs
365 597 32 13 stad
406 597 52 15 utgöra
466 600 25 10 var

30 614 23 13 för
61 614 21 16 sig
90 617 18 10 en
117 614 67 13 valkrets.
194 614 54 13 Annan
256 614 38 16 stad,
302 618 33 9 som
343 614 13 16 ej
363 615 64 15 deltager
433 615 4 13 i
443 615 48 13 lands-

30 632 35 15 ting,
83 631 49 14 tillhör
148 636 56 9 samma
220 632 63 13 valkrets
295 636 33 9 som
341 632 24 14 det
378 632 113 16 landstingsom-

30 649 40 16 råde,
82 653 30 10 vari
122 650 51 13 staden
183 650 39 13 förut
232 650 50 16 ingått.
292 650 95 16 Indelningen
397 650 4 14 i
412 650 79 13 valkretsar

30 668 62 15 regleras
109 667 3 14 i
131 668 69 15 vallagen.
218 668 29 13 För
263 668 38 16 varje
318 668 62 13 valkrets
397 668 43 16 väljes
455 668 36 13 efter

30 685 105 16 folkmängden
151 686 41 13 inom
207 686 33 13 dess
253 686 61 13 område
325 690 19 9 en
357 686 100 16 riksdagsman
468 686 23 13 för

30 705 31 11 vart
76 703 33 13 fullt
124 703 25 16 tal,
164 704 103 13 motsvarande
278 704 29 15 !/,;,
317 707 19 10 av
346 704 43 13 rikets
399 704 92 16 folkmängd,

30 721 39 14 dock
80 721 34 13 med
123 721 96 16 iakttagande
229 725 18 9 av
258 722 18 13 de
287 722 73 13 särskilda
371 722 67 16 reglerna
448 722 5 13 i
465 722 8 13 6
484 722 7 16 $

30 739 156 16 riksdagsordningen.
198 739 103 14 Valkretsarna
311 740 55 13 indelas
374 739 5 14 i
386 740 30 13 åtta
423 744 67 12 grupper,

30 757 47 13 vilken
90 757 75 16 indelning
175 757 77 13 fastställes
264 757 4 13 i
282 758 70 15 vallagen.
365 758 43 15 Varje
419 757 16 14 år
446 758 45 13 under

30 775 62 13 oktober
102 775 54 13 månad
166 775 37 13 skall
212 775 41 13 inom
262 779 18 9 en
290 779 18 9 av
317 775 65 13 nämnda
392 779 63 12 grupper
461 776 30 13 för-

30 793 45 13 rättas
89 792 22 14 val
121 793 23 12 för
154 792 97 16 nästföljande
261 793 110 16 åttaårsperiod.
381 793 63 13 Valbara
446 788 31 27 äro
486 794 4 13 i

30 810 114 14 kommunernas
158 811 74 13 allmänna
241 811 120 15 angelägenheter
370 811 121 16 röstberättigade

30 829 35 12 män
73 828 28 13 och
111 828 68 16 kvinnor,
185 832 32 9 som
225 829 62 15 uppnått
294 829 18 13 23
320 829 23 13 års
350 829 44 13 ålder.

51 846 49 13 Andra
106 846 90 13 kammarens
202 846 78 13 ledamöter
286 846 42 14 skola
334 847 20 13 till
361 847 54 13 antalet
422 850 35 10 vara
463 847 28 13 230

29 864 34 13 eller
70 864 23 13 det
101 864 45 15 högre
152 864 19 13 tal
177 868 32 9 som
215 864 82 13 föranledes
302 868 18 9 av
325 864 96 16 stadgandet
410 860 14 25 i
429 865 16 13 15
450 865 7 15 $
463 865 7 12 3
476 868 14 10 o.

29 882 9 13 4
47 885 45 10 mom.
101 881 147 17 riksdagsordningen
243 872 48 31 (f.n.
295 882 39 16 233).
338 882 23 14 De
368 882 45 16 väljas
418 882 23 13 för
446 886 18 9 en
470 882 21 14 tid

30 903 17 10 av
55 900 31 15 fyra
92 899 21 16 år,
121 900 65 13 räknade
192 900 32 13 från
231 900 28 13 och
267 900 33 13 med
305 900 58 16 januari
370 900 61 13 månads
438 900 52 16 början

29 917 30 14 året
67 918 32 13 näst
105 917 37 14 efter
148 918 29 15 det,
185 918 45 13 under
237 918 44 13 vilket
288 918 37 13 valet
332 918 42 13 skett.
382 918 29 13 För
418 918 42 13 dessa
467 918 22 13 val

29 936 17 12 är
54 935 36 13 riket
98 935 55 13 indelat
161 935 4 13 i
174 935 17 13 28
200 936 83 13 valkretsar.
293 936 29 13 För
329 936 39 16 varje
376 936 62 13 valkrets
447 936 43 16 väljes

29 953 36 13 efter
71 953 105 16 folkmängden
183 953 40 13 inom
230 954 32 13 dess
269 954 60 13 område
335 958 18 9 en
360 954 101 16 riksdagsman
468 954 23 13 för

29 973 31 11 vart
73 971 32 13 fullt
117 971 25 15 tal,
154 972 104 12 motsvarande
270 972 31 15 1/20
313 975 18 10 av
343 972 44 13 rikets
399 972 92 16 folkmängd,

30 988 38 13 dock
78 989 34 12 med
123 989 96 15 iakttagande
230 993 19 9 av
260 989 19 13 de
289 989 72 13 särskilda
372 990 67 15 reglerna
449 990 5 12 i
456 990 21 12 15
483 990 7 15 $

29 1006 155 16 riksdagsordningen.
198 1006 50 13 Rikets
261 1006 74 16 indelning
346 1007 4 13 i
359 1007 79 13 valkretsar
450 1007 41 13 inne-

29 1023 45 19 hålles
91 1024 3 13 i
111 1024 71 16 vallagen.
196 1024 42 16 Varje
252 1024 24 13 län
290 1025 42 15 utgör
342 1028 18 9 en
370 1024 68 16 valkrets,
449 1027 41 11 utom

30 1042 80 15 Älvsborgs
120 1042 29 15 län,
159 1046 33 9 som
202 1043 16 12 är
229 1042 39 13 delat
279 1042 4 13 i
295 1042 8 13 2
315 1042 59 16 kretsar,
386 1042 70 16 varjämte
463 1043 28 13 föl-

29 1059 43 16 jande
85 1060 48 13 städer
146 1059 39 14 bilda
199 1063 26 10 var
238 1060 22 13 sin
270 1060 68 13 valkrets:
352 1060 13 15 1)
373 1060 91 16 Stockholm,
476 1060 15 16 2)

30 1077 63 16 Malmö,
104 1077 103 16 Hälsingborg,
218 1078 98 13 Landskrona
325 1078 29 13 och
363 1078 48 15 Lund,
421 1078 14 15 3)
445 1078 46 13 Göte-

30 1095 41 15 borg.
78 1095 57 13 Valrätt
141 1095 88 13 tillkommer
235 1099 45 9 envar
290 1096 52 12 svensk
352 1099 33 9 man
396 1096 28 13 och
431 1096 59 15 kvinna,

29 1116 32 10 som
71 1115 48 11 senast
128 1113 46 13 under
180 1113 121 15 nästföregående
308 1113 85 14 kalenderår
400 1113 31 16 fyllt
442 1114 16 13 21
469 1113 21 16 år,

29 1130 39 13 dock
78 1130 12 16 ej
102 1131 33 15 den,
146 1135 33 9 som
190 1131 30 13 står
231 1131 46 13 under
288 1131 126 16 förmynderskap.
427 1132 63 13 Valbara

29 1149 26 12 äro
66 1149 34 12 män
111 1148 28 13 och
151 1148 67 16 kvinnor,
229 1152 32 9 som
273 1149 63 15 uppnått
345 1149 17 13 23
372 1149 23 13 års
405 1149 40 13 ålder
453 1152 37 10 samt

29 1167 27 15 äga
67 1166 52 13 valrätt
130 1166 41 13 inom
182 1166 81 13 valkretsen
270 1167 39 15 eller,
315 1167 27 12 där
348 1167 41 15 fråga
395 1168 16 12 är
418 1171 25 9 om
452 1167 38 16 stad,

29 1187 32 10 som
71 1184 48 13 består
128 1188 18 9 av
153 1184 35 13 flera
194 1184 84 15 valkretsar,
284 1184 41 13 inom
330 1184 49 16 någon
385 1188 17 10 av
408 1185 46 13 dessa.

50 1201 96 14 Gemensamt
160 1202 23 13 för
197 1202 38 13 båda
249 1202 85 13 kamrarnas
348 1202 80 13 ledamöter
442 1203 48 15 gäller,

29 1221 20 11 att
55 1219 203 16 riksdagsmannabefattning
264 1220 29 13 kan
300 1221 52 12 utövas
357 1220 51 13 endast
414 1224 18 9 av
438 1220 53 14 svensk

29 1237 99 15 medborgare.

49 1255 27 13 Till
91 1254 39 14 båda
144 1255 78 13 kamrarna
236 1255 25 13 ske
275 1256 42 13 valen
331 1256 33 13 med
378 1256 113 16 proportionellt

28 1273 56 13 valsätt.

49 1290 80 13 Allmänna
142 1291 23 13 val
178 1291 21 12 till
212 1291 51 13 Andra
277 1291 86 13 kammaren
376 1292 37 15 ägde
428 1295 32 10 rum
474 1292 17 13 år

30 1308 35 13 1964
72 1308 28 13 och
107 1308 44 16 avsåg
158 1308 70 16 perioden
237 1308 96 14 1965—1968.

50 1326 92 13 Beträffande
155 1326 99 16 ersättningen
267 1327 24 13 för
304 1327 186 16 riksdagsmannauppdra-

28 1346 31 13 gets
69 1344 92 15 fullgörande
171 1344 19 13 ha
200 1344 108 14 bestämmelser
316 1345 41 16 givits
364 1347 50 11 senast
420 1345 4 13 i
430 1345 25 16 lag
461 1345 29 14 den

27 1362 9 13 9
43 1362 31 13 dec.
86 1362 36 13 1966
131 1362 39 15 (SFS
180 1366 18 9 nr
205 1362 39 15 611).
251 1362 107 16 Riksdagsman
366 1363 63 15 åtnjuter
435 1363 55 13 arvode

28 1379 32 14 från
67 1379 29 14 och
103 1380 33 13 med
143 1380 72 16 ingången
222 1384 19 9 av
247 1380 28 13 den
282 1380 60 16 månad,
349 1380 19 14 då
375 1381 29 13 han
411 1381 38 13 skall
456 1383 34 13 taga

28 1398 38 15 plats
77 1397 4 13 i
93 1397 84 16 riksdagen,
188 1398 39 13 dock
234 1398 13 16 ej
254 1398 24 13 för
285 1398 21 14 tid
313 1398 45 14 innan
365 1399 30 13 han
402 1399 42 13 blivit
450 1399 39 13 leda-

27 1417 37 14 mot,
75 1415 22 13 till
108 1416 28 13 och
143 1416 34 13 med
184 1416 73 16 utgången
264 1420 18 9 av
289 1417 28 12 den
324 1416 60 16 månad,
391 1416 19 14 då
417 1417 73 15 riksdags-

28 1434 138 15 mannauppdraget
177 1434 64 15 upphör.
249 1434 60 13 Arvode
317 1434 41 16 utgår
365 1434 33 14 med
406 1434 52 16 31,000
467 1435 22 13 kr.

27 1451 5 13 i
42 1451 104 16 grundbelopp
156 1451 24 13 för
189 1451 16 13 år
215 1452 29 13 och
250 1455 18 10 en
276 1452 129 16 beskattningsbar
411 1453 79 12 kostnads-

27 1469 80 16 ersättning
113 1473 18 9 av
137 1469 42 16 3,600
182 1469 22 14 kr.
208 1469 24 14 för
236 1469 21 14 år.
261 1469 20 14 På
285 1470 61 13 arvodet
351 1470 42 16 utgår
397 1470 50 16 tillägg
451 1472 39 12 mot-

487 1512 34 18 251

527 299 73 13 svarande
611 298 50 16 tillägg
673 298 19 16 på
698 299 25 13 lön
736 299 20 13 till
769 298 144 16 befattningshavare
922 298 5 13 i
934 300 55 12 statens

527 317 50 15 tjänst.
585 317 104 13 Traktamente
697 316 42 16 utgår
747 316 46 14 under
801 317 26 15 tid,
836 316 19 14 då
860 316 79 16 riksdagen
943 316 47 13 håller

527 335 60 15 session,
593 335 34 13 med
632 335 55 15 belopp
693 335 103 13 motsvarande
803 335 41 15 1,050
850 334 21 14 kr.
878 335 24 13 för
907 334 54 14 månad
968 334 21 13 till

527 353 106 15 riksdagsman,
640 357 33 9 som
683 353 15 13 är
705 352 49 14 bosatt
762 352 18 16 på
787 353 49 15 längre
843 352 61 14 avstånd
912 353 19 12 än
937 352 51 16 sjuttio

527 370 77 14 kilometer
613 370 85 16 fågelvägen
707 370 33 14 från
750 371 84 15 riksdagens
845 370 32 14 hus.
888 370 54 13 Annan
952 370 36 13 riks-

527 389 71 15 dagsman
605 389 19 13 än
631 393 20 9 nu
660 391 45 13 sagts,
712 389 48 12 vilken
767 389 16 12 är
789 389 49 12 bosatt
845 388 19 16 på
871 388 49 16 längre
926 388 62 13 avstånd

527 407 20 13 än
556 406 57 14 femton
622 406 77 14 kilometer
705 406 85 16 fågelvägen
797 406 33 14 från
839 406 115 16 riksdagshuset,
964 405 25 14 må

527 428 19 9 av
555 425 70 15 styrelsen
631 424 24 14 för
661 424 88 16 riksdagens
755 424 154 16 förvaltningskontor
915 424 74 13 tillerkän-

527 446 26 9 nas
564 442 97 13 traktamente
673 442 33 13 med
716 442 43 16 högst
771 442 64 13 nämnda
843 442 59 16 belopp.
909 442 80 16 Riksdags-

527 464 34 9 man
568 461 34 15 äger
609 460 18 15 på
634 460 24 13 det
665 460 81 13 allmännas
753 460 82 13 bekostnad
841 460 66 15 företaga
914 464 45 9 resor.

546 478 109 16 Riksdagsman
666 479 16 13 är
693 478 19 16 på
722 478 25 13 det
753 478 82 13 allmännas
842 478 84 13 bekostnad
933 481 56 13 grupp-

526 496 104 14 livförsäkrad.

548 514 91 13 Kamrarnas
651 514 54 13 talmän
718 513 54 14 erhålla
785 514 46 13 under
840 514 27 15 tid,
880 513 19 14 då
909 513 77 16 riksdagen

527 531 46 14 håller
582 532 60 15 session,
652 532 85 16 förhöjning
745 536 20 9 av
775 532 110 16 grundarvodet
893 532 34 13 med
934 531 56 16 belopp

527 550 103 13 motsvarande
639 550 41 15 1,200
686 550 22 13 kr.
715 550 23 13 för
745 549 59 14 månad.

634 614 89 19 FÖRSTA
736 617 142 16 KAMMAREN

684 647 105 15 Stockholms
796 647 38 15 stad

621 676 126 19 (Mandattiden
759 676 47 19 utgår
817 677 18 15 år
847 677 47 18 1969)

527 707 66 18 Strand,
602 707 40 15 Axel
651 706 83 19 Wilhelm,
744 706 185 19 Riksgäldsfullmäktig
938 706 50 19 [211],

548 731 57 15 Förste
619 732 34 14 vice
667 730 65 19 talman,
747 731 28 18 93;
787 731 20 15 62
824 730 42 19 (adr.
882 730 106 19 Stockholm,

548 754 56 16 Andra
614 754 115 19 lagutskottets
738 754 103 19 ordförande.

527 778 102 18 Lundström,
645 778 37 15 Nils
696 778 61 19 Birger,
771 778 93 18 Redaktör,
877 778 27 17 04;
915 778 20 15 62
945 778 43 18 (adr.

548 802 93 19 Bromma),
652 802 154 16 Utrikesutskottets
815 803 32 15 vice
856 802 102 19 ordförande.

526 826 99 18 Lindström,
648 826 38 15 Ulla
708 826 74 19 Gunilla,
801 826 11 15 f.
832 826 68 16 Wohlin
919 826 69 18 (förutv.

549 850 87 18 Statsråd),
647 850 61 18 Fil.K.,
717 850 27 18 09;
755 850 20 15 62
785 850 43 18 (adr.
838 849 112 19 Stockholm).

527 873 93 19 Hernelius,
628 873 44 16 John
682 874 55 17 Allan,
746 874 45 18 J.K.,
801 873 91 19 Redaktör,
901 874 54 18 KVO,
963 874 25 17 11;

548 897 21 15 62
578 897 42 19 (adr.
630 897 111 19 Stockholm).

526 921 90 18 Anderson,
625 921 39 15 Carl
673 921 64 18 Albert,
745 921 24 16 fd.
780 921 79 16 Direktör
872 921 49 18 [858],
931 921 27 18 99;
967 921 22 15 62

548 944 42 19 (adr.
599 945 112 18 Stockholm).

526 968 99 19 Johansson,
634 969 48 15 Knut
691 968 72 19 Brynolf
771 969 69 18 Martin,
850 968 104 19 Förb.ordf.,
963 969 25 18 11;

549 992 21 15 62
579 992 43 18 (adr.
631 992 133 18 Johanneshov).

526 1016 97 18 Holmberg,
634 1016 64 18 Yngve,
708 1015 156 19 Bankofullmäktig
873 1016 48 18 [195],
931 1016 26 18 25;
967 1015 21 16 62

548 1039 43 18 (adr.
601 1039 112 19 Stockholm).

526 1063 74 19 Myrdal,
613 1063 48 18 Alva,
675 1063 12 16 f.
702 1063 72 18 Reimer,
788 1063 75 15 Statsråd
876 1063 38 19 [48],
928 1063 26 18 02;
967 1063 20 15 62

548 1086 42 19 (adr.
601 1087 111 18 Stockholm).

526 1110 61 19 Geijer,
596 1110 56 16 Johan
662 1111 77 18 Lennart,
749 1110 76 16 Statsråd
834 1110 38 19 [48],
881 1110 26 18 09;
917 1110 20 15 62
945 1110 42 18 (adr.

548 1134 111 17 Stockholm).

526 1158 69 18 Dahlén,
606 1158 30 15 Per
648 1158 36 15 Olle
697 1158 90 18 Reinhold,
800 1158 69 18 Pol.M.,
881 1158 24 18 15;
914 1158 21 15 64
944 1157 43 19 (adr.

548 1182 92 18 Bromma).

526 1205 69 19 Hultell,
604 1206 60 15 Emma
673 1206 50 18 Mary
732 1205 91 19 Elisabeth,
832 1205 12 15 f.
854 1205 65 18 Radhe,
928 1206 60 15 Förste

548 1229 133 19 kammarskriv.,
696 1229 51 18 LVO,
757 1229 26 18 08;
793 1229 20 15 64
822 1229 42 19 (adr.
874 1229 113 19 Stockholm).

527 1253 87 18 Sörenson,
627 1253 42 18 Joel,
684 1253 61 18 Fil.K.,
754 1253 65 18 Pastor,
829 1253 25 18 15;
864 1253 21 15 64
894 1253 43 19 (adr.
947 1250 40 18 Älv-

548 1276 38 19 sjö).

526 1300 76 19 Persson,
617 1300 40 15 Erik
670 1301 64 18 Yngve,
749 1300 103 19 Förb.ordf.,
869 1301 25 18 11;
906 1301 21 15 64
944 1300 42 19 (adr.

548 1324 111 19 Stockholm).

525 1348 78 19 Lidgard,
616 1348 47 15 Hans
673 1348 50 15 Bertil
732 1348 83 18 Ingemar,
825 1348 44 18 J.K.,
879 1348 108 16 Förb.direk-

547 1372 34 18 tör,
592 1372 24 17 16;
626 1372 20 15 65
656 1372 41 18 (adr.
708 1372 112 18 Stockholm).

525 1396 73 18 Werner,
609 1396 40 15 Lars
659 1395 58 19 Helge,
728 1396 70 18 Kassör,
808 1396 27 18 35;
846 1396 19 15 65
876 1395 43 19 (adr.
933 1396 54 15 Troll-

546 1419 78 19 bäcken).

525 1443 67 19 Diesen,
609 1443 57 19 Ingrid
683 1443 78 19 Elisabet,
780 1443 64 18 Fil.M.,
863 1443 25 18 18;
907 1443 20 15 67
944 1443 43 19 (adr.

547 1467 112 18 Stockholm).

527 614 64 23 [160a]
