1264 1912
571 33 117 25 Riksdagen

62 230 12 28 I
142 228 180 37 Riksdagen

62 369 11 22 1
144 376 27 15 100
180 376 16 15 12
204 376 98 15 Stockholm.
310 375 31 15 Tel.
349 375 47 15 08-14
403 375 19 15 20
429 375 23 15 20.

63 407 150 19 Regeringsformen
231 406 31 15 den
281 407 18 14 28
318 406 38 15 febr.
377 406 38 15 1974
432 406 26 18 (nr
478 406 34 16 152;
530 405 80 19 omtryckt

64 430 88 16 1979:933;
161 429 62 15 ändrad
232 432 53 12 senast
296 429 43 15 1979:
346 429 41 18 933).
398 428 171 19 Riksdagsordningen
578 428 31 15 den

62 453 19 14 28
94 452 39 15 febr.
149 452 37 15 1974
198 452 26 18 (nr
239 452 34 16 153;
286 451 79 19 omtryckt
380 451 88 17 1979:934;
482 450 62 15 ändrad
557 453 53 12 senast

64 475 44 15 1979:
115 475 41 18 934).
163 474 55 19 Vallag
224 474 30 15 den
261 474 8 15 8
275 474 34 15 dec.
317 473 37 15 1972
360 474 26 18 (nr
391 473 37 17 620;
434 473 79 19 omtryckt
521 473 44 15 1979:
572 473 37 17 456;

62 497 62 15 ändrad
131 499 53 13 senast
193 497 44 15 1979:
247 496 48 19 1101).

143 528 90 19 Riksdagen
245 528 39 15 skall
295 527 120 16 sammanträda
425 527 22 15 till
458 527 65 19 lagtima
534 526 76 16 riksmöte

142 550 42 20 varje
191 551 17 14 år
215 551 20 19 på
243 550 30 19 dag
281 550 3 15 i
292 550 90 19 september
388 550 38 15 eller
433 549 68 16 oktober
507 554 35 10 som
549 549 61 15 riksda-

142 578 29 14 gen
178 573 28 15 har
212 573 68 15 bestämt
286 572 26 16 vid
319 573 70 14 närmast
396 572 98 19 föregående
500 572 65 19 lagtima
571 571 38 16 riks-

142 596 47 15 möte.
196 595 71 19 Lagtima
273 595 75 15 riksmöte
353 599 35 11 som
394 594 28 15 har
427 594 53 15 inletts
485 594 52 15 under
542 594 67 19 augusti,

142 618 89 19 september
240 618 38 15 eller
286 617 67 16 oktober
361 617 40 15 skall
410 617 70 15 avslutas
489 620 53 12 senast
550 617 32 15 den
591 617 16 15 31

142 640 31 20 maj
184 640 71 19 följande
265 640 21 15 år.
297 640 91 19 Riksdagen
398 639 32 15 kan
439 644 27 10 om
476 639 91 19 synnerliga
576 639 33 15 skäl

143 663 83 19 föreligger
232 662 73 19 förlänga
311 662 87 17 riksmötet,
404 662 42 15 dock
452 662 51 19 längst
508 661 23 15 till
537 661 31 15 och
573 661 37 15 med

142 685 31 15 den
183 685 16 15 15
205 684 40 20 juni.

164 707 91 19 Riksdagen
265 707 28 14 har
302 707 29 15 349
341 706 93 15 ledamöter.
445 706 116 15 Ledamöterna
571 705 39 19 väljs

142 729 51 15 direkt
204 729 26 15 vid
241 732 21 12 ett
272 729 42 15 enda
325 728 62 16 tillfälle
398 728 25 15 för
433 733 19 10 en
464 728 56 19 period
531 732 19 11 av
560 731 23 12 tre
594 728 16 15 år

142 751 87 19 (ordinarie
237 751 36 18 val).

163 774 24 15 Av
198 773 87 15 mandaten
296 774 17 14 är
323 773 29 15 310
363 773 41 15 fasta
415 772 142 18 valkretsmandat,
568 772 42 15 vilka

143 796 69 15 fördelas
220 796 58 15 mellan
286 795 59 20 partier
351 796 20 18 på
379 795 78 19 grundval
465 799 19 11 av
492 795 107 15 valresultatet
606 794 4 15 i

143 818 42 19 varje
195 818 73 15 valkrets.
280 818 63 15 Antalet
354 817 41 15 fasta
406 817 136 15 valkretsmandat
553 817 3 15 i
568 817 42 19 varje

142 840 68 16 valkrets
218 840 85 15 fastställes
311 840 25 15 för
343 842 22 13 tre
373 840 17 15 år
398 839 4 15 i
410 840 59 15 sänder
476 840 20 18 på
504 839 78 19 grundval
591 844 19 10 av

142 868 19 10 en
171 862 88 20 beräkning
268 867 19 10 av
297 862 108 15 förhållandet
414 862 59 15 mellan
482 861 60 15 antalet
551 861 59 15 röstbe-

143 885 76 19 rättigade
231 885 4 14 i
248 885 88 15 valkretsen
348 884 30 15 och
391 884 59 15 antalet
462 883 132 20 röstberättigade
606 883 3 15 i

143 907 35 15 hela
186 907 38 15 riket
231 907 49 19 enligt
288 908 72 13 närmare
367 906 100 15 föreskrifter
474 906 4 15 i
485 906 78 19 vallagen.

163 926 59 22 Övriga
233 929 66 15 mandat
309 930 17 14 är
336 928 171 20 utjämningsmandat,
518 928 43 15 vilka
571 928 39 15 först

143 952 69 15 fördelas
220 952 58 14 mellan
286 951 58 19 partier
351 951 21 19 på
379 951 78 19 grundval
465 955 19 11 av
492 950 107 16 valresultatet
606 950 4 15 i

142 974 36 15 hela
186 974 38 15 riket
231 974 31 15 och
269 973 69 15 därefter
345 973 67 15 tillföres
419 973 92 15 valkretsar.

164 997 30 14 För
199 996 43 19 varje
249 996 65 15 mandat
321 1000 34 11 som
362 995 40 19 parti
409 995 29 15 fått
444 998 42 12 utses
493 995 3 15 i
503 995 107 15 vederböran-

142 1018 20 15 de
168 1018 68 15 valkrets
241 1023 19 10 en
267 1018 144 19 riksdagsledamot
417 1017 48 19 enligt
471 1017 99 15 föreskrifter
575 1022 35 10 som

143 1041 81 15 meddelas
232 1040 4 15 i
244 1040 77 19 vallagen.

164 1063 39 15 Parti
210 1067 35 11 som
252 1062 28 15 har
286 1062 28 15 fått
320 1062 62 15 mindre
389 1063 20 14 än
415 1062 35 19 fyra
456 1065 67 16 procent
529 1066 19 10 av
554 1062 56 15 röster-

143 1090 20 10 na
173 1085 24 15 får
206 1085 32 15 inte
248 1085 43 15 delta
301 1084 3 15 i
315 1084 186 19 mandatfördelningen.
513 1084 56 15 Partiet
579 1084 31 15 kan

142 1107 42 15 dock
192 1107 16 15 få
216 1107 66 15 mandat
290 1107 4 15 i
302 1107 68 15 valkrets
378 1107 30 14 där
415 1106 26 15 det
449 1106 29 15 har
485 1106 29 15 fått
522 1106 48 15 minst
578 1106 32 15 tolv

143 1132 66 17 procent
216 1134 19 10 av
243 1130 75 14 rösterna.

164 1151 215 20 Riksdagsmannauppdrag
396 1151 31 15 kan
444 1152 57 14 utövas
518 1151 56 15 endast
591 1155 19 10 av

142 1174 57 15 svensk
209 1174 110 19 medborgare,
329 1178 34 10 som
374 1174 17 14 är
400 1173 66 19 myndig
475 1173 30 15 och
515 1176 82 16 upptagen
607 1173 3 14 i

143 1196 81 19 röstlängd
232 1196 52 15 såsom
293 1195 126 20 röstberättige
401 1191 21 29 d.

163 1219 87 14 Allmänna
258 1218 25 15 val
291 1218 40 19 ägde
339 1221 53 12 senast
400 1222 34 11 rum
445 1218 37 15 1979
490 1217 30 16 och
528 1218 49 18 avsåg
585 1222 25 14 pe-

143 1241 55 15 rioden
209 1241 103 15 1979—1982.

164 1263 103 15 Beträffande
280 1262 153 20 riksdagsledamots
445 1262 87 19 ersättning
544 1262 29 15 har
585 1262 26 15 be-

143 1285 98 16 stämmelser
251 1288 53 12 senast
314 1285 46 19 givits
371 1285 4 14 i
386 1284 153 20 ersättningsstadga
550 1284 31 15 den
594 1284 16 15 17

143 1308 33 15 dec.
189 1308 34 14 1971
235 1308 26 18 (nr
273 1308 44 16 1197;
327 1307 79 18 omtryckt
418 1307 45 15 1980:
470 1307 36 18 870)
516 1306 25 15 för
551 1306 60 15 riksda-

142 1334 39 14 gens
189 1329 88 15 ledamöter
284 1329 69 18 (ändrad
361 1331 53 12 senast
424 1329 44 14 1980:
476 1329 40 18 870).
526 1328 85 19 Riksdags-

143 1351 70 16 ledamot
223 1350 68 20 åtnjuter
300 1350 60 16 arvode
370 1350 35 15 från
415 1350 30 15 och
455 1350 37 15 med
502 1350 80 19 ingången
592 1355 19 10 av

143 1374 30 15 den
181 1374 65 17 månad,
254 1374 20 14 då
281 1373 32 15 han
320 1373 39 15 skall
367 1376 15 12 ta
390 1373 41 19 plats
438 1373 4 15 i
450 1373 90 19 riksdagen,
548 1372 42 16 dock
597 1372 14 19 ej

143 1396 25 15 för
174 1396 22 15 tid
203 1396 50 15 innan
261 1396 30 14 han
299 1395 44 15 blivit
350 1395 77 18 ledamot,
434 1395 23 15 till
464 1395 30 15 och
502 1395 36 15 med
545 1395 66 19 utgång-

143 1423 19 11 en
170 1423 19 10 av
197 1418 31 15 den
236 1418 65 17 månad,
309 1418 21 15 då
338 1417 225 20 riksdagsmannauppdraget
571 1422 40 14 upp-

143 1441 33 15 hör.
185 1440 65 16 Arvode
259 1441 44 19 utgår
312 1440 36 15 med
356 1440 61 19 belopp
426 1440 25 15 för
459 1440 60 15 månad
527 1444 35 11 som
571 1442 40 13 mot-

143 1468 53 10 svarar
206 1463 22 15 tio
238 1463 91 15 tolftedelar
339 1467 19 10 av
368 1462 49 15 lönen
427 1462 23 15 till
461 1462 135 19 statstjänsteman
607 1462 3 15 i

143 1485 80 15 löneklass
232 1486 11 14 F
250 1485 23 15 25.
282 1485 56 15 Därtill
346 1485 98 15 tillkommer
451 1489 19 10 en
478 1484 133 15 kostnadsersätt-

143 1507 38 19 ning
189 1512 34 10 som
232 1507 44 19 utgår
285 1507 35 15 med
329 1507 60 18 belopp
397 1506 114 15 motsvarande
519 1506 25 15 för
552 1506 17 15 år
577 1506 34 15 räk-

143 1532 27 12 nat
176 1530 19 14 70
201 1530 14 14 26
221 1534 19 10 av
247 1529 26 15 det
279 1529 26 15 vid
312 1529 40 15 årets
358 1529 60 19 ingång
424 1528 75 19 gällande
505 1528 106 19 basbeloppet

143 1551 48 19 enligt
198 1552 45 18 lagen
251 1556 26 10 om
285 1551 59 15 allmän
352 1550 95 19 försäkring.
455 1551 44 14 Båda
506 1551 81 18 beloppen
595 1551 17 14 är

142 1573 154 19 beskattningsbara.
306 1573 29 15 Till
346 1573 71 15 ledamot
427 1577 35 11 som
472 1572 14 19 ej
496 1573 17 14 är
522 1572 89 19 berättigad

143 1596 22 15 till
172 1596 105 14 traktamente
283 1596 45 18 utgår
335 1594 166 20 kostnadsersättning
508 1595 36 14 med
551 1595 60 18 belopp

143 1622 34 11 som
184 1620 88 13 motsvarar
277 1618 31 14 helt
314 1617 95 19 basbelopp.
414 1617 113 15 Traktamente
533 1617 45 19 utgår
583 1621 28 11 un-

143 1640 28 15 der
177 1640 28 17 tid,
213 1640 20 14 då
241 1640 76 15 riksmöte
324 1640 54 18 pågår,
386 1639 37 15 med
430 1639 60 19 belopp
498 1639 114 15 motsvarande

143 1662 45 15 2910
194 1662 17 15 kr
218 1662 24 15 för
249 1662 59 15 månad
315 1662 22 15 till
344 1661 145 19 riksdagsledamot
495 1666 34 10 som
536 1662 17 14 är
559 1661 53 15 bosatt

143 1684 65 15 utanför
216 1687 20 12 ett
244 1684 72 18 område,
325 1688 34 11 som
368 1684 86 19 begränsas
462 1688 20 10 av
490 1688 19 10 en
518 1683 48 15 cirkel
575 1683 36 15 med

143 1707 19 14 70
169 1706 26 15 km
202 1706 44 15 radie
253 1706 30 15 och
290 1706 37 15 med
334 1706 119 19 riksdagshuset
460 1710 34 11 som
502 1706 109 19 medelpunkt.

143 1728 150 19 Riksdagsledamot
304 1729 36 18 äger
350 1728 20 18 på
381 1727 27 15 det
418 1727 91 15 allmännas
519 1727 90 15 bekostnad

142 1750 71 19 företaga
220 1755 47 10 resor.
275 1750 151 19 Riksdagsledamot
433 1750 17 14 är
456 1750 20 18 på
483 1749 94 19 riksdagens
583 1749 26 15 be-

142 1773 68 15 kostnad
217 1772 165 19 grupplivförsäkrad.

620 1804 22 17 39

755 375 92 15 Utskottens
856 375 99 16 ordförande
964 376 30 15 och
1004 376 34 15 vice
1047 375 99 16 ordförande
1155 376 46 15 redo-

733 397 47 18 visas,
788 397 70 15 förutom
867 397 4 15 i
879 398 120 15 nedanstående
1007 398 102 19 förteckning
1117 399 38 14 över
1163 398 37 15 riks-

733 419 60 20 dagens
802 420 92 18 ledamöter,
903 421 40 14 även
952 420 51 15 under
1011 420 35 15 avd.
1055 425 18 10 nr
1081 420 14 16 8.
1104 420 96 16 Statskalen-

733 442 39 15 dern
779 442 82 15 redovisar
867 442 110 16 ledamöterna
985 442 3 15 i
996 443 31 15 den
1035 442 119 20 ordningsföljd
1162 442 3 16 i
1173 443 27 15 vil-

733 464 30 15 ken
774 464 20 15 de
804 465 17 14 är
830 467 83 17 upptagna
923 465 4 15 i
937 465 31 15 den
979 470 19 10 av
1009 465 85 19 riksdagen
1104 465 96 19 upprättade

733 486 126 20 förteckningen.
867 483 85 19 Årssiffror
959 487 44 15 inom
1010 490 74 16 parentes
1090 487 87 16 betecknar
1183 487 17 16 ti-

733 509 54 19 digare
794 509 112 19 ledamotskap
913 514 19 10 av
939 509 85 20 riksdagen
1031 510 35 18 (FK
1077 517 13 5 =
1100 510 49 15 första
1157 510 43 15 kam-

733 536 60 13 maren,
801 532 30 14 AK
841 539 13 4 =
865 531 50 16 andra
923 532 98 18 kammaren,
1030 532 13 15 R
1054 539 12 5 =
1077 532 96 19 riksdagen).

734 578 137 18 Partiställningen
878 578 4 14 i
890 578 82 19 riksdagen

733 608 48 19 (fasta
788 609 73 18 mandat)

1005 635 48 14 Antal
1061 634 88 15 ledamöter

942 652 52 29 Män
1044 656 74 15 Kvinnor
1131 656 53 15 Totalt

654 679 173 15 Socialdemokratiska
835 679 78 19 riksdags-

674 706 72 14 gruppen
956 701 27 14 112
1042 701 19 14 42
1134 701 27 14 154

655 724 84 15 Moderata
747 723 134 19 samlingspartiet
964 723 18 15 57
1045 723 17 15 16
1142 723 18 15 173

644 742 126 27 Centerpartiet
964 746 20 14 44
1032 741 30 28 20
1141 745 20 15 64

645 764 107 29 Folkpartiet
964 768 19 15 29
1053 768 9 15 9
1142 768 18 15 38

655 791 123 19 Vänsterpartiet
786 790 137 16 kommunisterna
967 791 16 14 15
1053 790 8 15 3
1142 790 19 15 20

655 828 90 19 Riksdagen
753 828 45 15 totalt
953 826 29 15 257
1042 826 19 15 92
1131 826 29 15 349

734 870 97 15 Procentuell
843 870 88 18 fördelning
943 874 17 10 av
972 870 78 18 kvinnliga
1063 870 85 14 ledamöter
1160 869 41 15 inom

734 893 77 19 partierna

1035 928 55 29 Antal
1132 932 67 15 Procent

655 955 172 15 Socialdemokratiska
835 954 78 20 riksdags-

674 967 72 33 gruppen
1038 967 14 33 42
1132 977 34 17 27,3

655 1000 84 15 Moderata
747 999 134 19 samlingspartiet
1045 999 17 15 16
1131 999 35 17 21,9

642 1017 128 30 Centerpartiet
1043 1021 19 15 20
1131 1021 35 17 313

644 1040 108 27 Folkpartiet
1053 1044 9 14 9
1132 1043 34 18 23,7

654 1066 124 19 Vänsterpartiet
786 1066 137 15 kommunisterna
1053 1066 8 14 5
1132 1065 35 18 25,0

656 1100 91 19 Riksdagen
754 1101 46 14 totalt
1040 1097 22 28 922
1132 1101 36 18 26,4

654 1181 26 23 7a

736 1183 150 21 Kammarens
897 1182 127 21 ledamöter

732 1232 65 15 Talman

655 1255 85 18 Bengtsson
747 1254 37 15 Sten
793 1254 45 15 Bertil
847 1254 89 19 Ingemund,
946 1254 22 17 19,
976 1254 18 14 79
1002 1258 6 10 s

734 1298 52 14 Förste
793 1298 31 14 vice
831 1297 59 15 talman

653 1320 87 14 Troedsson
748 1319 79 18 Ingegerd,
834 1319 24 17 29,
866 1319 19 14 79
892 1323 16 10 m

734 1362 51 14 Andre
791 1362 32 14 vice
830 1361 58 15 talman

655 1384 66 15 Larsson
729 1384 37 15 Lars
772 1384 81 17 Thorsten,
863 1384 22 17 13,
892 1384 19 14 79
919 1388 8 10 c

733 1427 55 18 Tredje
794 1427 32 14 vice
832 1426 59 15 talman

655 1449 73 15 Eriksson
736 1449 37 15 Karl
781 1449 42 17 Erik,
831 1449 24 17 25,
863 1449 19 14 76
889 1448 17 19 fp

654 1497 28 22 7b

654 1548 54 14 Palme
714 1547 41 15 Sven
762 1548 40 14 Olof
807 1547 73 15 Joachim
886 1548 25 14 JK
918 1547 17 15 fd
942 1547 119 18 Statsminister,
1068 1547 24 18 27,
1099 1547 34 18 (FK
1141 1547 59 15 58—68

675 1570 30 14 AK
712 1570 67 18 69—70)
787 1570 16 14 71
813 1569 107 19 (Stockholm)
928 1574 6 10 s

655 1592 69 15 Bohman
736 1592 22 15 Bo
769 1592 49 15 Gösta
828 1592 25 15 JK
864 1592 76 17 Statsråd,
953 1592 22 17 11,
986 1592 38 18 (AK
1036 1592 60 14 58—69
1107 1592 28 14 FK
1145 1591 26 19 70)
1182 1591 16 15 71

674 1614 108 19 (Stockholm)
790 1619 14 10 m

655 1637 83 15 Hernelius
743 1637 42 15 John
792 1637 46 14 Allan
844 1637 24 14 JK
876 1636 153 19 Bankofullmäktig,
1039 1637 21 17 11,
1067 1636 35 18 (FK
1108 1636 68 18 62—70)
1182 1636 16 15 71

674 1659 108 18 (Stockholm)
790 1659 45 15 UU:s
843 1658 41 16 ordf.
892 1663 14 10 m

655 1682 78 14 Lindkvist
740 1681 54 15 Oskar
800 1681 69 15 William
876 1681 81 19 Org.chef,
964 1681 25 18 21,
996 1681 37 18 (AK
1040 1681 62 15 61—64
1108 1681 67 18 66—70)
1182 1681 17 14 71

674 1703 108 19 (Stockholm)
789 1708 7 11 s

655 1726 105 15 Hermansson
767 1726 107 15 Carl-Henrik
881 1726 30 15 PM
919 1725 16 16 fd
943 1725 81 18 Chefred.,
1034 1726 22 17 17,
1063 1726 38 18 (AK
1108 1725 67 19 63—70)
1182 1725 17 15 71

674 1748 108 19 (Stockholm)
796 1748 125 19 Vänsterpartiet
934 1748 147 15 kommunisternas
1094 1748 107 19 gruppledare

675 1771 31 15 vok

734 1503 116 17 Stockholms
858 1502 98 17 kommuns
965 1502 78 17 valkrets
