1070 1572
455 42 115 23 Riksdagen.

843 41 129 24 [142—143]

57 172 59 25 [142]

74 211 48 35 V.
172 209 287 48 Riksdagen,
491 209 109 38 dess
632 209 325 38 Ombudsmän

386 264 88 37 och
505 264 138 37 Verk.

207 342 143 27 Riksdagen.

74 384 66 16 Lagtima
153 384 58 16 riksdag
223 384 53 16 skall,
265 374 14 33 i
289 384 39 13 kraft
341 388 19 9 av
372 384 45 13 rikets
430 384 77 16 regerings-

55 402 42 16 form,
109 402 108 13 sammanträda
228 402 41 16 varje
280 402 16 13 år
307 402 27 13 den
348 406 16 9 10
376 402 56 17 januari
438 402 38 16 eller,
483 406 24 9 om

56 420 60 16 helgdag
123 420 19 13 då
149 420 72 16 inträffar,
228 421 46 15 dagen
282 420 67 13 därefter.

74 439 49 12 Första
135 438 85 13 kammarens
232 438 72 13 ledamöter
315 439 25 12 äro
352 441 26 13 150
389 438 27 13 och
428 438 46 16 väljas
485 438 22 13 för

56 456 32 13 åtta
98 456 20 16 år,
127 456 64 13 räknade
200 456 32 13 från
242 456 27 13 och
278 456 33 13 med
320 456 58 16 januari
386 456 60 13 månads
456 456 50 16 början

56 474 30 13 året
96 475 33 12 näst
138 474 36 13 efter
184 474 29 15 det,
223 474 45 13 under
277 474 45 13 vilket
331 474 40 12 valet
380 474 43 16 skett,
431 478 18 9 av
460 474 46 13 lands-

56 492 56 15 tingens
121 492 79 12 ledamöter
208 492 27 12 och
244 492 57 12 särskilt
310 492 61 12 utsedda
380 492 70 13 elektorer
458 492 22 12 för
489 492 18 13 de

55 510 54 15 städer,
118 513 31 9 som
157 510 13 16 ej
180 510 58 15 deltaga
246 509 5 13 i
260 510 77 15 landsting.
356 510 27 12 För
392 510 24 13 val
426 510 21 12 till
456 510 51 13 Första

56 528 82 12 kammaren
147 529 15 11 är
170 527 37 13 riket
215 527 54 13 indelat
277 527 5 13 i
291 531 15 12 19
315 527 85 14 valkretsar.
416 528 91 12 Stockholms

55 545 33 13 stad
97 546 26 12 och
132 545 79 16 Göteborgs
219 545 33 13 stad
260 547 52 14 utgöra
320 549 26 9 var
354 545 22 13 för
384 545 21 16 sig
413 549 17 9 en
439 546 67 12 valkrets.

56 564 51 12 Annan
117 563 36 16 stad,
163 567 31 9 som
203 563 13 16 ej
226 563 63 16 deltager
298 563 4 13 i
311 563 76 16 landsting,
398 563 48 13 tillhör
452 567 55 9 samma

56 581 63 13 valkrets
130 585 31 9 som
172 582 25 12 det
209 581 142 16 landstingsområde,
363 581 32 13 vari
405 582 51 12 staden
467 582 50 12 förut
506 570 14 34 |

55 599 52 16 ingått.
129 599 41 13 Flera
182 599 148 16 landstingsområden
342 599 49 13 kunna
403 600 104 13 sammanföras

55 617 5 13 i
73 621 18 9 en
104 617 68 16 valkrets;
185 621 33 9 men
231 617 13 16 ej
258 617 24 13 må
295 617 138 16 landstingsområde
446 617 39 14 delas
499 617 8 13 å

55 635 46 13 skilda
113 635 85 13 valkretsar.
219 635 92 16 Indelningen
322 635 5 13 i
338 635 81 13 valkretsar
429 635 78 13 innehålles

55 653 5 13 i
71 653 69 16 vallagen.
161 653 28 13 För
200 653 40 16 varje
251 653 63 13 valkrets
325 653 45 16 väljes
381 653 36 13 efter
428 653 79 16 folkmäng-

55 671 28 13 den
94 671 39 13 inom
144 671 32 13 dess
187 671 59 13 område
257 675 17 9 en
286 671 98 15 riksdagsman
396 671 22 13 för
430 672 32 12 vart
473 671 33 13 fullt

56 689 24 15 tal,
88 689 101 13 motsvarande
197 689 29 15 '/1so
233 693 18 9 av
257 689 45 13 rikets
307 689 88 16 folkmängd.
405 689 102 13 Valkretsarna

54 707 55 13 indelas
116 707 5 12 i
128 707 31 13 åtta
166 710 67 13 grupper,
240 707 47 13 vilken
295 707 73 16 indelning
374 707 78 13 fastställes
465 707 5 13 i
477 707 30 13 val-

55 724 46 16 lagen.
119 725 42 16 Varje
170 725 15 13 år
194 725 45 13 under
247 725 80 16 september
335 725 54 13 månad
397 725 36 13 skall
441 725 39 13 inom
489 729 17 9 en

55 746 19 10 av
82 743 63 13 nämnda
154 746 61 13 grupper
223 743 69 13 förrättas
301 743 24 13 val
333 743 22 13 för
364 743 96 16 nästföljande
469 743 37 13 åtta-

55 760 77 17 årsperiod.
155 761 29 12 Det
197 760 41 13 antal
250 761 99 15 riksdagsmän
362 761 18 13 de
393 761 70 13 särskilda
477 761 29 13 val-

55 779 74 12 kretsarna
143 778 41 13 skola
198 780 32 11 utse
245 779 86 12 bestämmes
345 779 45 15 enligt
405 779 102 13 ovannämnda

54 800 42 9 norm
110 800 19 9 av
141 796 79 16 Konungen
231 798 33 11 vart
276 800 29 9 10:e
316 796 15 13 år
343 796 25 16 (K.
378 797 44 15 kung.
433 797 50 12 härom
489 796 17 16 ?/s

56 814 46 16 1924).
124 814 70 13 Ledamot
207 818 19 9 av
239 814 51 13 Första
302 814 88 16 kammaren,
404 818 31 9 som
447 814 31 13 icke
491 816 16 11 är

54 832 50 13 bosatt
112 832 9 13 å
129 833 27 15 ort,
165 832 26 13 där
200 832 57 16 riksdag
266 832 47 16 hålles,
323 832 65 16 åtnjuter
396 836 19 9 av
423 833 84 12 statsmedel

54 850 93 13 resekostnad
158 850 22 12 till
191 850 27 13 och
228 850 33 13 från
271 850 76 16 riksdagen
358 852 38 11 samt
407 850 5 13 i
423 850 83 16 dagtrakta-

54 869 49 11 mente
116 871 16 12 32
145 868 27 16 kr.,
185 867 45 13 vilket
242 868 126 15 dagtraktamente
381 868 12 16 ej
406 868 22 13 får
435 868 72 16 överstiga

55 885 95 16 sammanlagt
161 889 41 12 4,500
213 886 23 13 kr.
255 886 52 12 Annan
319 886 63 13 ledamot
393 890 19 9 av
423 886 83 13 kammaren

54 903 53 13 undfår
114 904 4 12 i
125 904 127 15 dagtraktamente
259 907 17 13 24
283 904 27 15 kr.,
317 904 37 12 dock
361 904 96 16 sammanlagt
464 904 42 16 högst

55 925 40 12 3,400
105 921 22 13 kr.
144 921 76 16 Därjämte
229 923 33 14 äger
270 922 104 15 riksdagsman,
384 926 31 8 som
423 922 46 13 under
477 922 29 16 lag-

55 939 36 13 tima
100 939 58 16 riksdag
167 939 37 13 efter
213 939 63 16 beviljad
286 939 62 16 ledighet
358 940 60 12 besöker
427 940 78 15 hemorten,

55 958 22 12 att
86 961 19 9 av
114 957 83 13 statsmedel
206 957 44 13 undfå
259 957 80 16 ersättning
347 957 23 13 för
378 958 45 12 därav
432 958 74 12 föranledd

54 975 97 15 resekostnad,
165 975 38 12 dock
216 975 22 12 för
251 975 42 15 högst
307 979 7 8 2
328 979 38 8 resor
379 975 38 12 fram
430 976 26 12 och
470 975 36 13 åter.

55 992 62 12 Valbara
129 993 25 12 äro
166 993 34 11 män
212 992 26 13 och
251 992 61 13 kvinnor
324 996 31 9 som
366 992 33 16 fyllt
412 995 16 13 35
441 992 16 13 år
468 994 38 11 samt

54 1010 27 15 äga
91 1010 27 13 och
128 1010 44 13 minst
182 1014 8 12 3
201 1010 15 13 år
226 1010 30 13 före
266 1010 39 13 valet
315 1011 25 15 ägt
347 1010 72 16 fastighet,
428 1010 78 16 taxerings-

54 1028 71 13 värderad
134 1028 21 12 till
164 1028 87 13 åtminstone
260 1031 49 13 50,000
318 1028 22 13 kr.
348 1028 34 13 eller
390 1028 27 13 ock
426 1028 22 13 till
458 1030 48 11 staten

54 1046 49 12 skatta
115 1047 38 11 samt
164 1046 46 12 under
221 1046 44 15 sagda
277 1046 21 13 tid
310 1046 56 13 skattat
377 1046 23 13 för
411 1046 63 13 inkomst
486 1050 19 9 av

55 1063 45 13 minst
110 1067 41 12 3,000
160 1064 58 12 kronor.

71 1087 50 13 Andra
128 1087 87 13 kammarens
223 1087 71 13 ledamöter
302 1088 25 12 äro
336 1091 31 12 230,
376 1087 43 13 valda
427 1087 22 13 för
457 1091 18 9 en
483 1087 22 13 tid

53 1108 19 9 av
80 1105 33 16 fyra
121 1105 8 12 år,
150 1105 64 13 räknade
221 1105 33 13 från
263 1105 26 13 och
298 1105 32 13 med
339 1105 57 16 januari
404 1105 60 13 månads
473 1106 32 12 bör-

53 1123 24 15 jan
88 1122 31 13 året
171 1123 37 12 efter
217 1123 29 15 det,
257 1123 45 13 under
312 1123 45 13 vilket
368 1123 38 13 valet
416 1124 44 12 skett.
476 1123 28 13 För

53 1140 41 13 dessa
100 1140 24 13 val
122 1136 20 26 är
151 1140 37 13 riket
194 1140 54 13 indelat
254 1140 4 13 i
265 1141 17 12 28
288 1140 85 16 valkretsar,
379 1144 31 9 som
416 1141 38 16 välja
460 1141 44 13 minst

54 1162 7 12 3
66 1158 99 16 riksdagsmän
170 1162 32 9 var.
216 1158 43 16 Varje
265 1158 62 13 valkrets
333 1158 36 13 skall
374 1158 42 14 alltså
422 1159 18 13 ha
446 1163 17 8 en
468 1159 36 13 folk-

53 1176 57 16 mängd,
121 1180 30 9 som
162 1176 4 13 i
176 1176 38 16 regel
223 1178 43 14 utgör
275 1175 30 16 3/23.
315 1180 18 9 av
343 1176 45 13 rikets
397 1177 107 13 invånarantal.

53 1194 51 12 Rikets
119 1194 72 16 indelning
206 1194 5 12 i
226 1194 80 13 valkretsar
321 1194 77 18 innehålles
414 1194 4 13 i
434 1194 70 16 vallagen.

53 1211 43 16 Varje
106 1211 23 13 län
139 1213 42 14 utgör
190 1215 18 9 en
218 1212 67 15 valkrets,
296 1213 41 12 utom
348 1212 77 16 Älvsborgs
435 1212 27 16 län,
473 1216 31 9 som

52 1230 16 12 är
81 1229 39 13 delat
133 1229 4 13 i
150 1233 7 9 2
171 1230 61 15 kretsar,
245 1230 71 16 varjämte
328 1230 64 16 följande
405 1230 48 13 städer
465 1230 39 13 bilda

52 1251 26 9 var
87 1247 21 13 sin
117 1247 68 13 valkrets:
195 1247 12 16 1)
217 1247 87 16 Stockholm,
314 1248 13 15 2)
337 1248 57 15 Malmö,
404 1248 99 16 Hälsingborg,

52 1265 94 13 Landskrona
152 1265 26 13 och
185 1265 46 16 Lund,
239 1265 12 16 3)
259 1265 77 16 Göteborg.
352 1266 29 12 Det
387 1265 40 13 antal
433 1266 71 16 riksdags-

52 1284 39 14 män,
100 1283 40 16 varje
149 1283 63 13 valkrets
221 1284 33 14 äger
263 1284 36 15 utse,
308 1283 78 13 fastställes
394 1283 22 13 för
421 1284 40 16 varje
466 1284 38 16 fyra-

52 1300 74 16 årsperiod
136 1304 18 9 av
164 1301 85 16 Konungen.

70 1319 50 12 Andra
130 1319 90 13 kammarens
230 1319 79 13 ledamöter
319 1319 58 16 åtnjuta
387 1323 55 9 samma
452 1320 52 12 ersätt-

52 1336 35 16 ning
99 1340 31 9 som
143 1337 51 12 Första
208 1336 94 14 kammarens.
315 1344 19 2 —
347 1337 57 13 Valrätt
418 1337 86 13 tillkommer

51 1358 44 9 envar
108 1354 51 13 svensk
168 1358 33 9 man
211 1355 26 12 och
246 1354 58 16 kvinna,
314 1358 31 10 som
353 1356 48 12 senast
410 1355 45 13 under
465 1356 39 12 näst-

52 1372 85 16 föregående
149 1372 84 13 kalenderår
245 1372 33 17 fyllt
290 1376 17 12 23
320 1373 20 16 år,
353 1373 37 13 dock
402 1373 13 16 ej
428 1373 32 16 den,
473 1377 31 9 som

52 1390 30 13 står
94 1390 46 13 under
151 1390 120 17 förmynderskap
283 1390 33 14 eller
328 1392 16 12 är
356 1391 5 12 i
370 1391 133 16 konkurstillstånd,

52 1408 13 16 ej
77 1408 44 13 heller
132 1408 32 16 den,
175 1412 31 9 som
213 1410 15 11 är
235 1412 19 9 av
261 1408 72 14 allmänna
340 1409 97 16 fattigvården
445 1409 59 13 omhän-

52 1426 68 16 dertagen
128 1426 22 13 för
158 1426 67 16 varaktig
232 1426 90 16 försörjning,
331 1426 33 13 eller
372 1427 32 15 den,
412 1431 31 9 som
451 1428 16 12 är
472 1427 31 13 från

52 1444 73 13 valrätten
135 1444 71 13 utesluten
217 1444 19 16 på
245 1445 47 15 grund
301 1448 19 9 av
330 1445 53 12 honom
393 1445 53 12 ådömd
456 1445 48 13 straff-

52 1461 60 17 påföljd,
122 1462 13 16 ej
143 1462 44 13 heller
196 1462 93 16 värnpliktig,
299 1466 31 9 som
339 1462 31 13 icke
379 1462 65 17 fullgjort
452 1463 17 13 de
478 1463 25 13 ho-

520 347 34 9 nom
569 344 10 12 t.
593 347 13 9 o.
617 347 18 9 m.
650 343 74 16 utgången
736 347 18 9 av
764 343 101 13 sistförflutna
875 342 99 14 kalenderåret

526 361 75 16 åliggande
614 361 157 16 värnpliktsövningar.
795 361 62 13 Valbara
868 362 25 12 äro
904 362 33 11 män
947 361 27 12 och

525 379 67 15 kvinnor,
599 383 30 9 som
637 380 26 15 äga
670 379 54 13 valrätt
730 379 39 13 inom
774 379 81 13 valkretsen
860 379 38 15 eller,
904 379 26 12 där
934 378 40 16 fråga

525 398 16 11 är
549 401 24 9 om
581 397 37 15 stad,
628 401 31 9 som
669 397 48 13 består
723 401 19 9 av
749 397 35 13 flera
791 397 85 16 valkretsar,
883 397 39 12 inom
927 396 47 16 någon

525 418 19 10 av
551 415 46 13 dessa.

543 433 28 12 Till
578 433 38 13 båda
624 433 76 13 kamrarna
708 433 24 13 ske
740 433 41 13 valen
790 433 32 13 med
830 432 109 17 proportionellt
944 432 31 14 val-

525 452 35 11 sätt.

543 468 76 13 Allmänna
628 468 24 13 val
661 468 22 13 till
691 469 49 12 Andra
749 469 82 13 kammaren
840 468 54 14 skedde
902 470 48 12 senast
960 469 15 13 år

526 490 39 12 1924,
575 486 38 13 vilka
622 486 24 13 val
654 486 37 16 gälla
699 487 22 12 för
729 487 67 16 perioden
806 487 94 16 1925—1928.

643 534 74 17 Första
731 533 120 18 kammaren.

663 570 114 18 Stockholms
788 571 47 17 stad.

606 599 124 22 (Mandattiden
743 600 48 23 utgår
803 600 18 17 år
836 600 57 22 1929.)

525 630 84 19 Klefbeck,
625 631 50 16 Ernst
688 632 64 18 Alarik,
766 632 76 20 Kyrkoh.
856 629 52 23 [713],
921 632 11 16 f.
947 632 27 18 66;

550 655 20 16 21
584 653 41 21 (adr.
639 653 110 21 Stockholm).

525 678 81 21 Trygger,
619 679 55 19 Ernst,
688 680 120 15 Univ.kansler
820 677 52 23 [716],
885 680 11 15 f.
910 678 27 20 57;
952 680 21 15 21

548 702 42 20 (adr.
603 701 110 22 Stockholm).

525 726 72 20 Lindley,
615 727 70 16 Charles
698 727 64 19 Gustaf,
776 728 27 16 Sv.
818 728 157 20 transportarbetar-

549 751 98 16 förbundets
666 752 141 19 förtroendeman,
827 752 11 15 f.
856 752 27 19 65;
897 752 21 15 21
932 749 42 22 (adr.

549 772 119 23 Äppelviken).

525 798 84 21 Berglund,
626 799 31 20 Jan
677 799 46 19 Erik,
743 800 64 15 Kassör
826 797 40 22 [88],
882 800 11 15 f.
911 800 27 18 64;
952 799 21 16 21

548 821 42 21 (adr.
603 821 91 21 Enskede).

525 845 81 19 Stendahl,
625 847 45 18 Sten,
691 847 110 15 Grosshandl.
818 844 51 23 [972],
885 847 12 16 f.
912 845 26 21 76;
952 847 21 15 21

548 868 42 21 (adr.
603 868 110 22 Stockholm).

525 893 87 21 Thorberg,
619 894 55 21 Johan
683 894 53 16 Arvid
743 895 79 20 Justinus,
830 895 144 20 Landsorganisa-

549 918 66 16 tionens
622 916 98 23 ordf.[501],
728 919 11 15 f.
748 917 26 20 77;
783 918 21 16 21
813 917 42 21 (adr.
863 917 110 21 Stockholm).

525 940 117 20 Hederstierna,
656 942 39 16 Carl
708 942 71 16 Fredrik
792 942 87 20 Wilhelm,
889 939 84 19 Överståt-

549 964 63 17 hållare
625 964 51 21 [474],
690 966 11 15 f.
715 966 27 18 61;
757 966 20 15 21
791 964 41 21 (adr.
847 964 109 21 Stockholm).

525 988 61 19 Lamm,
605 989 75 15 Herman
699 989 77 19 Fredrik,
790 989 117 20 Grosshandl.,
920 990 11 15 f.
945 989 28 19 53;

549 1013 20 15 21
583 1010 41 22 (adr.
638 1011 110 21 Stockholm).

524 1040 31 12 von
567 1035 65 21 Sydow,
650 1037 54 15 Adolf
721 1037 81 20 Hjalmar,
816 1037 42 15 Led.
872 1043 20 9 av
905 1037 68 16 Arbets-

548 1059 47 17 rådet
607 1058 39 22 [89],
660 1061 11 15 f.
685 1061 27 18 62;
726 1061 21 15 21
761 1059 41 21 (adr.
816 1059 110 21 Stockholm).

524 1083 95 21 Magnuson,
638 1084 41 16 Paul
698 1084 51 19 Knut,
769 1084 88 20 Fabrikör,
877 1085 11 15 f.
909 1083 27 21 76;
950 1085 22 15 24

547 1106 41 21 (adr.
602 1106 109 22 Stockholm).

523 1130 95 21 Ljunglund,
637 1132 79 15 Leonard
728 1132 76 15 Kristian
817 1132 73 19 Vinfrid,
903 1132 70 16 Huvud-

547 1155 79 16 redaktör
638 1153 52 23 [950],
704 1156 11 15 f.
729 1154 27 21 67;
771 1156 21 15 26
805 1153 41 22 (adr.
861 1154 110 22 Stockholm).

524 1199 127 25 [143—144]

570 1231 114 18 Stockholms
696 1232 32 17 län
740 1232 32 17 och
788 1232 83 21 Uppsala
883 1232 38 18 län.

602 1260 123 22 (Mandattiden
738 1261 49 22 utgår
799 1261 19 17 år
832 1261 57 22 1930.)

512 1281 2 29 |
518 1281 66 29 Möller,
597 1292 44 15 Fritz
655 1292 68 19 Gustav,
733 1290 66 21 (förutv.
809 1291 86 21 Statsråd),
906 1293 66 15 Redak-

546 1317 31 17 tör,
590 1316 11 15 f.
615 1316 27 18 84;
656 1316 22 16 22
690 1314 42 21 (adr.
746 1314 110 22 Stockholm).

522 1338 110 22 Lagerbjelke,
643 1340 55 20 Johan
711 1340 64 19 Gustaf,
786 1340 60 20 Greve,
855 1341 23 15 fd.
888 1339 86 22 Byråchef

546 1361 51 22 [211],
610 1364 12 15 f.
636 1364 27 19 60;
677 1364 22 16 22
712 1362 41 21 (adr.
767 1361 70 24 Älvsjö).

521 1386 118 20 Reuterskiöld,
658 1388 39 16 Carl
713 1388 67 21 Ludvig
792 1389 67 20 August
871 1388 48 19 Axel,
933 1389 38 15 Pro-

545 1412 54 15 fessor
611 1409 51 23 [717],
676 1412 10 16 f.
701 1410 27 21 70;
742 1412 21 16 22
776 1410 42 21 (adr.
832 1410 85 23 Uppsala).

522 1435 22 15 H.
558 1435 41 16 Exc.
611 1435 62 16 Ekman
686 1433 28 23 [sg],
733 1436 11 16 f.
765 1435 26 20 72;
812 1436 21 16 22
852 1434 42 22 (adr.
914 1436 58 16 Stock-

545 1457 58 22 holm).

495 1506 33 16 141
