1058 1564
434 33 115 40 Riksdagen.

31 203 62 26 [148]

889 32 61 35 [148]

49 243 41 34 V.
148 240 289 47 Riksdagen,
469 240 110 36 dess
611 239 326 37 Ombudsmän

363 294 89 36 och
483 293 139 37 Verk.

183 369 144 36 Riksdagen.
490 372 1 10 |

47 416 67 15 Lagtima
125 415 59 16 riksdag
196 415 43 15 skall,
250 414 4 13 i
266 414 40 13 kraft
319 418 18 9 av
348 414 46 13 rikets
406 414 78 16 regerings-

28 434 43 15 form,
81 433 110 14 sammanträda
201 433 41 16 varje
252 433 16 13 år
278 433 28 12 den
318 436 16 9 10
344 432 58 17 januari
411 432 40 16 eller,
461 436 23 9 om

29 452 61 16 helgdag
99 452 20 12 då
128 451 74 16 inträffar,
211 451 46 16 dagen
267 451 69 13 därefter.

47 470 50 13 Första
109 470 86 12 kammarens
206 469 74 13 ledamöter
291 470 26 12 äro
329 472 26 12 150
366 469 27 12 och

30 488 31 13 åtta
71 488 22 16 år,
102 488 64 12 räknade
174 487 33 13 från
217 488 27 12 och
254 487 33 13 med
296 486 59 17 januari
363 486 61 13 månads
434 486 58 16 början
482 478 8 32 |

29 506 31 13 året
69 507 34 12 näst
112 506 37 12 efter
157 506 30 15 det,
197 505 46 13 under
252 505 46 13 vilket
307 504 40 13 valet
356 505 45 15 skett,
410 508 18 9 av
438 500 54 17 lands-|

30 524 49 16 tingen
93 524 27 12 och
133 523 133 16 stadsfullmäktige
278 523 5 12 i
296 523 18 12 de
326 522 55 16 städer,
392 526 32 9 som
436 522 12 16 ej
456 522 29 13 del-

30 543 33 15 taga
75 542 5 12 i
96 541 78 16 landsting.
193 541 28 13 För
234 541 24 13 val
270 541 24 12 till
306 541 51 12 Första
372 541 84 12 kammaren
470 541 16 12 är

28 560 39 12 riket
80 560 55 12 indelat
149 559 5 13 i
169 563 15 12 19
198 559 86 13 valkretsar.
307 558 92 14 Stockholms
413 558 33 13 stad
458 558 27 13 och

29 578 82 15 Göteborgs
123 577 33 13 stad
169 578 52 20 utgöra
234 581 26 9 var
272 577 23 12 för
307 577 22 15 sig
341 580 17 9 en
369 576 70 13 valkrets.
457 576 28 13 An-

30 599 28 9 nan
71 596 40 15 stad,
124 599 31 9 som
168 595 12 16 ej
194 595 66 16 deltager
270 595 4 12 i
285 594 79 16 landsting,
372 594 50 13 tillhör
430 598 56 9 samma

30 613 64 13 valkrets
105 617 31 9 som
147 613 25 13 det
183 612 146 16 landstingsområde,
340 612 33 13 vari
383 612 52 20 staden
445 612 41 12 förut

29 631 53 16 ingått.
105 631 94 21 Indelningen
215 631 5 12 i
236 631 82 12 valkretsar
333 630 80 13 innehålles
418 622 22 34 i
456 630 30 12 val-

30 649 46 16 lagen.
93 649 29 13 För
137 649 40 16 varje
193 649 65 12 valkrets
273 648 46 16 väljes
335 648 37 13 efter
383 648 102 16 folkmängden

30 667 39 13 inom
84 667 32 13 dess
127 667 59 12 område
198 671 17 8 en
226 667 100 15 riksdagsman
338 666 23 12 för
372 667 33 12 vart
417 666 34 12 fullt
461 666 26 15 tal,

30 685 103 13 motsvarande
145 684 30 16 1/10
187 688 19 9 av
217 684 46 13 rikets
275 684 89 16 folkmängd.
383 683 103 14 Valkretsarna

29 703 56 13 indelas
93 703 4 12 i
105 703 32 13 åtta
145 706 67 13 grupper,
219 702 49 13 vilken
275 702 75 16 indelning
357 702 79 13 fastställes
444 702 4 12 i
456 702 30 12 val-

30 721 47 16 lagen.
92 721 43 16 Varje
144 721 16 13 år
169 721 46 12 under
222 720 83 17 september
313 720 53 13 månad
375 720 37 13 skall
420 720 40 13 inom
468 724 18 8 en

30 743 19 9 av
58 739 63 13 nämnda
129 742 63 13 grupper
200 739 70 12 förrättas
279 738 24 13 val
311 738 23 13 för
342 738 98 16 nästföljande
449 738 37 13 åtta-

30 757 79 16 årsperiod.
128 757 29 13 Det
171 757 41 12 antal
224 756 100 16 riksdagsmän
339 756 17 13 de
370 756 72 13 särskilda
456 756 30 12 val-

30 776 76 12 kretsarna
121 775 40 13 skola
176 776 32 12 utse
222 775 88 12 bestämmes
324 774 46 16 enligt
384 774 102 13 ovannämnda

31 797 41 9 norm
82 797 19 9 av
113 793 80 15 Konungen
204 794 33 11 vart
249 796 30 9 10:e
290 792 16 13 år
316 792 24 16 (K.
352 792 43 16 kung.
406 792 50 13 härom
463 791 23 16 12/6

32 811 46 16 1941).
97 810 64 13 Valbara
175 812 26 11 äro
214 811 4 12 i
230 811 112 12 kommunernas
356 810 74 13 allmänna
444 813 42 12 ange-

30 829 84 15 lägenheter
122 828 123 16 röstberättigade
254 830 34 11 män
298 829 27 12 och
335 828 68 16 kvinnor,
413 832 31 9 som
450 832 36 12 upp-

31 847 33 13 nått
74 850 17 12 35
102 846 23 13 års
135 846 44 13 ålder.

49 865 49 12 Andra
106 865 88 12 kammarens
201 864 73 13 ledamöter
282 865 25 12 äro
316 867 31 12 230,
356 863 43 13 valda
408 863 23 13 för
438 867 18 9 en
465 863 21 13 tid

31 886 19 9 av
58 883 32 15 fyra
99 883 21 15 år,
129 882 63 13 räknade
200 882 32 13 från
241 882 27 13 och
277 882 33 12 med
319 881 58 17 januari
384 881 61 13 månads
454 881 33 13 bör-

30 900 25 16 jan
66 901 31 12 året
107 901 34 12 näst
151 900 37 13 efter
197 900 30 15 det,
238 900 46 13 under
293 899 47 13 vilket
350 899 39 13 valet
399 899 44 13 skett.
459 899 28 13 För

30 918 42 13 dessa
80 918 24 13 val
101 909 22 31 är
120 918 50 13 riket
177 918 66 13 indelat
229 909 16 31 i
251 918 16 12 28
275 917 86 13 valkretsar.
374 917 29 13 För
409 917 40 16 varje
456 917 37 15 val-|

31 936 40 13 krets
76 937 46 12 väljes
128 936 38 13 efter
170 936 102 15 folkmängden
278 935 40 13 inom
324 935 33 13 dess
362 935 59 13 område
427 939 18 9 en
450 935 36 13 riks-

31 954 69 16 dagsman
106 954 58 13 förvart
169 954 34 13 fullt
208 953 26 16 tal,
238 952 136 16 metsvarande!/2so
379 953 67 13 avrikets
450 953 37 13 folk-

31 972 58 15 mängd.
106 972 51 12 Rikets
165 964 74 22 indelning
249 971 5 12 i
263 971 82 12 valkretsar
353 970 80 13 innehålles
442 970 5 13 i
457 970 30 13 val-

31 989 47 15 lagen.
91 989 43 15 Varje
141 989 24 12 län
172 990 43 14 utgör
222 992 17 9 en
247 988 69 15 valkrets,
324 990 40 11 utom
373 986 78 17 Älvsborgs
458 988 28 15 län,

31 1010 31 9 som
70 1008 17 11 är
94 1006 51 13 delat
133 997 12 32 i
154 1010 7 9 2
170 1006 62 16 kretsar,
239 1006 73 16 varjämte
319 1006 64 16 följande
391 1006 49 12 städer
447 1005 40 13 bilda

31 1028 27 9 var
65 1024 22 13 sin
96 1024 69 13 valkrets:
175 1024 12 16 1)
196 1024 90 16 Stockholm,
295 1024 13 16 2)
318 1024 58 15 Malmö,
385 1024 102 15 Hälsingborg,

32 1043 95 12 Landskrona
138 1043 27 12 och
177 1042 47 16 Lund,
237 1042 13 16 3)
263 1042 78 15 Göteborg.
358 1042 29 12 Det
399 1042 41 12 antal
450 1042 37 12 riks-

31 1061 75 15 dagsmän,
116 1060 40 16 varje
165 1060 65 13 valkrets
239 1061 34 15 äger
281 1061 38 14 utse,
328 1059 79 13 fastställes
416 1060 23 12 för
447 1059 41 16 varje

31 1078 106 16 fyraårsperiod
147 1082 19 9 av
174 1078 80 15 Konungen
264 1078 24 16 (K.
298 1078 44 15 kung.
351 1078 51 12 härom
408 1076 24 16 1?/s
442 1077 53 21 1944).
486 1069 14 33 |

32 1096 58 13 Valrätt
99 1096 89 13 tillkommer
197 1099 45 9 envar
250 1096 53 12 svensk
312 1099 34 9 man
355 1096 26 12 och
390 1095 60 16 kvinna,
457 1099 27 9 som
494 1089 1 30 |

31 1116 49 11 senast
89 1114 47 13 under
144 1114 119 16 nästföregående
269 1113 86 13 kalenderår
361 1113 33 16 fyllt
401 1117 17 17 23
425 1113 22 16 år,
447 1105 48 21 dock
484 1101 14 35 |

32 1132 13 15 ej
51 1132 33 15 den,
91 1135 31 9 som
128 1132 31 12 står
165 1132 46 12 under
216 1131 122 17 förmynderskap
343 1131 44 13 eller
384 1132 17 12 är
407 1131 5 13 i
418 1123 70 21 konkurs-

32 1142 72 23 tillstånd,
109 1150 13 15 ej
131 1149 45 13 heller
184 1150 33 15 den,
225 1153 31 9 som
265 1150 17 12 är
288 1153 18 9 av
311 1149 74 13 allmänna
390 1149 98 15 fattigvården

32 1167 124 16 omhändertagen
161 1167 23 13 för
188 1167 68 16 varaktig
260 1167 93 16 försörjning.
360 1166 63 14 Valbara
426 1168 26 11 äro
455 1168 33 11 män

32 1186 26 12 och
69 1185 69 16 kvinnor,
147 1189 31 9 som
188 1185 64 16 uppnått
263 1188 16 12 25
290 1185 24 13 års
324 1185 40 13 ålder
373 1186 39 11 samt
422 1186 27 12 äga
459 1185 30 12 val-

33 1204 31 12 rätt
73 1203 40 13 inom
124 1203 82 13 valkretsen
216 1203 41 16 eller,
266 1203 28 13 där
303 1203 41 15 fråga
354 1204 16 12 är
379 1207 24 9 om
413 1203 39 15 stad,
458 1206 31 9 som

33 1221 50 13 består
92 1225 19 9 av
121 1221 35 13 flera
166 1221 88 15 valkretsar,
263 1221 39 13 inom
312 1221 47 15 någon
370 1224 19 9 av
398 1221 47 12 dessa.

50 1238 93 14 Gemensamt
152 1239 23 13 för
184 1239 37 13 båda
231 1239 85 12 kamrarnas
324 1238 81 13 ledamöter
410 1238 51 16 gäller,
467 1239 22 11 att

32 1256 203 16 riksdagsmannabefattning
247 1257 28 12 kan
287 1258 52 12 utövas
348 1256 51 13 endast
409 1260 19 9 av
436 1255 60 14 svensk
485 1248 12 31 |

33 1274 99 16 medborgare.

51 1292 29 13 Till
94 1292 38 13 båda
146 1292 78 13 kamrarna
238 1292 25 13 ske
277 1292 42 13 valen
334 1292 32 13 med
378 1291 112 17 proportionellt

34 1310 61 13 valsätt.

51 1328 93 12 Beträffande
158 1328 99 15 ersättningen
271 1328 23 12 för
307 1327 183 16 riksdagsmannauppdra-

33 1347 31 14 gets
79 1345 91 16 fullgörande
186 1346 38 12 hava
240 1345 110 13 bestämmelser
363 1345 45 16 givits
421 1345 5 13 i
440 1348 17 9 en
472 1348 18 9 av

34 1363 80 16 Konungen
129 1364 27 12 och
170 1363 76 16 riksdagen
262 1363 16 13 år
294 1367 33 12 1941
344 1362 64 14 samfällt
424 1362 66 14 beslutad

33 1381 57 16 stadga.
110 1381 131 13 Bestämmelserna
255 1382 25 12 äro
294 1381 5 13 i
311 1381 57 16 princip
377 1380 83 14 utformade
470 1380 20 16 så,

33 1400 23 12 att
71 1399 54 13 arvode
139 1399 43 16 utgår
197 1399 50 13 endast
263 1399 8 13 å
285 1399 43 15 tider,
343 1399 19 13 då
377 1399 69 15 ärenden,
460 1402 31 9 som

35 1417 81 16 Konungen
131 1417 61 16 förelagt
206 1417 82 16 riksdagen,
303 1418 24 12 äro
342 1417 70 13 beroende
424 1417 19 16 på
457 1416 34 13 den-

35 1439 27 9 nas
76 1435 72 16 prövning
163 1435 34 13 eller
207 1435 19 13 då
236 1435 78 16 riksdagen
324 1435 42 16 eljest
375 1434 117 14 sammanträder

35 1453 24 13 för
74 1453 96 16 mottagande
184 1457 19 9 av
216 1453 96 13 meddelande
322 1453 45 16 enligt
376 1453 6 15 $
393 1453 18 15 56
419 1453 80 15 riksdags-'

499 372 81 16 ordningen
594 372 5 13 i
613 372 124 16 utrikespolitiskt
750 372 35 13 eller
794 373 46 12 annat
849 372 59 13 ärende.
926 372 28 12 Vid

500 390 60 16 lagtima
576 390 58 16 riksdag
649 390 37 13 skall
702 390 54 13 arvode
771 390 37 13 dock
824 390 35 15 utgå
874 390 23 12 för
910 390 45 12 minst

499 408 32 16 fyra
540 408 74 15 månader,
624 408 16 13 så
649 408 45 13 framt
703 408 13 16 ej
725 408 76 15 riksdagen
812 408 99 12 dessförinnan
918 411 37 13 upp-

499 426 41 13 löses.
565 426 64 13 Arvodet
643 426 45 13 under
704 426 61 16 lagtima
780 426 26 13 och
820 425 55 13 urtima
889 425 66 16 riksdags

500 444 64 13 faktiska
573 444 154 13 sammanträdestider
735 444 43 16 utgår
786 444 33 13 med
829 446 26 13 750
865 444 22 12 kr.
897 444 23 12 för
925 444 30 13 må-

500 462 29 13 nad
538 463 23 12 för
573 462 105 16 riksdagsman,
692 466 31 9 som
738 463 16 12 är
767 462 49 13 bosatt
828 462 5 12 i
842 462 112 15 riksdagsorten,

500 481 27 12 och
547 484 40 12 1,000
602 480 22 13 kr.
640 481 23 12 för
677 480 54 13 månad
746 480 23 13 för
785 483 47 9 annan
848 480 106 15 riksdagsman.

501 499 106 15 Riksdagsman
622 500 33 14 äger
668 498 19 16 på
699 498 26 13 det
737 498 81 13 allmännas
828 498 81 13 bekostnad
918 498 31 12 före

502 517 33 15 taga
550 520 39 9 resor
598 516 8 13 å
616 516 60 16 statliga
689 516 27 13 och
731 516 66 13 enskilda
810 516 83 16 järnvägar.
913 516 42 12 Riks-

501 534 74 16 dagsman,
586 538 31 9 som
627 535 16 12 är
652 534 49 13 bosatt
711 534 9 13 å
729 538 48 9 annan
787 535 23 12 ort
820 535 18 11 än
845 534 27 12 där
878 534 76 15 riksdagen

501 552 52 16 hålles,
567 553 34 15 äger
614 552 55 16 jämväl
682 552 26 13 vid
723 552 93 15 begagnande
828 555 19 9 av
859 553 45 11 annat
917 551 38 13 färd-

501 570 47 13 medel
557 571 18 12 än
585 570 4 13 i
599 570 46 13 första
659 570 58 16 stycket
729 571 40 14 sagts
778 570 19 15 på
806 570 25 12 det
840 569 82 13 allmännas
932 570 23 12 be-

501 588 63 13 kostnad
577 592 32 9 resa
623 588 25 13 till
658 588 27 13 och
698 588 32 12 från
740 588 76 15 riksdagen
826 589 38 11 samt
873 588 46 12 under
928 587 27 16 tid,

501 606 19 13 då
529 606 54 13 arvode
593 606 25 13 till
625 606 53 12 honom
687 606 48 15 utgår,
745 605 53 13 mellan
811 605 108 16 riksdagsorten
929 605 26 13 och

501 624 80 13 hemorten.

520 642 88 13 Kamrarnas
622 641 54 13 talmän
686 641 55 13 erhålla
750 641 46 13 under
805 641 27 15 tid,
842 641 19 13 då
870 641 54 13 arvode
934 640 22 13 till

501 660 33 12 dem
548 660 48 15 utgår,
610 659 173 16 representationsbidrag
796 659 33 13 med
844 662 40 12 1,000
898 659 22 12 kr.
934 659 22 12 för

501 677 58 16 månad,
573 677 38 13 dock
620 677 42 16 högst
670 677 34 13 med
714 680 41 13 5,000
764 677 22 12 kr.
796 677 46 13 under
850 678 22 11 ett
881 677 28 12 och
918 680 38 9 sam-

501 699 23 9 ma
534 695 89 13 kalenderår.

519 714 55 13 Genom
583 717 18 9 en
611 713 16 13 år
637 717 34 12 1941
681 713 74 16 företagen
765 712 62 16 ändring
836 712 5 13 i
843 703 8 30 $
848 713 30 15 30
884 712 73 16 riksdags-

501 732 79 15 ordningen
594 732 27 12 har
636 730 75 17 möjlighet
726 731 55 13 beretts
797 732 23 11 att
835 730 25 13 vid
875 730 33 16 krig
923 730 35 13 eller

502 750 69 15 krigsfara
581 749 80 17 uppskjuta
670 748 24 14 val
706 748 24 13 till
738 748 81 16 riksdagen,
829 748 41 13 såväl
880 748 23 13 till
911 748 46 13 första

501 771 31 10 som
542 768 44 12 andra
595 768 89 12 kammaren.
704 767 79 15 Konungen
796 767 27 13 och
832 766 76 16 riksdagen
918 767 39 12 hava

501 785 73 16 nämligen
593 785 86 16 berättigats
696 786 23 11 att
733 785 88 15 gemensamt
835 784 63 16 besluta,
914 785 23 12 att
952 784 5 13 i

501 804 64 12 nämnda
579 803 25 13 fall
618 803 24 13 val
656 803 23 13 till
691 803 76 15 riksdagen
782 802 42 16 skall,
838 806 23 9 om
875 802 25 13 det
910 802 47 13 finnes

501 821 115 16 oundgängligen
629 821 96 15 nödvändigt,
734 820 92 17 uppskjutas,
836 820 37 13 dock
883 820 42 16 högst
935 821 22 12 ett

502 839 16 13 år
526 846 19 3 —
554 839 62 13 beslutet
625 839 29 12 kan
663 838 81 14 emellertid
753 841 72 13 upprepas
835 844 17 3 —
861 838 33 13 från
901 838 25 12 det
932 841 26 9 va-

502 857 19 13 let
531 857 33 13 bort
574 858 25 15 äga
609 861 38 11 rum,
656 857 27 13 och
692 858 23 11 att
722 856 81 16 valperiod,
809 860 31 9 som
846 856 48 13 skolat
900 855 57 17 utlöpa,

501 875 72 16 förlänges
587 875 33 13 med
633 876 22 12 ett
667 874 21 13 år.
707 874 56 13 Härvid
772 874 23 13 må
805 874 49 13 tillika
863 874 94 15 bestämmas,

501 895 23 11 att
533 893 115 16 giltighetstiden
661 892 23 13 för
697 892 25 13 det
731 892 30 15 val,
769 896 32 9 som
810 893 34 14 äger
853 896 32 9 rum
895 892 4 12 i
908 891 50 13 stället

502 911 22 13 för
532 911 25 13 det
571 911 95 16 uppskjutna,
680 910 38 13 skall
731 910 73 13 förkortas
815 909 34 13 med
858 911 22 11 ett
890 909 21 13 år.
930 909 29 13 För

501 929 84 15 riksdagens
596 928 24 13 del
629 928 72 13 erfordras
710 928 80 13 emellertid
800 928 23 12 för
831 927 48 13 beslut
888 931 24 9 om
922 931 36 12 upp-

501 947 36 13 skov
551 950 19 9 av
583 946 24 13 val
621 947 26 12 och
661 946 91 16 förlängning
765 950 19 9 av
797 945 76 16 valperiod
886 945 45 13 minst
940 944 18 16 3/4

501 964 74 16 majoritet
588 964 5 13 i
607 964 60 13 vardera
680 964 89 12 kammaren.
787 964 28 12 Det
833 967 29 12 nya
871 963 87 15 stadgandet

501 986 24 8 om
534 981 92 16 förlängning
638 984 19 10 av
670 981 74 16 valperiod
758 980 56 13 medför
830 980 43 16 ingen
882 980 77 13 inskränk-

501 999 35 16 ning
545 999 5 13 i
561 999 86 16 Konungens
656 1000 30 12 rätt
696 1000 22 12 att
727 999 68 13 förordna
805 1002 24 9 om
840 1002 28 13 nya
878 997 29 14 val.

521 1017 77 13 Allmänna
607 1017 23 13 val
640 1017 23 13 till
671 1017 50 13 Andra
730 1017 85 13 kammaren
824 1017 54 12 skedde
886 1017 50 12 senast
943 1016 16 13 år

504 1039 40 13 1944,
553 1035 41 13 vilka
603 1035 25 13 val
637 1035 38 16 gälla
684 1035 23 13 för
716 1035 69 16 perioden
796 1034 96 16 1945—1948.

623 1088 74 17 Första
711 1087 121 18 kammaren.

643 1124 114 17 Stockholms
769 1124 47 17 stad.

585 1153 125 22 (Mandattiden
723 1153 49 22 utgår
784 1153 19 17 år
817 1153 58 21 1953.)

504 1184 60 19 Ström,
578 1185 40 16 Otto
627 1184 78 20 Fredrik,
715 1184 123 16 Skriftställare
846 1181 54 23 [851],
910 1184 10 15 f.
930 1183 28 19 80;

529 1209 22 16 46
564 1207 44 21 (adr.
621 1206 99 21 Ulvsunda).

504 1232 76 19 Ewerlöf,
593 1233 47 15 Knut
653 1232 83 19 Gerhard,
751 1232 83 15 Direktör
842 1229 53 22 [928],
910 1231 10 16 f.
930 1231 28 18 90;

529 1257 22 16 46
564 1255 43 21 (adr.
621 1254 111 21 Stockholm).

505 1279 65 19 Strand,
593 1280 43 16 Axel
657 1280 87 18 Wilhelm,
766 1278 193 22 Riksgäldsfullmäktig

529 1301 52 23 [211],
595 1304 11 15 f.
620 1303 28 19 93;
662 1304 22 16 46
698 1302 42 20 (adr.
754 1301 111 18 Stockholm).

505 1327 82 21 Bergvall,
597 1328 45 21 John
656 1327 77 19 Helmer,
747 1327 83 16 Direktör
839 1324 54 23 [195],
906 1326 11 16 f.
931 1326 28 17 92;

530 1352 22 15 46
564 1350 43 21 (adr.
621 1349 113 21 Stockholm).

506 1375 85 21 Branting,
609 1376 63 20 Georg,
690 1375 14 21 J.
724 1375 28 19 K.,
772 1374 84 19 Advokat,
870 1374 11 15 f.
895 1373 28 19 87;
937 1374 22 15 46

529 1398 43 20 (adr.
586 1397 112 21 Stockholm).

506 1422 98 19 Nordenson,
617 1423 70 19 Harald,
704 1422 82 16 Direktör
798 1419 52 23 [962],
870 1422 11 16 f.
895 1421 28 18 86;
937 1421 22 16 46

530 1446 42 20 (adr.
586 1445 111 21 Stockholm).

480 1495 33 16 223
