1078 1570
125 63 119 43 [142—144]
528 73 53 17 Riksd

284 165 47 35 V.
360 165 221 43 Riksdagen

156 174 55 26 [142]

583 78 52 17 lagen.

585 194 8 13 ,
620 165 91 34 dess
738 164 268 38 Ombudsmän

474 218 70 33 och
573 216 119 35 Verk.

283 298 133 27 Riksdagen.

580 327 1 9 |

142 337 67 15 Lagtima
222 337 57 16 riksdag
291 337 42 15 skall,
343 337 4 13 i
355 337 41 13 kraft
407 341 19 9 av
437 337 45 13 rikets
493 337 88 17 regerings-
572 327 8 31 |

124 353 43 15 form,
178 354 110 13 sammanträda
296 354 42 16 varje
347 355 16 12 år
372 354 27 13 den
410 357 16 10 10
434 354 59 17 januari
499 355 40 14 eller,
549 358 23 10 om

124 371 61 16 helgdag
194 371 18 13 då
220 371 74 15 inträffar,
303 371 46 17 dagen
359 371 68 14 därefter.

144 388 47 13 Första
204 388 85 13 kammarens
301 388 70 13 ledamöter
384 389 25 12 äro
422 392 25 12 150
459 388 27 13 och
497 388 46 16 väljas
552 388 21 13 för

124 405 32 12 åtta
168 406 15 12 år
196 405 64 13 räknade
269 405 31 13 från
309 406 27 12 och
344 405 33 13 med
385 406 58 15 januari
451 405 61 14 månads
520 405 51 16 början

124 423 31 12 året
164 422 32 13 näst
204 422 37 13 efter
250 422 28 15 det,
288 422 45 14 under
342 423 46 13 vilket
396 423 38 13 valet
444 423 43 14 skett,
496 427 18 8 av
527 423 46 12 lands-

125 440 57 14 tingens
189 439 80 13 ledamöter
278 440 26 12 och
312 440 59 13 särskilt
380 440 60 12 utsedda
449 440 72 13 elektorer
527 440 22 12 för
554 439 18 13 de

125 456 52 14 städer,
187 460 30 9 som
227 461 13 11 ej
251 457 56 15 deltaga
318 460 3 9 i
332 458 77 13 'andsting.
421 457 28 12 For
457 458 24 12 val
490 457 23 12 till
522 457 50 12 Första

124 472 85 13 kammaren
222 474 16 12 är
251 473 37 13 riket
301 473 56 13 indelat
366 474 5 12 i
379 473 86 14 valkretsar.
483 473 90 13 Stockholms

124 489 34 13 stad
164 490 27 12 och
200 490 80 14 Göteborgs
289 490 32 13 stad
331 491 50 16 utgöra
387 494 26 9 var
422 490 23 14 för
449 491 22 16 sig
479 494 18 9 en
504 490 68 13 valkrets.

125 507 53 12 Annan
187 507 39 16 stad,
234 511 31 9 som
273 507 13 16 ej
296 507 161 17 deltager
361 500 12 30 i
372 507 85 17 landsting,
462 508 49 13 tillhör
517 511 55 9 samma

124 524 65 13 valkrets
201 528 31 9 som
243 524 25 13 det
277 524 146 17 landstingsområde,
431 525 32 13 vari
473 525 51 13 staden
534 525 38 13 förut

123 541 54 16 ingått.
195 541 41 13 Flera
249 541 151 17 landstingsomraden
409 542 50 13 kunna
468 542 105 13 sammanföras

124 558 5 12 i
138 562 18 8 en
169 558 70 16 valkrets;
252 562 33 9 men
299 559 13 16 ej
326 560 23 12 må
362 559 141 16 landstingsområde
516 559 41 13 delas
568 559 4 13 i

124 574 47 14 skilda
184 575 61 13 kretsar.
263 575 97 17 Indelningen
371 577 5 12 i
398 576 70 13 valkretsar
480 576 93 14 innehålles
561 568 17 31 i

124 592 72 16 vallagen.
215 593 27 13 För
255 597 39 12 varje
309 594 62 12 valkrets
399 594 32 16 väljes
443 594 37 13 efter
491 593 82 16 folkmängd

124 613 17 9 en
150 610 98 16 riksdagsman
257 610 21 12 för
287 612 31 10 vart
328 610 32 13 fullt
369 611 24 15 tal,
403 611 100 12 motsvarande
514 611 30 15 1/:so
555 614 18 9 av

124 626 44 13 rikets
178 626 86 14 folkmängd.
278 627 102 13 Valkretsarna
388 627 56 13 indelas
453 628 5 12 i
466 628 32 13 åtta
507 631 67 13 grupper,

124 643 50 13 vilken
182 643 77 17 indelning
267 643 78 14 fastställes
354 645 5 12 i
367 645 72 16 vallagen.
454 645 85 13 Kammaren
547 645 27 12 för-

125 664 36 12 nyas
173 661 32 12 med
215 665 17 9 en
242 661 66 13 åttondel
317 662 39 16 varje
363 662 20 13 år.
401 662 27 13 Det
436 663 39 12 antal
482 662 17 13 de
505 662 68 12 särskilda

125 677 97 13 valkretsarna
231 678 40 13 skola
281 680 31 11 utse
324 679 86 13 bestämmes
419 679 45 16 enligt
472 678 102 14 ovannämnda

124 698 42 9 norm
180 698 18 9 av
213 695 79 15 Konungen
308 698 32 10 vart
356 699 30 9 10:e
401 696 15 13 år
432 696 25 14 (K.
472 696 38 16 kung.
525 696 49 13 härom

125 711 17 17 3/s
152 712 46 15 1914).
212 712 70 13 Ledamot
291 716 19 9 av
321 713 50 13 Första
379 713 89 14 kammaren,
478 717 31 9 som
517 713 32 12 icke
558 713 16 12 är

125 728 49 14 bosatt
183 729 8 13 å
201 730 27 14 ort,
239 729 26 13 där
273 729 58 17 riksdag
338 730 49 15 hålles,
394 730 65 16 åtnjuter
465 734 18 9 av
489 729 85 14 statsmedel

123 746 96 13 resekostnad
232 746 22 13 till
266 747 27 13 och
302 747 31 13 från
344 747 75 16 riksdagen
428 749 39 12 samt
476 748 4 12 i
490 747 84 16 dagtrakta-

124 765 49 11 mente
188 767 15 11 32
216 763 27 15 kr.,
255 764 46 13 vilket
309 764 128 16 dagtraktamente
445 765 13 16 ej
468 764 21 14 får
501 764 72 16 överstiga

124 780 95 16 sammanlagt
233 783 40 13 4,500
286 781 21 13 kr.
324 782 53 12 Annan
388 781 64 13 ledamot
461 786 19 8 av
489 782 84 13 kammaren

125 797 53 13 undfår
185 797 3 12 i
195 797 128 14 dagtraktamente
330 802 16 12 24
352 799 22 13 kr.
387 799 35 13 duck
428 799 96 15 sammanlagt
531 799 41 15 högst

125 817 40 13 3,400
174 814 21 13 kr.
209 814 76 17 Därjärote
294 816 34 16 äger
336 816 103 15 riksdagsman,
448 820 31 9 som
490 816 45 13 under
544 816 28 16 lag-

124 833 36 11 tima
169 831 57 16 riksdag
235 832 36 13 efter
281 832 63 17 beviljad
354 833 62 16 ledighet
427 833 59 13 besöker
492 833 79 14 hemorten,

124 850 22 11 att
156 852 18 9 av
182 849 86 13 statsmedel
276 849 46 14 undfå
330 850 81 16 ersättning
419 850 21 13 för
446 850 44 13 därav
497 849 75 14 föranledd

123 866 98 14 resekostnad,
236 866 36 13 dock
286 866 22 13 för
321 867 42 16 högst
377 870 7 10 2
397 871 39 9 resor
448 867 37 14 fram
497 867 27 14 och
536 867 37 13 åter.

124 882 62 13 Valbara
200 883 25 13 äro
238 884 33 12 män
284 884 27 13 och
322 884 67 14 kvinnor,
401 888 30 9 som
443 884 32 16 fyllt
487 888 16 12 35
512 885 16 12 år
535 886 37 11 samt

124 900 26 15 äga
163 900 27 13 och
201 901 43 12 minst
255 904 6 12 3
269 901 15 12 år
292 901 30 13 före
331 902 39 12 valet
380 902 23 15 ägt
412 901 68 16 fastighet.
494 903 78 13 taxerings-

123 916 71 13 värderad
208 917 22 13 till
241 917 88 14 åtminstone
338 922 49 12 50.000
396 918 26 14 kr.,
431 919 34 12 eller
474 918 46 14 under
528 918 44 16 sagda
580 925 1 3 |

123 933 23 13 tid
154 933 23 13 till
184 936 49 11 staten
243 934 54 13 skattat
304 935 21 13 för
331 935 63 13 inkomst
399 939 18 9 av
422 936 43 13 minst
472 940 39 10 3,000
516 936 56 12 kronor.

141 951 49 12 Andra
200 952 85 12 kammarens
293 952 72 13 ledamöter
374 953 25 12 äro
408 956 29 11 230.
448 953 42 12 valda
500 953 20 12 för
526 956 18 9 en
551 953 21 12 tid

123 971 19 9 av
150 967 32 17 fyra
190 968 21 15 år,
219 968 65 13 räknade
292 968 32 14 från
333 969 27 14 och
366 969 33 14 med
407 969 58 16 januari
473 969 62 14 månads
559 974 13 9 bör-

122 984 25 16 jan
157 985 32 13 året
198 986 33 13 näst
239 985 38 14 efter
287 986 29 15 det,
326 986 46 14 under
381 987 46 13 vilket
437 987 39 13 valet
485 987 44 13 skett.
546 987 26 13 För

123 1001 40 13 dessa
171 1003 23 12 val
202 1003 15 12 är
222 1003 36 13 riket
266 1003 54 13 indelat
329 1004 3 12 i
340 1004 82 13 valkretsar.
430 1008 30 9 som
467 1004 38 16 välja
515 1004 44 13 minst
565 1008 6 12 3

122 1019 98 14 riksdagsmän
230 1023 31 10 var.
270 1020 42 16 Varje
322 1021 63 12 valkrets
392 1021 35 13 skall
436 1021 40 13 alltså
485 1021 17 12 ha
511 1025 17 8 en
537 1021 35 13 folk-

123 1036 52 13 mängd
188 1040 30 9 som
226 1037 4 12 i
239 1037 37 15 regel
284 1038 41 13 utgör
338 1037 29 16 3'739
381 1041 17 9 av
411 1038 43 12 rikets
467 1038 104 13 invånarantal.

123 1053 111 14 Valkretsarnas
246 1054 41 13 antal
300 1055 16 12 är
329 1054 21 13 28.
368 1055 44 16 Varje
422 1055 24 13 län
458 1056 42 15 utgör
511 1059 18 9 en
541 1056 30 12 val-

122 1070 46 15 krets,
181 1072 41 12 utom
237 1069 79 19 Älvsborgs
328 1072 29 14 län,
366 1075 30 10 som
406 1072 16 13 är
430 1072 40 13 delat
479 1073 5 12 i
494 1076 6 8 2
510 1072 61 17 kretsar,

122 1087 73 16 varjämte
208 1087 65 17 följande
286 1088 49 13 stider
348 1088 40 14 bilda
400 1093 27 9 var
439 1090 22 12 sin
475 1089 72 13 valkrets:
558 1090 12 15 1)

122 1104 91 16 Stockholm,
226 1106 13 15 2)
254 1105 57 15 Malmö,
325 1106 102 16 Hälsingborg,
440 1106 95 14 Landskrona
544 1107 27 13 och

123 1121 48 16 Lund,
180 1122 13 16 3)
203 1122 78 16 Göteborg.
296 1123 26 12 Det
332 1124 39 12 antal
381 1124 96 15 riksdagsmän.
493 1128 39 12 varje
542 1125 30 12 val-

122 1138 39 13 krets
176 1140 31 14 äger
222 1143 35 11 utse,
269 1140 77 13 tastställes
358 1140 21 13 för
388 1140 40 16 varje
437 1140 106 17 fyraårsperiod
553 1145 18 9 av

124 1155 84 17 Konungen.

140 1173 49 13 Andra
200 1173 89 13 kammarens
299 1173 79 14 ledamöter
387 1174 58 16 åtnjuta
455 1178 55 9 samma
520 1175 50 13 ersätt-

121 1190 35 15 ning
170 1193 30 9 som
215 1190 49 13 Första
278 1191 95 12 kammarens.
385 1198 15 2 —
415 1191 55 12 Valrätt
485 1192 85 12 tillkommer

121 1210 45 9 envar
175 1207 50 13 svensk
235 1211 31 9 man
276 1208 28 13 och
312 1208 62 16 kvinna,
382 1212 31 9 som
422 1209 48 12 senast
479 1208 46 14 under
532 1209 37 13 näst-

121 1223 86 17 föregående
220 1224 85 14 kalenderår
318 1226 32 15 fyllt
366 1230 15 12 23
394 1227 20 13 år,
426 1226 36 13 dock
474 1230 13 11 ej
497 1226 32 13 den.
539 1230 31 9 som

121 1241 30 13 står
166 1241 45 13 under
224 1241 121 17 förmynderskap
353 1243 34 12 eller
396 1243 15 13 är
420 1242 4 13 i
434 1243 135 14 konkurstillstånd,

121 1257 13 16 ej
149 1258 44 13 heller
206 1258 33 14 den,
252 1263 31 9 sum
295 1260 16 12 är
321 1263 18 9 av
348 1260 74 13 allmänna
431 1260 99 17 fattigvården
540 1264 31 9 om-

122 1275 97 16 händertagen
229 1276 22 13 för
259 1276 69 17 varaktig
335 1277 91 16 försörjning,
435 1277 35 13 eller
478 1278 93 16 värnpliktig,

121 1296 31 9 som
166 1293 30 12 icke
210 1293 65 16 fullgjort
288 1294 18 12 de
320 1295 53 12 honom
387 1297 11 10 t.
409 1298 14 9 o.
435 1298 14 9 m
465 1296 72 15 utgången
552 1299 18 8 av

120 1309 99 14 sistförflutna
227 1310 100 14 kalenderåret
332 1311 76 15 åliggande
412 1311 158 17 värnpliktsövningar,

120 1327 35 12 eller
168 1327 33 15 den,
215 1331 31 9 som
258 1328 16 13 är
285 1328 32 13 från
327 1329 73 13 valrätten
410 1329 73 13 utesluten
496 1330 17 15 på
523 1329 46 15 grund

121 1347 19 9 av
149 1343 53 14 honom
212 1344 52 13 ådömd
273 1345 106 16 straffpåföljd.
397 1346 62 12 Valbara
467 1347 26 12 äro
501 1347 34 12 män
543 1346 26 13 och

120 1360 70 16 kvinnor,
203 1365 30 9 som
247 1363 26 13 äga
287 1363 53 11 valrätt
354 1363 39 12 inom
406 1363 79 12 valkretsen
499 1364 36 12 eller.
545 1364 24 12 där

121 1379 39 14 fråga
170 1379 15 11 år
195 1382 24 9 om
216 1372 49 30 stad,
268 1372 33 30 som
313 1380 47 12 består
370 1383 18 10 av
398 1380 35 13 flera
442 1372 84 30 valkretsar,
531 1380 39 13 inom

121 1394 47 16 någon
178 1398 19 9 av
206 1395 45 14 dessa.

138 1411 28 13 Till
180 1412 37 13 båda
232 1413 77 13 kamrarna
322 1413 25 13 ske
360 1413 42 13 valen
415 1413 33 13 med
462 1414 105 16 proportionell:

120 1428 61 13 valsätt.

137 1445 78 14 Allmänna
223 1446 24 13 val
256 1446 23 13 till
288 1446 49 13 Andra
346 1447 82 12 kammaren
438 1446 53 14 skedde
500 1448 49 12 senast
554 1448 16 12 år

121 1465 37 13 1921,
169 1462 39 14 vilka
220 1463 24 13 val
257 1463 37 17 gälla
306 1463 22 14 för
336 1463 85 14 återstoden
431 1467 18 10 av
458 1464 67 17 perioden
537 1467 31 13 1921

120 1483 59 12 1924.

560 1525 18 13 18

720 297 67 18 Första
800 297 114 18 kammaren,

725 339 115 19 Stockholms
853 339 49 19 stad.

590 376 80 18 Klefbeck,
686 377 51 14 Ernst
750 376 65 19 Alarik,
828 376 80 20 Kyrkoh.
921 377 51 19 [713],
987 377 11 15 f.
1011 375 27 20 66;

611 398 22 16 21
646 399 42 19 (adr.
700 399 115 19 Stockholm).

590 423 72 17 Trygger,
675 422 56 17 Ernst,
744 422 24 15 fd.
780 422 104 18 Justitieråd
896 423 52 19 [930],
961 423 11 15 f.
981 420 27 20 57;
1017 421 21 16 21

613 445 42 16 (adr.
668 444 116 18 Stockholm).

589 467 70 18 Lindley,
666 467 69 15 Charles
743 467 66 17 Gustaf,
814 467 29 15 Sv.
848 467 191 18 transportarbetarför-

612 489 77 15 bundets
709 489 146 18 förtroendeman,
875 489 12 15 f.
906 488 28 19 65;
953 488 23 16 21
996 490 42 18 (adr.

612 512 115 19 Stockholm).

590 534 62 18 Clason,
670 534 76 17 Samuel,
765 534 130 16 Riksarkivarie
915 536 52 18 [121],
985 535 12 15 f.
1012 533 21 17 67

611 555 22 16 21
646 557 44 18 (adr.
703 556 114 22 Stockholm).

591 579 82 18 Berglund,
691 579 33 19 Jan
742 580 48 17 Erik,
809 579 71 18 Kassör,
897 580 11 15 f.
921 577 28 20 64;
961 578 22 16 21
996 580 42 19 (adr.

614 602 94 19 Enskede).

591 625 78 18 Stendahl,
682 625 48 17 Sten,
749 624 111 16 Grosshandl.
879 625 51 19 [950],
949 625 11 15 f.
976 623 28 19 76;
1017 623 20 16 21

614 647 42 18 (adr.
669 647 117 20 Stockholm).

590 670 84 18 Thorberg,
692 670 56 18 Johan
767 670 55 15 Arvid
838 669 83 19 Justinus,
934 670 105 19 Landsorga-

613 693 110 15 nisationens
740 693 50 17 ordf.,
809 693 11 14 f.
837 691 28 19 77;
882 691 23 16 21
920 693 42 18 (adr.
978 693 60 15 Stock-

613 715 59 18 holm).

591 738 115 18 Hederstierna,
718 737 39 16 Carl
770 737 73 15 Fredrik
853 737 87 17 Wilhelm,
948 735 90 18 Överståt-

614 761 65 15 hållare
691 762 52 17 [474],
756 761 11 14 f.
780 759 27 19 61;
819 759 20 16 21
854 760 42 17 (adr.
908 760 115 19 Stockholm).

590 783 52 19 Wahl,
660 783 63 15 Gustaf
738 783 58 17 Adolf,
810 783 74 17 Montör,
896 783 12 15 f.
921 782 27 19 78;
961 782 21 16 21
995 783 42 19 (adr.

612 806 116 17 Stockholm).

589 828 59 18 Lamm,
667 829 77 15 Herman
762 828 79 18 Fredrik,
857 828 116 18 Grosshandl.,
985 828 12 15 f.
1010 827 27 19 53;

610 849 23 16 21
645 851 43 17 (adr.
700 851 115 18 Stockholm).

590 877 31 12 von
633 873 61 19 Sydow,
712 874 52 14 Adolf
782 873 85 19 Hjalmar,
880 878 16 10 v.
910 873 70 16 Hhövd.
995 874 41 19 [89],

612 896 11 15 f.
635 895 28 19 62;
675 895 20 16 21
708 895 42 22 (adr.
763 896 116 18 Stockholm).

590 972 120 26 [143-144]

629 1010 116 20 Stockholms
759 1011 34 18 län
808 1011 32 19 och
860 1011 85 24 Uppsala
960 1011 38 19 län.

590 1048 59 18 Möller,
669 1048 48 15 Fritz
737 1048 73 18 Gustav,
828 1048 96 18 Redaktör,
942 1049 11 15 f.
972 1047 28 19 84;
1015 1047 20 16 21

611 1071 42 18 (adr.
666 1071 116 19 Stockholm).

589 1093 104 19 Lagerbjelke,
712 1094 55 18 Johan
786 1094 67 17 Gustaf,
872 1094 62 18 Greve,
949 1094 88 19 Byråchef

611 1117 51 19 [139],
675 1116 11 15 f.
698 1114 28 19 60;
738 1115 21 16 21
772 1116 42 18 (adr.
828 1114 71 21 Älvsjö).

588 1139 49 18 Julin,
656 1139 55 18 Johan
727 1139 81 19 Hjalmar
822 1139 75 17 Teodor,
911 1139 72 16 Notarie
996 1140 40 19 [97],

610 1162 12 14 f.
634 1160 23 17 80.
673 1160 22 16 21
708 1162 42 17 (adr.
763 1162 114 16 Stockholm).

588 1184 57 18 Borell,
664 1184 42 15 Karl
723 1184 63 15 Gustaf
802 1184 87 17 Theodor,
902 1184 70 16 Hhövd.
984 1185 52 19 [216],

610 1207 11 14 f.
634 1205 27 18 69;
673 1205 20 16 21
707 1207 43 17 (adr.
763 1207 180 19 Saltsjö-Storängen).

587 1229 68 18 Ekman,
673 1230 38 14 Carl
730 1230 68 16 Gustaf,
816 1230 23 15 fd.
857 1230 91 15 Redaktör
960 1231 52 18 [211],
1025 1231 10 14 f.

610 1250 21 16 72
650 1250 21 16 21
685 1252 42 19 (adr.
741 1252 110 22 Stockholm)

588 1274 70 18 Hagfält,
676 1275 71 16 Edvard
767 1275 77 18 Jansson,
857 1276 155 18 Hemmansägare,
1025 1276 10 14 f.

610 1295 26 17 73:
648 1295 20 16 21
683 1298 41 17 (adr.
738 1298 119 17 Söder-Råda,
869 1298 129 18 Söderbykarl).

588 1320 115 17 Reuterskiöld,
721 1320 37 15 Carl
772 1321 68 18 Ludvig
854 1321 66 19 August
932 1321 51 17 Axel,
997 1321 38 15 Pro-

610 1343 54 14 fessor
676 1344 51 16 [7161],
740 1343 11 14 f.
764 1342 27 16 70:
803 1342 18 16 21
838 1344 41 15 (adr.
893 1343 89 19 Uppsala).

589 1365 53 17 Berge,
660 1365 38 15 Nils
716 1365 56 18 Adolf,
791 1366 142 17 Folkskollärare,
946 1366 11 15 f.
974 1364 27 19 69;
1013 1364 22 16 21

610 1387 41 17 (adr.
665 1388 106 17 Hagalund).

587 1409 93 19 Strömberg,
693 1410 42 15 Otto
750 1410 79 17 Mauritz,
842 1411 108 18 Bruksägare
963 1412 51 18 [211],
1024 1411 10 14 f.

609 1431 28 16 56:
649 1431 21 16 21
683 1431 42 22 (adr.
738 1432 114 22 Stockholm).

587 1454 72 19 Löfgren,
672 1455 52 18 Jonas
737 1455 51 17 Eliel,
802 1456 81 15 Advokat
896 1457 40 17 [90],
949 1456 11 14 f.
973 1453 28 20 72;
1013 1454 20 16 21

610 1478 43 18 (adr.
666 1477 114 19 Stockholm).

581 1526 9 13 6
