1060 1584
58 53 116 24 [160-160a]

57 188 52 23 [160]

487 56 104 22 Riksdagen

59 227 30 25 V.
114 227 255 30 RIKSDAGEN,
392 228 97 25 DESS
512 223 268 30 OMBUDSMÄN
802 229 84 25 OCH
908 229 110 25 VERK

230 294 110 22 Riksdagen

142 328 83 19 (Postadr.
236 328 51 19 Fack,
297 329 99 15 Stockholm
405 329 28 18 46)

81 356 85 16 Riksdagen
174 356 36 13 skall,
216 346 16 31 i
236 356 38 13 kraft
282 360 18 9 av
307 357 135 15 regeringsformen,
448 360 72 10 samman-

59 374 43 13 träda
115 374 38 16 varje
162 374 16 13 år
187 374 18 13 den
227 374 16 13 10
251 374 57 16 januari
318 374 38 16 eller,
366 378 25 9 om
400 375 62 15 helgdag
471 374 19 14 då
500 375 21 12 in-

58 392 56 16 träffar,
127 392 47 16 dagen
186 392 67 13 därefter.
266 392 85 16 Riksdagen
362 392 37 13 skall
411 396 35 9 vara
454 393 66 12 avslutad

59 410 28 13 den
98 410 15 13 31
126 410 81 13 december.
219 410 85 15 Riksdagen
313 410 118 13 sammanträder
438 410 22 13 till
467 410 54 13 vårses-

58 428 33 13 sion
99 428 29 13 och
136 428 96 15 höstsession;
240 428 24 13 vid
271 428 49 13 behov
327 428 30 13 kan
363 428 76 13 anordnas
445 430 40 11 extra
493 432 28 9 ses-

58 446 37 13 sion.
104 445 104 14 Vårsessionen
216 446 36 13 skall
261 446 4 13 i
273 446 37 15 regel
318 450 34 9 vara
358 446 66 13 avslutad
430 446 28 13 den
464 446 15 13 31
487 446 33 16 maj.

80 464 50 12 Första
140 464 90 12 kammarens
240 463 78 13 ledamöter
328 465 26 11 äro
367 464 26 13 150
403 464 35 13 eller
444 464 25 13 det
476 464 45 15 högre

58 480 26 15 tal,
97 484 32 9 som
142 481 85 12 föranledes
239 484 18 9 av
270 481 88 15 stadgandet
370 481 4 12 i
386 481 22 15 6$
422 481 4 13 1
437 481 83 13 o.
457 473 8 30 4
472 481 48 13 mom.

58 497 150 17 riksdagsordningen
215 498 36 16 (f.n.
260 498 37 16 151).
309 499 23 13 De
342 498 45 16 väljas
393 498 24 13 för
423 498 31 14 åtta
461 498 20 16 år,
488 498 33 13 räk-

58 516 39 13 nade
103 516 32 13 från
142 516 29 13 och
181 516 33 13 med
220 516 57 16 januari
284 516 61 13 månads
352 516 53 16 början
412 516 30 14 året
448 517 32 13 näst
485 517 36 13 efter

58 534 29 15 det,
92 534 46 13 under
144 534 43 13 vilket
194 534 38 13 valet
238 534 43 16 skett,
287 538 18 9 av
311 534 93 16 landstingen
411 535 28 12 och
447 534 74 13 stadsfull-

59 552 64 15 mäktige
136 552 4 13 i
153 552 18 13 de
184 552 53 15 städer,
250 556 33 9 som
295 552 13 15 ej
321 552 57 16 deltaga
390 552 88 16 ilandsting.
492 552 29 13 För

59 569 23 13 val
95 570 21 13 till
131 570 51 13 Första
191 570 86 13 kammaren
286 570 16 13 är
311 570 36 13 riket
356 570 54 13 indelat
419 570 4 13 i
434 570 16 13 19
459 570 62 13 valkret-

58 591 28 9 sar.
100 587 94 13 Stockholms
207 588 33 12 stad
253 587 29 13 och
295 587 85 16 Göteborgs
393 588 33 13 stad
434 589 53 14 utgöra
495 592 26 9 var

58 605 24 13 för
90 605 21 16 sig
119 609 18 9 en
146 605 67 13 valkrets.
222 606 55 12 Annan
285 606 38 15 stad,
331 609 33 9 som
372 605 13 16 ej
392 606 64 15 deltager
463 606 3 13 i
473 606 47 13 lands-

58 623 36 15 ting,
112 623 49 13 tillhör
176 627 57 9 samma
249 623 63 13 valkrets
324 627 33 9 som
370 624 24 12 det
408 624 112 15 landstingsom-

59 640 39 16 råde,
111 641 30 13 vari
150 641 52 13 staden
211 641 40 13 förut
261 641 50 15 ingått.
321 641 95 16 Indelningen
425 641 5 13 i
441 641 79 13 valkretsar

58 658 63 16 regleras
137 658 4 14 i
159 659 70 15 vallagen.
247 658 28 14 För
292 659 39 15 varje
347 659 62 13 valkrets
425 659 44 16 väljes
484 659 36 13 efter

58 676 106 16 folkmängden
180 676 40 13 inom
236 676 33 13 dess
282 676 60 14 område
354 680 19 9 en
386 677 101 15 riksdagsman
497 677 23 13 för

58 696 32 11 vart
105 694 33 13 fullt
152 694 26 16 tal,
192 694 104 13 motsvarande
307 694 29 16 !/;s
346 698 18 9 av
374 694 44 13 rikets
428 694 91 16 folkmängd,

59 712 39 13 dock
109 712 34 13 med
152 712 96 16 iakttagande
258 716 18 9 av
287 712 18 13 de
316 712 73 13 särskilda
400 712 67 16 reglerna
477 712 5 13 i
494 712 8 13 6
513 712 7 16 $

58 729 157 16 riksdagsordningen.
226 730 104 13 Valkretsarna
340 730 55 13 indelas
403 730 5 13 i
414 730 31 13 åtta
452 734 67 12 grupper,

58 748 48 12 vilken
120 747 74 16 indelning
204 748 77 13 fastställes
294 748 3 13 i
311 748 70 15 vallagen.
394 748 43 16 Varje
448 748 17 13 år
474 748 46 13 under

58 765 63 13 oktober
131 765 54 14 månad
195 765 36 13 skall
241 766 41 13 inom
291 769 18 9 en
319 769 18 10 av
346 766 65 13 nämnda
421 770 63 11 grupper
490 766 30 13 för-

58 784 45 12 rättas
117 783 23 13 val
150 783 23 13 för
182 783 99 16 nästföljande
290 783 111 16 åttaårsperiod.
410 784 63 13 Valbara
481 784 26 13 äro
515 783 4 14 i

58 801 115 13 kommunernas
187 801 74 13 allmänna
270 801 120 16 angelägenheter
399 801 121 16 röstberättigade

59 819 34 13 män
102 819 28 13 och
140 819 67 15 kvinnor,
214 822 32 10 som
254 819 62 15 uppnått
324 819 17 13 23
349 819 23 13 års
379 819 44 13 ålder.

79 837 49 13 Andra
135 836 90 14 kammarens
231 837 78 13 ledamöter
316 837 41 13 skola
363 837 20 13 till
390 837 54 13 antalet
451 841 35 9 vara
493 837 27 13 230

57 854 35 13 eller
98 854 24 13 det
130 854 45 16 högre
181 854 19 13 tal
206 858 32 10 som
244 854 82 14 föranledes
332 858 17 9 av
354 855 96 15 stadgandet
439 847 12 30 i
458 855 16 12 15
479 854 7 16 $
492 855 7 12 3
505 858 14 9 o.

58 872 9 13 4
76 876 45 9 mom.
130 872 147 16 riksdagsordningen
285 872 35 16 (f.n.
325 872 38 16 233).
368 873 24 12 De
397 872 45 16 väljas
447 872 24 13 för
475 876 18 9 en
499 872 20 13 tid

58 893 18 10 av
84 890 30 15 fyra
122 890 20 16 år,
150 890 65 13 räknade
221 890 32 13 från
260 890 29 13 och
296 890 33 13 med
335 890 57 16 januari
399 890 61 13 månads
467 890 52 16 början

58 907 30 13 året
96 908 32 12 näst
134 908 37 13 efter
177 908 29 15 det,
213 908 47 13 under
266 908 45 13 vilket
317 908 37 13 valet
361 908 42 13 skett.
412 908 28 13 För
447 908 42 13 dessa
496 908 22 13 val

58 926 16 12 är
82 925 37 13 riket
128 925 54 14 indelat
190 925 4 13 i
202 925 18 14 28
229 926 83 13 valkretsar.
322 926 29 13 För
359 926 38 15 varje
405 926 63 13 valkrets
476 926 43 16 väljes

58 943 36 13 efter
100 943 106 16 folkmängden
212 944 40 12 inom
259 944 33 13 dess
298 943 61 14 område
364 947 19 10 en
390 944 100 15 riksdagsman
497 944 23 13 för

58 963 32 11 vart
101 961 33 13 fullt
146 961 25 16 tal,
183 962 105 13 motsvarande
300 962 31 15 !/s30
343 965 17 9 av
372 962 44 13 rikets
428 962 92 15 folkmängd,

59 979 39 13 dock
107 979 34 13 med
152 979 97 16 iakttagande
260 983 18 9 av
290 979 18 13 de
318 979 73 14 särskilda
402 980 66 15 reglerna
479 980 4 12 i
485 980 35 15 155

58 997 155 16 riksdagsordningen.
227 997 51 13 Rikets
290 997 75 16 indelning
375 997 5 13 i
389 998 79 12 valkretsar
480 998 40 12 inne-

58 1014 46 18 hålles
120 1015 4 13 i
141 1015 70 15 vallagen.
225 1015 43 16 Varje
281 1015 24 13 län
319 1016 42 15 utgör
371 1019 18 9 en
400 1015 67 16 valkrets,
478 1017 42 11 utom

58 1032 81 16 Älvsborgs
149 1033 29 15 län,
188 1036 33 10 som
231 1034 17 12 är
259 1033 39 13 delat
309 1033 4 13 i
325 1033 8 13 2
344 1033 60 16 kretsar,
416 1033 70 16 varjämte
493 1033 27 13 föl-

58 1050 44 16 jande
114 1050 49 14 städer
175 1050 40 14 bilda
229 1054 25 10 var
268 1051 22 13 sin
300 1051 68 13 valkrets:
382 1051 12 15 1)
402 1051 92 16 Stockholm,
505 1051 15 15 2)

59 1068 63 16 Malmö,
133 1068 104 16 Hälsingborg,
248 1069 98 12 Landskrona
355 1069 28 13 och
393 1069 48 15 Lund,
451 1069 14 15 3)
475 1069 45 13 Göte-

59 1086 41 15 borg.
108 1086 56 13 Valrätt
170 1086 89 13 tillkommer
265 1090 45 9 envar
319 1086 53 13 svensk
381 1090 34 9 man
426 1087 28 12 och
461 1087 59 15 kvinna,

58 1107 33 10 som
100 1106 49 11 senast
157 1104 46 13 under
210 1104 121 15 nästföregående
338 1104 85 13 kalenderår
430 1104 31 16 fyllt
472 1104 16 13 21
499 1104 20 16 år,

59 1121 39 14 dock
107 1121 13 16 ej
131 1122 34 15 den,
176 1126 33 9 som
220 1121 29 14 står
261 1122 46 13 under
318 1122 126 16 förmynderskap.
457 1122 63 13 Valbara

58 1140 27 12 äro
95 1140 35 12 män
141 1139 28 14 och
181 1140 67 15 kvinnor,
259 1143 32 10 som
303 1140 62 15 uppnått
375 1140 17 13 23
402 1140 23 13 års
435 1140 40 13 ålder
483 1142 37 11 samt

59 1158 27 15 äga
97 1157 52 13 valrätt
160 1157 40 13 inom
211 1157 82 14 valkretsen
299 1158 40 15 eller,
345 1158 26 13 där
378 1157 41 16 fråga
425 1158 16 13 är
448 1162 25 9 om
482 1158 38 16 stad,

58 1179 33 9 som
101 1175 48 13 består
158 1179 18 9 av
183 1175 34 13 flera
224 1175 85 16 valkretsar,
314 1175 41 13 inom
360 1175 49 16 någon
415 1179 17 9 av
438 1176 46 13 dessa.

80 1193 96 13 Gemensamt
189 1193 24 13 för
226 1193 39 13 båda
279 1194 85 13 kamrarnas
377 1194 81 13 ledamöter
471 1193 49 16 gäller,

58 1212 21 11 att
85 1211 203 16 riksdagsmannabefattning
294 1211 29 13 kan
330 1212 51 12 utövas
387 1212 52 13 endast
444 1215 18 10 av
468 1211 52 14 svensk

58 1228 100 16 medborgare.

79 1246 27 13 Till
121 1246 39 14 båda
174 1246 78 14 kamrarna
266 1247 25 13 ske
305 1247 41 13 valen
361 1247 33 13 med
408 1247 112 16 proportionellt

58 1264 57 13 valsätt.

79 1282 80 13 Allmänna
172 1282 22 13 val
209 1282 20 13 till
243 1282 51 13 Andra
307 1282 86 13 kammaren
406 1283 37 15 ägde
458 1286 32 10 rum
504 1283 16 13 år

60 1300 35 13 1964
102 1299 29 14 och
137 1299 44 16 avsåg
188 1300 71 15 perioden
268 1300 95 13 1965—1968.

80 1317 92 13 Beträffande
186 1318 98 15 ersättningen
298 1318 24 13 för
335 1318 185 16 riksdagsmannauppdra-

58 1337 30 14 gets
98 1335 93 16 fullgörande
200 1335 38 14 hava
248 1336 109 13 bestämmelser
366 1336 42 16 givits
418 1336 4 13 i
433 1336 23 16 lag
467 1336 29 13 den
504 1336 16 13 14

58 1353 31 13 dec.
98 1353 35 13 1962
144 1353 39 15 (SFS
195 1357 18 9 nr
220 1353 38 15 622).
271 1354 107 15 Riksdagsman
391 1353 63 16 åtnjuter
466 1354 55 13 arvode

58 1370 32 14 från
98 1371 28 12 och
134 1371 32 13 med
173 1370 73 16 ingången
253 1375 18 9 av
278 1371 28 13 den
313 1371 59 16 månad,
380 1371 19 13 då
406 1371 29 13 han
442 1371 37 14 skall
486 1373 34 14 taga

58 1388 38 16 plats
107 1388 5 13 i
124 1388 83 16 riksdagen,
219 1389 39 13 dock
265 1389 12 16 ej
285 1389 24 13 för
316 1389 21 13 tid
344 1389 45 13 innan
396 1389 30 13 han
433 1389 41 13 blivit
481 1389 39 13 leda-

58 1408 36 13 mot,
106 1406 21 13 till
139 1407 28 12 och
174 1407 33 13 med
215 1406 73 16 utgången
295 1411 18 9 av
320 1407 28 13 den
355 1407 60 15 månad,
422 1407 19 13 då
448 1407 72 16 riksdags-

58 1424 138 16 mannauppdraget
208 1425 64 15 upphör.
280 1425 60 12 Arvode
347 1424 42 16 utgår
396 1425 34 13 med
436 1425 52 15 26,000
498 1425 21 13 kr.

58 1441 115 17 igrundbelopp
185 1442 23 13 för
220 1442 20 13 år.
253 1442 19 13 På
279 1442 55 13 arvode
341 1442 42 16 utgår
394 1443 50 15 tillägg
456 1445 64 11 motsva-

58 1460 46 13 rande
111 1459 50 16 tillägg
168 1459 19 16 på
192 1460 25 12 lön
223 1460 21 13 till
250 1460 144 15 befattningshavare
399 1460 5 13 i
409 1462 55 11 statens
470 1460 49 16 tjänst.

557 292 104 13 Traktamente
672 291 42 16 utgår
723 292 47 13 under
781 292 26 16 tid,
818 292 19 13 då
847 292 79 16 riksdagen
935 292 46 14 håller
990 296 29 10 ses-

557 310 38 15 sion,
605 310 34 13 med
648 310 55 15 belopp
712 310 104 13 motsvarande
828 310 29 13 930
867 310 21 13 kr.
899 311 23 13 för
932 310 54 14 månad
997 311 22 13 till

557 328 106 15 riksdagsman,
671 332 32 9 som
713 328 16 13 är
736 328 49 13 bosatt
792 328 19 15 på
817 328 50 16 längre
874 328 62 13 avstånd
943 329 19 12 än
968 328 51 16 sjuttio

557 345 77 13 kilometer
643 345 85 16 fågelvägen
738 345 33 14 från
780 346 85 15 riksdagens
876 346 33 13 hus.
919 346 54 13 Annan
983 346 36 13 riks-

557 363 71 16 dagsman
635 364 19 12 än
660 367 20 9 nu
690 365 46 14 sagts,
742 364 49 13 vilken
798 365 16 12 är
820 364 49 13 bosatt
876 363 20 16 på
902 364 49 16 längre
957 364 62 13 avstånd

557 382 19 12 än
586 381 57 13 femton
652 381 77 13 kilometer
735 381 85 16 fågelvägen
827 381 33 14 från
870 382 115 16 riksdagshuset,
995 382 24 13 må

557 403 18 9 av
582 399 137 16 kanslideputerade
726 399 95 13 tillerkännas
827 400 98 13 traktamente
932 400 33 13 med
976 400 43 15 högst

557 417 65 13 nämnda
637 417 58 16 belopp.
709 417 107 16 Riksdagsman
828 418 34 15 äger
872 417 18 16 på
902 418 24 13 det
937 418 82 13 allmännas

557 434 82 14 bekostnad
646 435 66 15 företaga
719 439 44 9 resor.

575 453 109 15 Riksdagsman
695 454 17 12 är
723 453 20 15 på
752 453 25 13 det
783 453 83 13 allmännas
873 453 84 13 bekostnad
964 457 55 12 grupp-

556 470 104 13 livförsäkrad.

579 487 90 13 Kamrarnas
681 488 55 12 talmän
748 487 55 14 erhålla
815 488 47 13 under
872 488 26 15 tid,
912 488 19 13 då
942 488 77 15 riksdagen

557 504 46 14 håller
612 505 60 16 session,
685 505 113 16 tilläggsarvode
807 506 34 13 med
850 505 55 17 belopp
915 506 104 13 motsvarande

559 523 41 15 1,000
606 523 22 13 kr.
635 523 23 13 för
665 523 54 13 månad
726 523 11 16 (i
743 524 115 15 grundbelopp).

557 593 65 23 [160a]
663 593 89 19 FÖRSTA
766 597 141 15 KAMMAREN

715 632 104 15 Stockholms
826 632 39 15 stad

651 661 127 19 (Mandattiden
789 661 47 19 utgår
847 662 18 15 år
877 662 48 18 1969)

556 697 99 18 Andersson,
660 697 49 15 Ebon
716 697 55 15 Maria
777 697 76 19 Isabella,
858 698 57 18 Fil.L.,
921 698 97 18 Socionom,

578 720 24 16 fd.
610 720 123 19 Bibliotekarie,
751 721 57 18 KNO,
826 721 26 19 96;
867 721 20 15 62
903 721 42 19 (adr.
961 722 58 15 Stock-

578 744 59 19 holm).

557 768 65 18 Strand,
631 768 42 15 Axel
681 768 84 19 Wilhelm,
774 768 185 19 Riksgäldsfullmäktig
969 769 49 18 [211],

579 792 55 15 Förste
648 793 33 14 vice
695 792 66 18 talman,
775 792 27 18 93;
815 792 20 15 62
849 792 42 18 (adr.
905 792 113 19 Stockholm).

556 816 103 18 Lundström,
674 815 38 16 Nils
726 815 61 19 Birger,
802 816 93 18 Redaktör,
907 816 28 18 04;
945 816 21 16 62
975 816 42 19 (adr.

579 839 92 18 Bromma).

557 863 99 18 Lindström,
674 863 38 15 Ulla
730 863 74 18 Gunilla,
821 863 12 16 f.
851 863 74 19 Wohlin,
943 863 75 16 Statsråd

581 886 38 19 [48],
627 887 27 17 09;
663 886 21 15 62
693 886 42 18 (adr.
745 887 111 18 Stockholm).

557 910 93 19 Hernelius,
658 910 45 16 John
712 910 56 18 Allan,
777 911 44 18 J.K.,
831 911 93 18 Redaktör,
932 911 54 18 KVO,
994 912 24 17 11;

578 934 21 15 62
608 934 42 18 (adr.
660 934 111 18 Stockholm).

556 958 90 18 Anderson,
656 958 38 15 Carl
703 958 64 18 Albert,
776 958 24 15 fd.
811 958 79 16 Direktör
904 958 48 19 [858],
962 959 27 18 99;
998 959 21 15 62

578 981 42 18 (adr.
629 981 112 19 Stockholm).

556 1005 100 19 Johansson,
665 1005 48 16 Knut
722 1005 72 19 Brynolf
800 1006 69 18 Martin,
876 1006 142 19 Förbundsordf.,

581 1029 24 18 11;
615 1029 20 15 62
644 1029 43 19 (adr.
696 1029 133 19 Johanneshov).

557 1053 96 18 Holmberg,
665 1053 64 19 Yngve,
739 1053 157 19 Bankofullmäktig
904 1054 49 18 [195],
963 1054 26 18 25;
998 1054 21 15 62

578 1076 44 19 (adr.
631 1077 112 18 Stockholm).

556 1100 74 19 Myrdal,
643 1101 49 17 Alva,
706 1100 12 16 f.
733 1101 72 18 Reimer,
815 1101 91 16 Sändebud
915 1101 38 19 [55],
962 1101 26 18 02;
998 1101 21 16 62

578 1124 43 18 (adr.
631 1124 112 19 Stockholm).

556 1148 61 19 Geijer,
630 1148 56 16 Johan
701 1148 77 18 Lennart,
790 1149 45 17 J.D.,
844 1149 26 18 09;
880 1149 20 15 62
909 1148 43 19 (adr.
961 1149 58 15 Stock-

578 1171 60 18 holm).

556 1195 70 19 Dahlén,
638 1196 30 15 Per
681 1195 42 16 Olof
732 1195 90 19 Reinhold,
832 1196 68 18 Pol.M.,
912 1197 24 17 15;
946 1197 20 15 64
975 1196 43 19 (adr.

578 1220 93 18 Bromma).

556 1243 69 18 Hultell,
634 1244 60 14 Emma
704 1243 50 19 Mary
763 1243 91 19 Elisabeth,
863 1244 11 15 f.
885 1244 65 18 Radhe,
960 1244 59 16 Förste

579 1267 133 18 kammarskriv.,
727 1267 50 18 LVO,
788 1267 26 18 08;
824 1268 20 15 64
853 1267 43 19 (adr.
906 1268 112 18 Stockholm).

557 1290 88 19 Sörenson,
658 1291 42 18 Joel,
715 1291 60 18 Fil.K.,
785 1291 65 18 Pastor,
861 1292 24 17 15;
896 1292 20 15 64
925 1291 43 19 (adr.
978 1288 41 19 Älv-

578 1314 39 19 sjö).

556 1338 76 18 Persson,
642 1338 39 15 Erik
691 1338 63 19 Yngve,
765 1338 134 16 Förbundsordf.
911 1339 24 18 11;
945 1339 21 15 64
975 1339 42 18 (adr.

579 1362 111 18 Stockholm).

556 1385 77 19 Lidgard,
648 1386 47 15 Hans
709 1385 51 16 Bertil
773 1386 82 18 Ingemar,
866 1386 45 18 J.K.,
921 1386 97 16 Förbunds-

578 1409 81 18 direktör,
670 1410 24 17 16;
704 1410 20 14 65
734 1409 42 19 (adr.
786 1410 112 18 Stockholm).

556 1433 73 18 Werner,
640 1433 40 15 Lars
690 1433 58 18 Helge,
759 1433 69 19 Kassör,
840 1434 26 17 35;
877 1434 19 15 65
907 1434 43 18 (adr.
964 1434 54 15 Troll-

578 1456 76 19 bäcken).

519 1501 36 18 244
