1062 1574
445 55 108 22 Riksdagen.

200 148 47 35 V.
276 148 222 43 Riksdagen

72 159 56 26 [142]

834 52 120 35 [142—144]

502 177 7 13 ,
536 149 91 33 dess
654 147 268 36 Ombudsmän

390 200 70 34 och
489 199 120 35 Verk.

186 260 147 38 Riksdagen.
497 287 2 7 I

58 306 67 15 Lagtima
138 304 57 16 riksdag
208 304 41 14 skall,
259 304 5 12 i
272 303 41 14 kraft
324 307 19 10 av
354 303 45 13 rikets
410 303 88 17 regerings-
489 294 9 31 |

41 321 43 16 form,
95 321 110 14 sammanträda
213 321 42 16 varje
264 321 16 13 år
289 320 28 14 den
327 324 16 9 10
350 320 60 17 januari
416 321 40 14 eller,
465 324 24 10 om

41 340 61 16 helgdag
111 339 19 13 då
137 338 74 16 inträffar,
220 338 46 17 dagen
275 338 69 13 därefter.

60 357 48 13 Första
121 356 85 13 kammarens
217 356 72 12 ledamöter
300 356 25 12 äro
339 358 25 13 150
376 355 26 13 och
414 355 46 16 väljas
468 355 22 13 för

40 374 33 13 åtta
85 374 15 13 år
112 373 64 13 räknade
186 372 31 14 från
226 373 27 13 och
261 372 33 13 med
302 372 58 17 januari
368 372 60 13 månads
437 372 51 16 början

40 392 32 13 året
80 391 33 13 näst
120 391 38 12 efter
166 390 28 16 det,
204 390 45 13 under
258 390 46 13 vilket
312 390 39 13 valet
359 390 44 14 skett,
413 393 18 9 av
443 389 47 13 lands-

42 410 57 15 tingens
106 407 80 14 ledamöter
194 408 26 13 och
229 407 58 13 särskilt
296 407 61 13 utsedda
366 407 72 13 elektorer
443 407 22 13 för
471 406 18 13 de

42 426 52 14 städer,
103 429 31 9 som
144 429 13 12 ej
168 425 56 15 deltaga
234 425 4 12 i
248 425 77 16 landsting.
338 425 27 12 För
373 425 24 12 val
407 424 23 13 till
438 425 51 12 Första

41 443 85 13 kammaren
135 443 16 12 är
159 442 38 13 riket
206 441 56 14 indelat
270 442 5 13 i
284 445 14 13 19
305 442 85 13 valkretsar.
399 441 90 14 Stockholms

41 460 33 13 stad
81 460 27 13 och
117 460 80 15 Göteborgs
205 459 33 13 stad
247 460 51 16 utgöra
304 463 26 9 var
339 459 22 13 för
366 460 22 15 sig
396 463 18 9 en
420 459 68 13 valkrets.
497 459 1 12 |

41 478 53 13 Annan
104 477 38 16 stad,
151 481 31 9 som
190 476 13 17 ej
212 476 161 17 deltager
275 469 16 30 i
290 476 83 17 landsting,
378 477 49 12 tillhör
433 480 56 9 samma
497 474 2 15 |

41 495 65 13 valkrets
118 498 31 9 som
160 494 25 13 det
194 494 145 16 landstingsområde,
347 494 33 13 vari
389 493 52 14 staden
450 493 39 13 förut

40 513 54 16 ingått.
112 512 41 12 Flera
166 510 151 18 landstingsområden
326 511 50 13 kunna
384 511 106 13 sammanföras

41 530 5 13 i
54 533 18 9 en
85 529 70 15 valkrets;
169 532 33 10 men
215 529 13 16 ej
242 529 23 12 må
278 528 140 16 landstingsområde
432 528 40 13 delas
480 529 9 12 å

40 546 48 13 skilda
102 546 85 13 valkretsar.
204 546 96 16 Indelningen
309 546 4 13 i
322 545 80 13 valkretsar
410 545 80 13 innehålles

40 564 5 13 i
54 564 72 16 vallagen.
145 564 27 12 För
185 564 39 15 varje
238 563 63 13 valkrets
312 563 46 16 väljes
366 563 36 13 efter
411 563 79 16 folkmäng-

41 582 28 12 den
82 581 41 13 inom
137 580 32 14 dess
183 581 59 13 område
254 584 17 9 en
280 580 98 17 riksdagsman
387 580 21 13 för
416 582 33 11 vart
458 580 32 13 fullt

42 599 24 14 tal,
75 598 101 13 motsvarande
182 598 29 15 1/;s9
217 602 18 9 av
241 597 44 14 rikets
294 597 87 16 folkmängd.
388 597 102 14 Valkretsarna

40 616 57 13 indelas
109 616 5 12 i
127 615 31 13 åtta
171 619 68 12 grupper,
252 615 50 13 vilken
315 614 75 17 indelning
399 615 77 13 fastställes
485 615 5 12 i
498 625 2 9 |

40 634 72 15 vallagen.
125 632 45 16 Varje
179 633 15 12 år
203 632 46 13 under
258 632 82 16 september
349 632 54 13 månad
408 632 36 13 skall
450 632 40 13 inom
498 637 2 15 |

40 655 18 9 ea
72 654 19 9 av
103 650 64 13 nämnda
176 653 62 13 grupper
247 649 69 14 förrättas
326 649 24 14 val
359 651 21 11 för
391 650 109 16 nästföljande
487 642 16 30 |

41 667 112 17 åttaårsperiod.
170 667 28 13 Det
215 667 40 13 antal
271 667 101 16 riksdagsmän
390 667 17 13 de
445 666 55 16 skilda
488 662 14 27 |

42 685 96 13 valkretsarna
148 684 40 13 skola
197 685 31 12 utse
240 684 86 13 bestämmes
336 684 45 16 enligt
389 684 102 13 ovannämnda

40 706 42 9 norm
96 706 19 9 av
129 701 80 16 Konungen
224 702 33 12 vart
273 705 30 9 10:e
317 702 16 12 år
348 701 26 15 (K.
388 701 44 16 kung.
441 701 50 13 härom

41 719 18 17 9/5
69 720 46 16 1924).
129 718 70 14 Ledamot
208 722 19 9 av
237 718 50 13 Första
295 718 90 15 kammaren,
394 722 32 9 som
434 718 32 13 icke
475 719 15 12 är
499 721 1 9 |

42 737 49 13 bosatt
100 736 9 13 å
118 737 27 14 ort,
156 735 26 13 där
190 735 58 16 riksdag
254 735 49 15 hålles,
310 735 66 17 åtnjuter
382 739 18 9 av
406 735 85 13 statsmedel
498 733 2 7 |

40 753 96 14 resekostnad
149 752 22 14 till
183 753 28 13 och
219 753 31 13 från
260 752 76 17 riksdagen
345 754 39 12 samt
393 753 4 12 i
407 753 84 16 dagtrakta-

41 772 49 12 mente
104 774 16 12 32
133 770 28 15 kr.,
172 770 46 13 vilket
226 770 127 16 dagtraktamente
362 770 13 16 ej
384 769 22 14 får
418 769 73 17 överstiga

41 788 96 16 sammanlagt
150 790 41 13 4,500
202 788 23 12 kr.
241 787 53 13 Annan
305 787 65 13 ledamot
379 791 18 9 av
406 787 84 13 kammaren

42 805 54 13 undfår
102 805 4 13 i
113 805 127 15 dagtraktamente
247 808 16 12 24
269 805 28 13 kr.,
303 804 37 14 dock
346 805 96 15 sammanlagt
448 805 42 16 bögst

43 826 40 13 3,400
92 822 22 13 kr.
127 821 76 17 Därjämte
212 822 33 16 äger
253 822 104 16 riksdagsman,
366 826 31 9 som
407 822 46 13 under
461 822 28 16 lag-

41 840 37 13 tima
87 839 57 16 riksdag
153 839 37 13 efter
199 838 64 17 beviljad
272 839 63 16 ledighet
344 839 60 13 besöker
410 839 79 15 hemorten,

42 858 22 12 att
74 861 19 9 av
101 856 85 13 statsmedel
194 856 46 13 undfå
248 856 82 16 ersättning
336 856 22 13 för
364 856 45 13 därav
415 856 76 13 föranledd
498 860 2 14 |

40 873 100 15 resekostnad,
154 873 37 13 dock
204 873 22 13 för
239 873 42 16 högst
295 877 7 9 2
314 877 40 9 resor
366 873 38 14 fram
416 873 27 14 och
455 873 45 14 åter.
489 869 11 26 |

43 891 62 13 Valbara
119 891 25 13 äro
157 891 32 12 män
202 891 28 12 och
241 890 67 14 kvinnor,
319 894 31 9 som
361 890 33 16 fyllt
405 894 16 13 35
431 891 15 12 år
453 892 38 11 samt

42 909 27 15 äga
82 908 27 13 och
120 908 44 13 minst
174 912 6 11 3
188 908 15 12 år
210 907 31 13 före
249 908 40 13 valet
298 908 25 16 ägt
330 908 72 15 fastighet,
412 908 79 15 taxerings-

42 925 70 13 värderad
126 925 22 13 till
159 925 87 12 åtminstone
259 928 49 12 50,000
316 924 27 15 kr.,
352 925 34 12 eller
395 925 27 12 ock
431 924 23 13 till
462 926 29 12 sta-

41 944 25 12 ten
75 943 49 12 skatta
133 942 38 13 samt
179 942 46 13 under
232 942 45 16 sagda
286 941 22 14 tid
315 942 57 13 skattat
378 942 21 13 för
404 942 64 13 inkomst
473 945 18 10 av

43 960 44 13 minst
97 964 39 12 3,000
146 960 56 12 kronor.

60 977 49 13 Andra
118 977 86 12 kammarens
212 976 72 13 ledamöter
293 976 25 12 äro
327 979 30 12 230,
367 976 43 12 valda
419 976 22 12 för
445 980 18 9 en
470 976 21 13 tid

42 997 19 9 av
69 994 32 16 fyra
110 994 21 14 år,
138 993 65 13 räknade
211 992 32 14 från
252 992 27 14 och
285 992 33 13 med
326 993 58 16 januari
392 992 61 14 månads
459 993 32 13 bör-

42 1011 25 16 jan
77 1011 32 13 året
118 1011 33 12 näst
159 1010 38 13 efter
206 1010 29 15 det,
245 1009 45 14 under
300 1010 47 13 vilket
355 1010 41 13 valet
403 1010 45 13 skett.
464 1010 27 13 För

42 1028 41 13 dessa
90 1028 24 13 val
122 1028 7 12 är
142 1028 36 13 riket
183 1027 55 13 indelat
244 1027 3 13 i
254 1027 17 13 28
277 1027 81 15 valkretsar,
365 1031 32 9 som
396 1020 45 30 välja
444 1020 48 30 minst

41 1049 8 12 3
78 1045 75 16 riksdagsmän
149 1037 40 30 var.
194 1037 42 30 Varje
242 1045 62 12 valkrets
311 1044 36 13 skall
355 1044 41 13 alltså
403 1044 19 13 ha
430 1048 17 9 en
456 1045 35 12 folk-

42 1062 57 16 mängd,
108 1065 30 10 som
146 1062 4 12 i
158 1062 38 15 regel
204 1062 40 15 utgör
257 1061 29 15 3/7,
299 1064 18 10 av
330 1061 44 13 rikets
385 1061 106 14 invånarantal.

42 1079 52 13 Rikets
106 1079 76 15 indelning
195 1079 5 12 i
215 1079 81 12 valkretsar
309 1078 81 13 innehålles
402 1079 4 12 i
419 1079 72 16 vallagen.

42 1096 44 16 Varje
95 1096 23 12 län
128 1096 41 16 utgör
178 1099 17 9 en
205 1095 69 16 valkrets,
283 1096 41 12 utom
335 1093 78 18 Älvsborgs
422 1096 29 15 län,
459 1099 31 9 som

41 1114 16 12 är
70 1113 40 13 delat
124 1113 4 13 i
142 1116 7 9 2
158 1112 61 16 kretsar,
227 1112 72 16 varjämte
312 1112 65 17 följande
390 1112 48 13 städer
451 1112 40 14 bilda

41 1134 27 10 var
81 1131 22 13 sin
116 1130 72 13 valkrets:
198 1130 13 15 1)
221 1129 90 16 Stockholm,
325 1131 13 15 2)
353 1130 57 15 Malmö,
424 1130 67 16 Hälsing-

42 1148 41 16 borg,
96 1147 95 13 Landskrona
204 1147 27 13 och
243 1146 48 17 Lund,
300 1147 13 16 3)
323 1147 77 16 Göteborg.
415 1147 28 13 Det
451 1148 40 12 antal

41 1165 103 15 riksdagsmän,
159 1164 39 16 varje
212 1164 63 13 valkrets
289 1165 32 15 äger
336 1166 35 13 utse,
383 1165 78 13 fastställes
470 1165 21 13 för

41 1182 40 15 varje
91 1181 105 17 fyraårsperiod
206 1185 18 9 av
235 1181 85 16 Konungen.

60 1199 49 13 Andra
120 1199 89 13 kammarens
219 1198 78 13 ledamöter
307 1199 58 16 åtnjuta
375 1202 55 9 samma
440 1198 51 13 ersätt-

41 1217 35 15 ning
90 1220 31 9 som
135 1216 50 13 Första
198 1216 95 13 kammarens,
305 1222 18 3 —
334 1215 57 13 Valrätt
405 1215 86 13 tillkommer

41 1237 45 9 envar
94 1233 52 13 svensk
155 1237 32 9 man
197 1233 27 13 och
233 1232 61 16 kvinna,
302 1236 31 10 som
342 1233 49 12 senast
399 1232 47 13 under
453 1233 38 12 näst-
499 1239 1 15 |

41 1250 85 17 föregående
140 1250 84 13 kalenderår
238 1250 32 16 fyllt
285 1254 16 12 23
314 1250 20 15 år,
346 1249 36 14 dock
394 1250 13 15 ej
418 1250 32 14 den,
460 1253 40 13 som
487 1242 15 30 |

41 1268 30 13 står
85 1267 46 13 under
143 1267 122 16 förmynderskap
273 1267 27 13 eller
317 1268 15 12 är
340 1266 6 13 i
354 1267 136 15 konkurstillstånd,

40 1285 14 16 ej
68 1285 45 13 heller
126 1284 33 15 den,
172 1288 32 10 som
216 1285 16 12 är
241 1288 18 9 av
268 1284 75 13 allmänna
351 1284 101 16 fattigvården
461 1288 31 9 om-

42 1301 99 17 händertagen
155 1302 22 12 för
190 1301 68 16 varaktig
265 1301 92 16 försörjning,
366 1302 35 12 eller
413 1301 34 15 den,
461 1305 30 9 som

41 1320 16 12 är
65 1319 32 13 från
107 1319 73 13 valrätten
190 1319 73 12 utesluten
273 1319 18 16 på
300 1318 47 17 grund
353 1322 18 9 av
378 1318 53 13 honom
439 1318 52 13 ådömd

40 1336 106 16 straffpåföljd,
154 1336 35 13 eller
198 1336 96 16 värnpliktig,
302 1339 32 10 som
342 1335 13 16 ej
366 1335 66 16 fullgjort
441 1335 18 13 de
468 1336 24 12 ho-

41 1357 35 9 nom
89 1354 11 12 t.
109 1357 14 9 o.
132 1357 20 9 m.
165 1353 73 15 utgången
250 1357 19 9 av
282 1352 100 14 sistförflutna
391 1352 110 15 kalenderåret
490 1348 12 27 |

41 1370 76 17 åliggande
131 1370 161 17 värnpliktsövningar.
310 1370 62 14 Valbara
385 1370 25 13 äro
423 1370 33 13 män
465 1370 27 13 och

40 1388 70 16 kvinnor,
124 1392 30 9 som
168 1389 26 15 äga
208 1388 53 13 valrätt
274 1389 40 12 inom
327 1388 80 12 valkretsen
420 1388 37 13 eller,
466 1388 25 12 där

40 1406 40 16 fråga
91 1406 15 12 är
116 1409 24 9 om
137 1398 49 30 stad,
189 1398 31 30 som
233 1405 47 13 består
290 1409 19 9 av
319 1405 35 13 flera
363 1405 84 15 valkretsar,
452 1405 40 13 inom

41 1423 46 16 någon
98 1426 18 9 av
126 1422 45 14 dessa,

47 1435 39 26 Till
89 1440 38 13 båda
132 1435 75 26 kamrarna
212 1435 23 26 ske
241 1440 41 12 valen
287 1439 32 13 med
323 1439 106 16 proportionellt
433 1439 59 13 valsätt.

58 1457 77 13 Allmänna
143 1458 24 12 val
176 1458 23 13 till
208 1457 49 13 Andra
266 1458 83 12 kammaren
358 1456 54 14 skedde
420 1458 50 12 senast
476 1456 16 13 år

42 1478 38 13 1924,
92 1474 39 14 vilka
144 1474 23 13 val
181 1475 36 16 gälla
230 1474 21 13 för
260 1474 69 17 perioden
340 1474 93 16 1925—1928.

637 264 67 18 Första
716 264 115 18 kammaren,

641 306 115 19 Stockholms
770 307 49 18 stad.

585 339 129 19 (Mandattiden
727 339 51 19 utgår
790 340 19 14 år
822 341 55 17 1929.)

506 367 81 18 Klefbeck,
603 368 51 14 Ernst
667 367 65 18 Alarik,
745 368 80 18 Kyrkoh.
838 369 51 18 [713],
904 368 11 15 f.
928 366 28 20 66;

528 388 22 16 21
562 390 43 19 (adr.
617 390 114 19 Stockholm).

507 414 72 17 Trygger,
597 413 60 17 Ernst,
675 413 24 17 fd,
717 413 110 19 Justitieråd,
839 414 52 19 [930],
904 414 11 15 f.
928 412 28 20 57;

529 435 21 16 21
563 436 42 19 (adr.
618 436 116 19 Stockholm).

506 459 70 19 Lindley,
582 459 71 15 Charles
660 459 66 18 Gustaf,
731 460 29 15 Sv.
765 460 191 18 transportarbetarför-

529 482 76 15 bundets
625 482 147 18 förtroendeman,
792 483 12 14 f.
823 481 28 19 65;
870 481 22 16 21
913 482 42 19 (adr.

529 505 114 19 Stockholm).

506 527 63 19 Clason,
586 528 77 16 Samuel,
681 527 131 16 Riksarkivarie
831 529 53 18 [121],
902 528 11 15 f.
928 526 28 20 67;

528 549 22 16 21
563 550 43 19 (adr.
619 549 113 23 Stockholm).

508 573 82 19 Berglund,
608 573 33 19 Jan
659 573 47 18 Erik,
726 573 65 16 Kassör
809 574 40 18 [88],
867 574 11 15 f.
894 571 27 20 64;
933 572 23 16 21

530 597 42 18 (adr.
586 596 94 19 Enskede).

507 619 79 19 Stendahl,
599 620 48 17 Sten,
666 619 111 15 Grosshandl.
796 620 51 18 [950],
866 619 11 15 f.
893 617 27 20 76;
933 617 21 17 21

530 643 43 18 (adr.
586 642 117 20 Stockholm).

507 666 84 18 Thorberg,
609 665 56 18 Johan
684 664 55 16 Arvid
754 664 84 19 Justinus,
850 664 106 20 Landsorga-

530 688 109 15 nisationens
651 688 43 15 ordf.
704 689 40 18 [90],
757 688 11 15 f.
777 686 27 19 77;
813 686 22 17 21
844 688 42 19 (adr.
896 688 61 15 Stock-

530 711 60 19 holm).

508 733 115 18 Hederstierna,
635 732 39 16 Carl
686 733 74 15 Fredrik
770 733 88 17 Wilhelm,
866 731 90 18 Överståt-

530 757 65 14 hållare
608 757 52 18 [474],
673 756 11 15 f.
696 754 28 19 61;
736 754 21 16 21
771 756 42 19 (adr.
826 756 115 19 Stockholm).

507 779 59 19 Lamm,
584 779 78 15 Herman
680 779 79 18 Fredrik,
775 779 116 18 Grosshandl.,
904 779 11 15 f.
929 777 27 20 53;

528 800 23 17 21
563 802 42 19 (adr.
618 802 115 19 Stockholm).

508 828 31 12 von
557 824 61 19 Sydow,
636 824 51 16 Adolf
700 825 86 18 Hjalmar,
799 824 41 15 Led.
853 829 22 10 av
887 824 70 16 Arbets-

530 848 49 14 rådet
593 848 40 18 [89],
646 848 11 14 f.
669 846 28 18 62;
708 846 21 16 21
742 846 43 22 (adr.
798 847 116 19 Stockholm).

508 870 93 19 Magnuson,
620 870 42 15 Paul
683 870 54 17 Knut,
756 870 89 18 Fabrikör,
864 870 11 15 f.
893 868 28 20 76;
934 868 23 16 24

530 894 43 18 (adr.
586 893 115 19 Stockholm).

509 942 119 25 [143—144]

548 975 116 19 Stockholms
678 975 34 18 län
726 975 33 18 och
779 975 86 23 Uppsala
879 975 39 18 län.

584 1007 132 19 (Mandattiden
728 1008 55 17 utgår
796 1007 18 15 år
828 1008 55 18 1930.)

509 1035 59 18 Möller,
581 1035 47 15 Fritz
643 1035 72 18 Gustav,
729 1035 80 16 Statsråd
821 1036 40 18 [52],
875 1035 11 15 f.
898 1033 28 20 84;
934 1034 23 16 22

530 1058 43 19 (adr.
586 1058 115 19 Stockholm).

508 1081 105 18 Lagerbjelke,
631 1081 56 18 Johan
706 1081 67 17 Gustaf,
792 1081 62 18 Greve,
869 1081 89 19 Byråchef

531 1105 51 18 [139],
594 1104 11 14 f.
618 1102 28 19 60;
658 1102 22 16 22
692 1103 42 19 (adr.
748 1101 71 21 Älvsjö).

508 1127 54 18 Berge,
580 1126 39 16 Nils
636 1126 57 17 Adolf,
712 1126 142 17 Folkskollärare,
867 1126 11 15 f.
895 1124 27 20 69;
935 1125 22 16 22

530 1149 42 19 (adr.
585 1149 107 19 Huvudsta).

508 1172 116 18 Reuterskiöld,
642 1172 38 15 Carl
693 1171 69 19 Ludvig
775 1171 66 20 August
854 1171 51 18 Axel,
919 1171 38 16 Pro-

531 1195 54 15 fessor
597 1196 52 18 [716],
661 1195 11 15 f.
684 1192 28 20 70;
724 1193 22 16 22
759 1194 43 19 (adr.
814 1194 90 19 Uppsala).

508 1217 68 20 Ekman,
589 1218 38 15 Carl
639 1217 68 17 Gustaf,
720 1217 151 19 Riksgäldsfullm.
885 1218 52 18 [211],
946 1217 11 15 f.

530 1239 28 19 72;
570 1239 22 16 22
605 1240 43 20 (adr.
661 1239 114 21 Stockholm).

509 1263 98 18 Wahlmark,
623 1263 39 15 Carl
680 1263 73 18 Primus,
765 1262 93 20 Typograf,
871 1263 11 15 f.
896 1261 27 19 83;
935 1261 23 16 22

531 1286 43 18 (adr.
587 1286 90 19 Uppsala).

510 1309 133 18 Hammarskjöld,
653 1309 48 14 Knut
710 1308 80 18 Hjalmar
798 1308 85 17 Leonard,
893 1308 64 15 Lands-

531 1332 77 19 hövding
620 1332 50 21 [476],
683 1331 11 15 f.
707 1329 27 19 62;
746 1329 23 16 22
781 1331 42 18 (adr.
836 1330 91 20 Uppsala).

509 1354 49 18 Julin,
577 1354 56 18 Johan
649 1354 80 19 Hjalmar
743 1353 75 18 Teodor,
831 1354 73 15 Notarie
917 1354 41 19 [97],

532 1378 11 14 f.
555 1375 28 19 80;
595 1375 22 17 22
630 1377 42 19 (adr.
685 1376 113 19 Stockholm).

510 1400 57 18 Borell,
585 1401 42 14 Karl
645 1400 63 15 Gustaf
724 1399 87 18 Theodor,
823 1399 71 16 Hhövd.
906 1400 53 19 [216],

532 1423 11 14 f.
556 1421 27 19 69;
594 1421 23 16 22
629 1423 43 19 (adr.
685 1422 179 20 Saltsjö-Storängen).

510 1445 45 19 Fehr,
567 1446 65 15 Martin
644 1446 90 17 Nikolaus,
747 1445 89 16 Professor
847 1446 52 20 [820],
911 1445 11 15 f.
930 1443 28 19 85;

532 1467 22 17 23
566 1469 43 19 (adr.
622 1468 115 19 Stockholm).

481 1518 29 13 141
