1054 1574
67 54 50 33 [148]

66 197 52 23 [148]

494 57 104 21 Riksdagen

67 236 30 24 V.
122 236 255 30 RIKSDAGEN,
400 237 97 24 DESS
520 232 268 30 OMBUDSMÄN
811 238 83 25 OCH
917 238 110 25 VERK

240 314 110 23 Riksdagen

88 359 84 16 Riksdagen
180 359 42 16 skall,
230 359 5 13 i
242 359 39 13 kraft
289 363 18 9 av
315 360 44 13 rikets
368 360 115 15 regeringsform,
492 363 38 10 sam-

68 377 77 13 manträda
155 377 38 16 varje
202 377 16 13 år
227 377 28 13 den
267 377 16 13 10
291 377 58 16 januari
358 378 38 15 eller,
406 382 25 9 om
440 378 62 15 helgdag
511 378 19 13 då

68 395 70 15 inträffar,
147 395 47 15 dagen
204 395 67 13 därefter.
281 395 85 16 Riksdagen
375 396 36 12 skall
420 399 35 9 vara
464 396 66 13 avslutad

67 413 28 13 den
107 413 15 12 31
135 413 81 13 december.
230 413 34 13 1949
275 413 92 13 avskaffades
378 413 82 16 begreppen
471 413 60 16 lagtima

67 430 29 13 och
109 430 53 13 urtima
174 431 59 15 riksdag
246 431 29 12 och
287 433 60 11 ersattes
360 435 18 9 av
391 431 86 15 vårsession,
491 431 39 13 höst-

67 448 56 13 session
130 448 28 13 och
166 450 40 11 extra
213 448 60 13 session.
282 448 105 13 Vårsessionen
394 449 37 13 skall
439 449 3 12 i
451 449 37 15 regel
496 453 35 9 vara

67 466 66 12 avslutad
142 466 28 12 den
178 466 15 12 31
204 466 33 15 maj.

89 484 50 12 Första
149 483 91 13 kammarens
249 483 79 13 ledamöter
338 484 26 12 äro
377 483 26 13 150
413 483 28 13 och
452 483 45 16 väljas
507 483 24 13 för

67 500 31 14 åtta
108 501 20 15 år,
139 501 65 13 räknade
214 501 33 13 från
257 501 29 13 och
296 501 34 13 med
339 501 58 16 januari
406 501 62 13 månads
478 501 53 16 början

68 518 30 14 året
109 520 33 11 näst
152 519 37 13 efter
199 519 29 15 det,
240 519 46 13 under
297 519 44 13 vilket
352 519 38 13 valet
400 519 42 16 skett,
454 523 18 9 av
483 519 48 13 lands-

68 536 49 16 tingen
130 536 29 13 och
171 536 132 16 stadsfullmäktige
316 537 4 12 i
334 537 18 13 de
364 537 53 15 städer,
431 541 32 9 som
476 537 12 15 ej
502 537 29 13 del-

68 556 33 13 taga
110 554 5 13 i
124 554 78 15 landsting.
213 554 29 13 För
251 554 23 13 val
283 554 21 13 till
314 554 51 13 Första
375 555 85 12 kammaren
469 555 16 12 är
494 555 37 12 riket

68 572 54 13 indelat
131 572 4 13 i
146 572 16 13 19
172 572 83 13 valkretsar.
265 572 94 13 Stockholms
368 572 32 13 stad
409 572 29 13 och
447 572 84 16 Göteborgs

67 590 33 13 stad
108 591 53 14 utgöra
170 593 25 9 var
204 590 23 13 för
235 590 21 15 sig
264 594 19 9 en
292 590 66 13 valkrets.
368 591 55 12 Annan
431 590 37 15 stad,
477 594 32 9 som
518 590 12 15 ej

68 608 64 15 deltager
145 608 4 12 i
162 608 78 15 landsting,
254 608 50 12 tillhör
316 612 57 9 samma
386 608 62 13 valkrets
462 612 32 9 som
507 608 24 13 det

68 625 147 15 landstingsområde,
226 625 30 13 vari
265 626 52 12 staden
326 625 40 14 förut
376 626 50 15 ingått.
436 626 95 15 Indelningen

68 643 4 13 i
86 643 79 13 valkretsar
179 643 79 13 innehålles
271 643 4 13 i
289 643 70 16 vallagen.
374 644 29 12 För
416 643 39 16 varje
468 643 63 13 valkrets

69 660 43 16 väljes
125 661 37 12 efter
174 661 106 15 folkmängden
293 661 41 13 inom
347 661 32 13 dess
392 661 61 13 område
465 665 18 9 en
496 661 35 13 riks-

68 679 72 15 dagsman
150 678 24 13 för
184 681 32 10 vart
226 678 33 13 fullt
269 679 25 15 tal,
305 679 103 13 motsvarande
419 679 30 15 !/,;,
459 683 18 9 av
488 679 43 13 rikets

68 696 92 15 folkmängd.
171 696 104 13 Valkretsarna
284 696 56 13 indelas
350 697 4 12 i
365 696 30 14 åtta
405 700 67 12 grupper,
483 697 49 12 vilken

68 714 75 15 indelning
153 714 77 13 fastställes
240 714 4 13 i
254 714 70 15 vallagen.
335 714 43 16 Varje
388 714 16 13 år
414 714 45 13 under
469 714 63 13 oktober

68 731 54 13 månad
132 732 37 12 skall
178 735 41 9 inom
228 735 18 9 en
256 735 18 9 av
283 732 66 13 nämnda
358 736 63 12 grupper
430 732 69 13 förrättas
508 732 23 13 val

68 749 23 13 för
103 749 99 16 nästföljande
214 749 111 16 åttaårsperiod.
338 750 29 13 Det
379 750 39 13 antal
431 750 101 15 riksdagsmän

68 767 18 13 de
97 767 71 13 särskilda
180 767 100 13 valkretsarna
292 768 42 12 skola
346 769 31 12 utse
389 768 87 13 bestämmes
487 768 45 15 enligt

68 785 105 13 ovannämnda
181 789 43 9 norm
232 789 18 9 av
258 785 85 16 Konungen
350 787 32 11 vart
391 785 31 14 10:e
430 785 15 13 år
453 786 25 15 (K.
487 785 44 16 kung.

68 803 52 13 härom
129 802 24 16 ?/;
163 803 46 15 1952).
217 803 64 13 Valbara
289 804 26 12 äro
323 803 4 13 i
335 803 115 13 kommunernas
458 803 74 13 allmänna

68 820 121 16 angelägenheter
201 821 121 15 röstberättigade
334 822 34 12 män
380 821 28 13 och
419 821 68 16 kvinnor,
499 825 33 9 som

69 838 62 16 uppnått
139 838 17 13 23
164 838 23 13 års
195 838 44 13 ålder.

89 856 50 13 Andra
151 856 91 13 kammarens
253 856 78 13 ledamöter
344 856 41 13 skola
397 857 21 13 till
431 857 54 13 antalet
497 860 35 9 vara

69 874 27 12 230
105 874 35 13 eller
149 874 24 13 det
184 874 45 15 högre
238 874 19 13 tal
268 878 32 9 som
311 874 82 13 föranledes
403 878 18 9 av
431 874 87 16 stadgandet
528 874 4 13 i

71 892 45 15 1583
125 896 13 8 0.
146 892 10 12 4
164 896 46 9 mom.
218 892 154 15 riksdagsordningen,
380 892 42 13 valda
430 892 23 13 för
460 896 18 9 en
486 892 20 13 tid
514 896 18 9 av

69 909 31 16 fyra
107 909 20 16 år,
133 909 65 13 räknade
204 909 32 13 från
242 909 28 13 och
276 910 33 12 med
314 910 57 15 januari
377 910 61 13 månads
445 910 51 15 början
502 910 30 13 året

69 928 32 12 näst
113 927 36 13 efter
160 927 29 15 det,
201 927 46 13 under
258 927 44 13 vilket
313 927 38 13 valet
362 928 41 12 skett.
416 928 29 12 För
456 928 42 12 dessa
509 927 23 13 val

69 945 16 12 är
93 945 37 13 riket
138 945 54 13 indelat
202 945 3 13 i
214 945 17 13 28
241 945 83 13 valkretsar.
334 945 29 13 För
371 945 38 16 varje
417 945 63 13 valkrets
489 945 43 16 väljes

68 962 36 14 efter
110 962 107 16 folkmängden
224 963 40 13 inom
271 963 32 13 dess
310 963 61 13 område
377 967 19 9 en
402 963 101 16 riksdagsman
509 963 24 13 för

69 982 31 11 vart
112 981 33 12 fullt
157 980 24 15 tal,
195 981 104 13 motsvarande
312 981 31 15 !/2,
355 985 18 9 av
385 981 44 13 rikets
441 981 91 15 folkmängd.

71 998 51 13 Rikets
138 998 75 16 indelning
229 998 5 13 i
250 998 79 13 valkretsar
346 999 79 17 innehålles
441 999 4 13 i
462 999 70 15 vallagen.

70 1016 43 15 Varje
123 1016 24 13 län
158 1017 44 14 utgör
211 1020 18 9 en
240 1016 67 15 valkrets,
319 1019 41 10 utom
370 1017 80 15 Älvsborgs
460 1017 29 15 län,
500 1020 33 9 som

69 1034 16 13 är
91 1034 39 13 delat
138 1034 3 13 i
149 1034 8 12 2
165 1034 60 15 kretsar,
232 1034 70 15 varjämte
309 1034 65 16 följande
381 1035 48 12 städer
436 1034 39 13 bilda
481 1038 25 9 var
511 1034 22 13 sin

70 1051 67 13 valkrets:
148 1051 13 15 1)
170 1052 91 15 Stockholm,
270 1052 15 15 2)
294 1052 62 15 Malmö,
366 1052 103 16 Hälsingborg,
478 1052 55 13 Lands-

70 1069 48 13 krona
127 1069 29 13 och
166 1069 47 16 Lund,
224 1069 14 16 3)
248 1069 81 16 Göteborg.
339 1070 30 13 Det
378 1070 39 13 antal
427 1070 106 15 riksdagsmän,

70 1087 39 15 varje
116 1087 63 13 valkrets
186 1088 34 14 äger
227 1089 36 13 utse,
270 1087 77 13 fastställes
354 1088 23 12 för
383 1088 38 15 varje
426 1088 107 15 fyraårsperiod

70 1108 18 9 av
98 1105 85 15 Konungen
193 1105 25 15 (K.
226 1105 44 15 kung.
278 1105 52 13 härom
338 1104 25 16 "/;
372 1105 34 13 1956
415 1113 19 2 —
440 1100 31 26 SFS
482 1109 17 9 nr
508 1105 25 13 119

69 1130 14 2 —
82 1122 44 13 enl.
137 1122 47 13 vilken
192 1123 112 15 sammanlagda
311 1123 55 13 antalet
373 1124 43 14 utgör
423 1123 24 13 231
456 1123 23 13 för
486 1123 48 16 perio-

70 1140 27 13 den
112 1140 92 15 1957-1960).
218 1140 57 13 Valrätt
284 1140 89 13 tillkommer
383 1144 44 10 envar
437 1141 52 13 svensk
499 1145 34 8 man

70 1158 28 13 och
106 1158 58 15 kvinna,
172 1162 32 9 som
211 1160 49 11 senast
267 1158 46 13 under
320 1158 121 16 nästföregående
448 1158 86 14 kalenderår

70 1176 31 15 fyllt
112 1176 15 12 21
139 1175 21 16 år,
170 1176 39 12 dock
217 1176 13 15 ej
237 1176 32 15 den,
277 1180 32 9 som
316 1176 30 13 står
353 1177 46 12 under
406 1177 126 15 förmynderskap.

69 1193 64 13 Valbara
143 1194 26 12 äro
180 1194 34 12 män
221 1194 28 12 och
256 1194 68 15 kvinnor,
331 1198 32 9 som
370 1194 63 16 uppnått
439 1194 18 13 23
464 1194 23 13 års
494 1194 40 13 ålder

70 1213 37 11 samt
118 1212 28 15 äga
156 1211 53 13 valrätt
219 1211 41 13 inom
271 1211 81 13 valkretsen
360 1212 39 15 eller,
406 1212 26 13 där
439 1212 40 16 fråga
486 1213 16 12 är
508 1216 25 9 om

70 1229 36 15 stad,
113 1233 32 9 som
151 1229 48 13 består
206 1233 18 9 av
231 1229 34 13 flera
272 1229 85 16 valkretsar,
363 1230 41 13 inom
409 1230 49 15 någon
464 1234 17 9 av
487 1230 46 13 dessa.

91 1247 59 13 Genom
158 1251 18 9 en
185 1247 16 13 år
211 1247 33 13 1941
254 1247 76 16 företagen
338 1248 62 15 ändring
409 1248 3 13 i
421 1248 6 15 $
436 1248 18 12 30
462 1248 72 15 riksdags-

70 1265 82 15 ordningen
161 1265 27 12 har
197 1265 75 15 möjlighet
282 1265 52 13 beretts
343 1267 21 11 att
374 1266 23 12 vid
406 1265 32 16 krig
446 1266 34 12 eller
489 1266 45 15 krigs-

70 1282 32 13 fara
113 1282 79 16 uppskjuta
204 1283 22 12 val
237 1283 21 13 till
269 1283 82 16 riksdagen,
362 1283 40 13 såväl
413 1283 21 13 till
444 1283 46 13 första
501 1287 33 9 som

70 1300 46 13 andra
122 1300 91 13 kammaren.

91 1317 97 14 Gemensamt
202 1318 23 13 för
238 1318 39 13 båda
292 1318 86 13 kamrarnas
391 1319 81 12 ledamöter
485 1319 48 15 gäller,

70 1337 21 11 att
97 1335 204 16 riksdagsmannabefattning
307 1336 29 13 kan
343 1337 52 12 utövas
400 1337 51 12 endast
458 1340 17 9 av
481 1337 53 13 svensk

70 1353 100 15 medborgare.

91 1371 27 13 Till
132 1371 39 13 båda
185 1371 79 13 kamrarna
278 1371 25 13 ske
317 1371 42 13 valen
373 1372 33 13 med
421 1372 113 15 proportionellt

70 1388 56 13 valsätt.

91 1406 80 13 Allmänna
180 1406 23 13 val
212 1407 21 12 till
242 1407 52 12 Andra
303 1407 86 13 kammaren
398 1407 55 13 skedde
462 1410 47 11 senast
519 1407 16 14 år

72 1424 39 15 1956,
119 1424 24 13 för
150 1424 70 15 perioden
230 1424 95 13 1957—1960.

92 1442 94 12 Beträffande
199 1442 99 15 ersättningen
312 1442 23 13 för
348 1442 188 16 riksdagsmannauppdra-

70 1461 30 14 gets
110 1459 94 16 fullgörande
214 1460 38 13 hava
263 1460 108 13 bestämmelser
381 1460 42 16 givits
433 1461 4 12 i
447 1464 18 9 en
475 1464 19 9 av
504 1461 32 12 Ko-

566 317 58 11 nungen
634 313 28 13 och
671 313 77 16 riksdagen
758 313 15 13 år
784 313 33 14 1941
828 313 64 14 samfällt
901 314 66 13 beslutad
977 314 51 15 stadga

566 331 22 15 (21
602 331 36 13 febr.
653 331 33 13 1941
700 331 33 13 med
746 331 40 13 ändr.
799 333 48 11 senast
861 331 45 16 1954).
919 332 109 15 Riksdagsman

566 349 63 15 åtnjuter
640 349 55 13 arvode
706 349 32 13 från
750 349 28 13 och
789 349 33 13 med
834 350 28 12 den
873 349 33 16 dag,
918 349 18 13 då
948 349 29 13 han
988 352 40 13 tager

567 367 37 15 plats
610 367 4 13 i
620 366 77 16 riksdagen
703 367 21 13 till
730 367 28 13 och
764 367 33 13 med
803 367 28 13 den
838 367 32 16 dag,
877 367 18 13 då
902 367 126 16 riksdagsmanna-

567 385 81 15 uppdraget
656 385 62 15 upphör.
726 385 66 13 Arvodet
799 386 59 14 utgöres
865 389 18 9 av
890 385 102 16 grundarvode
1000 385 28 13 och

566 402 155 16 kostnadsersättning.
734 402 109 14 Grundarvode
855 403 41 15 utgår
907 403 34 13 med
953 403 42 16 9,000
1007 403 20 13 kr.

566 420 24 13 för
600 420 20 13 år.
631 420 157 16 Kostnadsersättning
799 420 42 16 utgår
851 421 33 13 med
895 420 41 16 3,000
946 421 22 13 kr.
979 421 23 12 för
1013 421 15 13 år

567 442 24 9 om
602 438 100 16 riksdagsman
712 439 16 12 är
738 438 48 13 bosatt
796 439 41 12 inom
847 441 23 11 ort
879 438 26 13 där
915 439 59 15 riksdag
983 438 45 14 hålles

567 458 37 10 samt
617 456 40 15 eljest
670 456 33 12 med
716 456 41 15 8,000
770 456 21 13 kr.
805 456 23 13 för
840 456 20 13 år.
873 456 109 15 Riksdagsman
995 457 33 14 äger

567 473 19 15 på
598 473 24 13 det
634 473 81 13 allmännas
727 473 82 13 bekostnad
822 474 65 15 företaga
899 477 40 9 resor
951 473 8 13 å
971 474 57 15 statliga

567 491 28 13 och
608 491 66 13 enskilda
685 491 81 15 järnvägar.
780 491 113 16 Riksdagsman,
906 495 32 9 som
951 492 16 12 är
980 491 48 13 bosatt

567 508 8 14 å
586 512 50 10 annan
647 511 22 11 ort
680 509 19 12 än
710 509 26 13 där
747 509 77 15 riksdagen
835 509 49 15 hålles,
896 509 34 15 äger
939 509 54 16 jämväl
1005 509 23 13 vid

567 527 95 15 begagnande
676 530 18 9 av
708 529 45 10 annat
767 527 80 13 färdmedel
862 527 18 12 än
895 527 4 13 i
913 527 47 13 första
973 527 56 15 stycket

567 546 38 14 sagts
618 544 19 15 på
651 544 24 13 det
687 544 82 13 allmännas
781 544 83 13 bekostnad
877 548 32 9 resa
921 545 21 12 till
955 544 29 13 och
996 544 32 13 från

567 562 77 15 riksdagen
655 564 37 11 samt
703 562 46 13 under
760 562 85 13 sessionstid
855 562 54 13 mellan
919 562 109 16 riksdagsorten

567 580 28 13 och
602 580 81 13 hemorten.

588 597 113 16 Riksdagsman,
709 601 32 9 som
749 598 55 13 tillhört
812 598 77 15 riksdagen
897 598 44 13 minst
949 598 8 13 8
966 597 20 16 år,
995 598 34 15 äger

567 616 28 12 rätt
602 615 21 13 till
630 616 66 15 pension,
704 619 14 9 se
725 615 32 13 SFS
764 616 57 15 464/47,
828 615 56 16 507/51,
892 615 50 16 788/51
951 619 13 9 o.
971 615 48 15 96/54.

588 633 91 13 Kamrarnas
687 633 54 13 talmän
749 633 55 13 erhålla
812 633 175 16 representationsbidrag
996 633 32 13 med

567 650 43 16 högst
617 651 42 15 5,000
666 651 21 13 kr.
695 651 23 13 för
725 651 20 13 år.

675 720 89 19 FÖRSTA
778 723 141 16 KAMMAREN

725 765 104 15 Stockholms
837 765 38 15 stad

662 800 126 19 (Mandattiden
799 800 48 19 utgår
857 800 18 16 år
888 801 46 18 1961)

568 842 80 19 Bergvall,
663 842 44 15 John
722 842 73 18 Helmer,
811 842 64 18 Fil.M.,
890 842 23 15 fd.
929 842 100 19 Borgarråd,

592 866 71 18 Talman,
672 866 27 18 92;
708 866 20 15 54
736 866 42 18 (adr.
788 866 112 18 Stockholm).

569 889 65 19 Strand,
643 890 42 15 Axel
693 889 83 19 Wilhelm,
786 889 184 19 Riksgäldsfullmäktig
980 889 48 19 [211],

591 913 56 15 Förste
660 914 33 14 vice
707 913 65 18 talman,
786 914 27 17 93;
828 913 20 15 54
861 913 42 18 (adr.
917 913 111 18 Stockholm).

568 937 79 18 Englund,
655 936 39 16 Erik
701 936 83 19 Wilhelm,
792 937 60 18 Fil.D.,
859 937 44 18 J.K.,
910 936 23 16 fd.
942 936 86 19 Aktuarie,

591 961 26 17 89;
629 961 20 15 54
659 960 42 19 (adr.
713 960 111 19 Stockholm).

568 984 84 19 Branting,
668 984 62 19 Georg,
746 984 44 18 J.K.,
806 984 85 18 Advokat,
908 984 26 19 87;
950 984 21 15 54
986 984 42 19 (adr.

591 1008 111 18 Stockholm).

569 1032 75 18 Ewerlöf,
657 1032 47 15 Knut
716 1031 77 16 Gerhard
805 1031 68 19 (förutv.
886 1031 88 19 Statsråd),
986 1032 14 15 J.
1013 1036 16 11 o.

592 1055 59 18 Fil.K.,
672 1055 84 19 Direktör,
777 1056 101 18 KmstkNO,
898 1056 28 18 90;
947 1056 20 15 54
987 1055 41 19 (adr.

591 1079 111 18 Stockholm).

569 1099 59 21 Åman,
646 1102 55 15 Oskar
718 1102 62 19 Valter,
799 1102 85 19 Direktör,
902 1103 27 18 05;
949 1103 20 15 54
987 1102 42 19 (adr.

592 1126 88 18 Enskede).

570 1149 55 16 Gärde
635 1150 88 18 Widemar,
734 1150 61 18 Ingrid,
803 1150 11 15 f.
823 1150 62 18 Gärde,
892 1150 44 18 J.K.,
944 1149 85 19 Advokat,

593 1173 25 18 12;
630 1174 20 14 54
660 1173 42 19 (adr.
713 1173 111 19 Stockholm).

570 1197 97 18 Lindström,
685 1197 39 15 Ulla
742 1197 74 18 Gunilla,
833 1197 12 15 f.
863 1197 73 18 Wohlin,
954 1197 75 16 Statsråd

593 1220 37 19 [48],
639 1221 27 18 09;
677 1221 19 15 54
705 1220 42 19 (adr.
757 1221 110 18 Stockholm).

569 1244 77 19 Aastrup,
665 1244 37 16 Nils
718 1245 65 15 Gustav
799 1245 48 18 Emil,
865 1245 84 18 Direktör,
965 1245 27 18 00;
1010 1245 19 15 54

592 1268 42 18 (adr.
643 1268 110 18 Stockholm).

570 1292 77 18 Mogård,
659 1292 55 15 Johan
726 1292 52 15 Adolf
790 1292 55 18 Bertil,
858 1292 109 19 Kontr.prost
980 1292 48 19 [711],

592 1315 26 18 92;
628 1316 20 14 54
656 1315 42 19 (adr.
707 1316 111 17 Stockholm).

570 1339 98 18 Andersson,
684 1339 49 15 Ebon
750 1339 55 15 Maria
820 1339 76 19 Isabella,
912 1339 118 16 Bibliotekarie

594 1362 48 19 [729],
654 1363 27 18 96;
693 1363 20 15 54
724 1362 42 19 (adr.
779 1363 110 18 Stockholm).

570 1386 70 19 Elfving,
651 1386 55 15 Oskar
716 1386 55 16 Gösta
782 1387 74 18 Charles,
868 1386 92 19 Redaktör,
971 1387 27 17 08;
1011 1386 19 16 54

593 1410 42 18 (adr.
645 1410 91 18 Bromma).

571 1433 103 19 Lundström,
685 1433 37 15 Nils
734 1433 61 19 Birger,
807 1434 161 18 Riksombudsman,
980 1433 50 16 Parti-

593 1457 65 18 sekret.,
668 1457 27 18 04;
706 1457 20 15 54
735 1457 42 19 (adr.
788 1457 92 19 Bromma).

534 1501 36 18 250
