1066 1590
65 61 53 23 [160]

67 264 50 23 [160]

495 62 103 22 Riksdagen

228 261 31 25 V.
277 260 245 26 RIKSDAGEN
539 261 84 25 OCH
639 261 97 24 DESS
753 261 109 24 VERK

488 333 118 25 Riksdagen

247 381 137 19 Riksdagshuset.
394 381 23 15 Pa
426 381 51 18 Fack,
488 380 30 16 100
525 380 18 15 12
552 380 100 16 Stockholm
660 380 25 16 46.
695 380 34 16 Tel.
739 380 51 20 08/22
796 380 20 15 95
823 380 25 15 60.

87 438 137 16 Regeringsformen
235 439 28 13 den
270 438 6 13 6
284 438 32 16 juni
324 439 35 12 1809
366 438 80 16 (omtryckt
454 438 42 13 1969:
496 433 44 27 795).
548 437 156 17 Riksdagsordningen
711 438 27 13 den
746 438 18 12 22
769 437 32 16 juni
809 437 35 13 1866
855 437 80 16 (omtryckt
942 437 42 13 1969:
990 437 38 15 796).

69 460 30 15 Lag
109 464 25 9 om
144 460 23 13 val
176 459 21 13 till
208 459 78 16 riksdagen
295 460 29 13 den
334 459 18 13 26
362 463 34 10 nov.
408 459 36 13 1920
453 459 25 15 (nr
489 459 33 15 796,
532 459 57 13 ändrad
599 461 49 11 senast
656 459 40 13 1969:
704 459 33 15 823).
750 458 126 16 Riksdagsstadga
883 458 28 13 den
918 458 17 13 23
943 462 39 9 mars
994 458 34 13 1949

69 480 190 15 (Konstitutionsutskottet
272 480 40 13 1949:
319 480 21 15 11,
351 480 56 13 ändrad
413 482 49 10 senast
469 479 36 13 RFS
514 479 40 13 1967:
560 479 20 15 4).
587 479 128 15 Ordningsstadga

734 480 11 11 ör
752 479 85 15 riksdagens
844 479 46 12 första
897 479 76 12 kammare
982 479 29 12 den
1020 478 9 13 6

69 500 38 17 april
117 500 35 14 1949
162 501 29 13 och
201 501 46 13 andra
254 501 76 13 kammare
336 501 29 12 den
372 500 17 13 27
397 500 37 16 april
442 500 35 13 1949
484 500 81 15 (omtryckt
571 500 34 13 med
611 502 59 11 senaste
676 500 41 13 ändr.
725 499 36 13 RFS
770 499 40 13 1967:
818 499 16 13 13
841 503 37 12 resp.
886 499 36 13 RFS
932 499 39 13 1967:
979 499 27 15 14).

89 545 83 15 Riksdagen
184 545 35 13 skall
228 545 110 13 sammanträda
348 545 39 15 varje
393 544 16 13 år
416 545 28 12 den
452 544 17 13 10
474 544 57 16 januari

70 563 39 15 eller,
117 567 24 9 om
149 563 61 15 helgdag
216 563 19 13 då
243 563 70 15 inträffar,
320 563 47 15 dagen
373 563 67 12 därefter.
448 562 83 15 Riksdagen

70 581 36 13 skall
118 585 35 9 vara
162 581 66 13 avslutad
239 581 27 12 den
278 581 15 12 31
306 581 81 12 december.
400 580 84 15 Riksdagen
494 584 38 8 sam-

70 599 86 13 .manträder
163 599 21 13 till
191 599 81 13 vårsession
280 599 29 12 och
316 598 95 15 höstsession;
418 598 25 13 vid
448 598 49 13 behov
502 598 30 13 kan

70 617 76 13 anordnas
156 619 40 11 extra
208 620 60 9 session.
282 616 105 13 Vårsessionen
396 616 36 13 skall
441 616 3 13 i
453 616 37 15 regel
498 619 33 9 vara

71 635 66 13 avslutad
144 635 28 12 den
180 634 14 13 31
205 634 33 16 maj.

88 653 50 12 Första
149 653 90 12 kammarens
249 652 77 13 ledamöter
337 653 16 12 är
365 652 25 13 150
403 651 36 13 eller
450 651 26 13 det
487 651 44 15 högre

71 670 20 14 tal
104 674 32 9 som
150 670 84 13 föranledes
247 674 17 9 av
277 670 88 16 stadgandet
377 670 4 12 i
393 669 22 16 68
429 670 5 12 1
445 673 14 9 o.
469 669 9 13 4
486 673 45 9 mom.

70 688 150 16 riksdagsordningen
231 688 35 15 (f.n.
279 688 37 16 151).
326 688 24 13 De
360 687 35 16 väljs
405 687 23 13 för
435 687 30 13 åtta
472 687 21 15 år,
500 687 32 13 räk-

71 706 39 13 nade
119 706 18 13 fr.
143 710 14 9 o.
163 710 20 9 m,
192 706 57 15 januari
259 705 61 14 månads
327 705 53 16 början
387 705 30 13 året
425 706 32 12 näst
465 705 36 13 efter
508 705 24 13 det

71 724 47 13 under
131 724 44 12 vilket
188 724 36 12 valet
235 724 42 15 skett,
292 727 18 9 av
320 723 91 16 landstingen
421 723 28 13 och
459 723 73 13 stadsfull-

72 742 64 15 mäktige
146 742 4 12 i
160 742 18 12 de
187 741 48 13 städer
245 745 33 9 som
287 741 12 16 ej
310 741 46 13 deltar
365 741 4 13 i
378 741 77 15 landsting.
471 741 28 12 För
510 740 22 13 val

71 759 21 13 till
106 759 46 13 första
164 759 85 13 kammaren
261 760 17 12 är
290 759 36 13 riket
338 759 55 13 indelat
404 759 4 13 i
422 759 16 12 19
448 759 83 12 valkretsar.

71 777 95 13 Stockholms
177 777 33 13 stad
221 777 29 13 och
259 777 84 15 Göteborgs
352 777 32 13 stad
393 777 43 15 utgör
444 780 25 9 var
479 776 23 13 för
511 776 21 15 sig

71 799 18 9 en
101 795 67 13 valkrets.
181 795 53 13 Annan
246 795 32 13 stad
290 799 32 9 som
331 795 12 15 ej
353 795 46 12 deltar
408 794 4 13 i
423 794 73 15 landsting
505 794 28 13 till-

72 813 27 13 hör
113 816 56 10 samma
183 813 63 13 valkrets
260 817 32 9 som
305 813 24 13 det
342 811 147 16 landstingsområde,
502 811 30 13 vari

72 831 51 13 staden
135 831 41 12 förut
187 830 50 16 ingått.
247 831 95 12 Indelningen
352 830 4 13 i
368 830 78 13 valkretsar
456 830 63 15 regleras
528 829 5 13 i

72 849 70 15 vallagen.
151 849 29 12 För
187 848 38 16 varje
232 849 62 12 valkrets
300 849 35 14 väljs
340 848 35 13 efter
381 848 105 15 folkmängden
492 847 40 13 inom

72 867 33 12 dess
114 866 61 13 område
184 870 18 9 en
213 866 100 15 riksdagsman
324 866 23 13 för
357 868 31 10 vart
397 866 32 12 fullt
438 866 25 15 tal,
470 867 63 11 motsva-

72 884 46 13 rande
128 883 32 16 !/,5o
171 888 18 9 av
199 884 44 13 rikets
253 884 91 15 folkmängd,
352 884 38 13 dock
397 879 31 26 med
437 883 96 15 iakttagande

72 906 19 9 av
102 902 18 13 de
131 902 73 13 särskilda
214 902 65 16 reglerna
289 902 4 13 i
301 902 8 13 6
315 902 7 15 $
329 901 150 16 riksdagsordningen
486 901 47 15 (»fyll-

72 920 107 16 nadsregeln»).
187 920 102 13 Valkretsarna
300 920 55 13 indelas
363 920 5 13 i
374 919 29 13 åtta
411 923 67 12 grupper,
486 919 47 13 vilken

72 938 75 15 indelning
157 938 77 13 fastställes
244 938 3 13 i
258 938 70 15 vallagen.
338 937 43 16 Varje
390 937 16 13 år
417 937 45 13 under
471 937 62 13 oktober

72 956 37 13 skall
119 956 40 12 inom
169 959 18 9 en
194 959 18 9 av
219 956 65 12 nämnda
290 959 64 12 grupper
360 955 69 13 förrättas
436 955 23 13 val
466 955 22 12 för
495 955 38 12 näst-

90 973 48 16 ljande
147 973 111 16 åttaårsperiod.
272 973 62 13 Valbara
345 974 16 12 är
370 973 4 12 i
385 973 114 13 kommunernas
509 972 25 13 all-

74 992 54 12 männa
136 991 120 16 angelägenheter
262 991 121 15 röstberättigade
390 991 34 13 män
431 990 28 14 och
466 990 67 16 kvinnor,

73 1013 32 9 som
113 1009 62 15 uppnått
182 1009 18 13 23
208 1009 23 13 års
238 1009 44 13 ålder.

91 1027 49 13 Andra
149 1027 90 13 kammarens
249 1027 77 13 ledamöter
335 1027 17 12 är
358 1027 27 12 230
391 1027 34 12 eller
432 1027 23 12 det
463 1026 45 16 högre
514 1027 19 13 tal

73 1049 32 9 som
116 1045 82 13 föranledes
208 1049 18 9 av
235 1045 87 15 stadgandet
332 1045 4 12 i
349 1045 15 12 15
373 1045 7 15 $
389 1044 7 13 3
405 1048 14 9 o.
428 1044 9 13 4
445 1048 45 9 mom.
500 1045 34 13 riks-

74 1063 118 15 dagsordningen
203 1062 36 16 (f.n.
250 1063 38 15 233).
299 1063 24 12 De
331 1062 36 16 väljs
374 1062 23 13 för
403 1062 32 15 fyra
441 1062 21 15 år,
470 1063 64 12 räknade

74 1080 17 14 fr.
97 1084 15 10 o.
118 1084 19 10 m.
146 1080 57 16 januari
212 1080 61 13 månads
280 1080 52 14 början
339 1080 29 13 året
376 1081 33 12 näst
415 1080 36 13 efter
458 1080 24 13 det
489 1081 45 12 under

74 1098 44 13 vilket
127 1098 38 13 valet
174 1098 42 13 skett.
229 1098 27 13 För
266 1098 22 13 val
299 1098 21 13 till
330 1098 46 13 andra
383 1098 86 13 kammaren
476 1099 15 12 är
498 1098 36 13 riket

74 1116 55 13 indelat
137 1116 3 13 i
148 1116 17 13 28
173 1116 83 13 valkretsar.
265 1116 28 13 För
300 1116 38 15 varje
345 1116 62 13 valkrets
414 1116 35 15 väljs
456 1116 36 13 efter
497 1116 38 13 folk-

74 1134 73 15 mängden
154 1134 40 13 inom
201 1134 32 13 dess
240 1134 61 13 område
307 1138 18 8 en
332 1134 100 15 riksdagsman
438 1134 23 12 för
466 1136 31 11 vart
503 1134 32 13 fullt

74 1152 25 15 tal,
111 1152 104 13 motsvarande
228 1152 31 15 !/s
271 1155 17 9 av
299 1152 43 13 rikets
352 1151 91 16 folkmängd,
453 1152 39 13 dock
502 1152 33 13 med

75 1170 95 15 iakttagande
180 1173 18 9 av
208 1169 18 13 de
233 1170 73 13 särskilda
312 1169 66 16 reglerna
385 1169 5 13 i
398 1170 16 12 15
420 1169 7 16 $
434 1169 101 16 riksdagsord-

74 1187 54 16 ningen
135 1187 149 16 (»fyllnadsregeln»).
291 1187 97 16 Indelningen
395 1187 4 13 i
406 1187 79 13 valkretsar
491 1187 44 18 regle-

74 1209 24 10 ras
108 1205 4 13 i
122 1205 70 16 vallagen.
205 1205 42 16 Varje
257 1205 24 13 län
292 1206 42 15 utgör
344 1209 17 9 en
372 1205 67 15 valkrets,
446 1207 41 11 utom
495 1205 41 13 Älvs-

75 1223 44 15 borgs
129 1223 28 15 län,
168 1227 32 9 som
211 1224 16 12 är
238 1223 39 13 delat
288 1223 4 13 i
304 1223 8 13 2
324 1223 59 15 kretsar,
395 1223 69 15 varjämte
471 1223 65 15 följande

75 1241 48 13 städer
132 1241 48 13 bildar
190 1245 24 9 var
224 1241 22 13 sin
255 1241 68 13 valkrets:
332 1241 13 15 1)
352 1241 91 15 Stockbolm,
451 1241 14 15 2)
473 1241 63 15 Malmö,

569 544 103 16 Hälsingborg,
679 544 97 13 Landskrona
783 544 28 12 och
818 544 42 12 Lund
868 544 161 15 (»fyrstadskretsen»),

568 562 14 15 3)
592 562 82 15 Göteborg.
684 562 56 13 Valrätt
750 562 88 13 tillkommer
848 561 39 16 varje
894 562 52 12 svensk
958 565 33 9 man
1001 562 29 12 och

568 580 54 13 kvinna
631 583 31 9 som
670 582 48 11 senast
725 580 46 12 under
777 579 121 16 nästföregående
906 579 86 13 kalenderår
998 579 32 16 fyllt

568 598 16 13 21
597 597 21 15 år,
630 598 38 12 dock
678 597 12 16 ej
697 598 29 12 den
732 601 33 9 som
772 597 29 13 står
809 597 45 13 under
861 597 127 15 förmynderskap.
996 597 34 13 Val-

568 616 36 12 bara
614 616 15 12 är
637 616 33 12 män
678 616 27 12 och
713 616 63 12 kvinnor
782 619 32 9 som
822 615 61 15 uppnått
890 615 17 13 23
915 615 23 13 års
945 615 40 13 ålder
992 617 38 11 samt

568 634 34 15 äger
613 634 51 12 valrätt
676 633 40 13 inom
727 633 81 13 valkretsen
816 633 39 14 eiler,
862 633 26 12 där
895 633 40 15 fråga
942 637 16 9 är
965 637 24 8 om
996 633 33 13 stad

568 655 32 9 som
610 651 48 13 består
667 655 18 9 av
692 651 34 13 flera
733 651 85 15 valkretsar,
824 651 39 13 inom
870 650 48 16 någon
924 654 18 9 av
948 651 46 13 dessa.

586 669 96 13 Gemensamt
692 669 23 13 för
725 669 39 13 båda
774 669 85 13 kamrarnas
869 669 81 13 ledamöter
959 669 44 15 gäller
1010 671 21 11 att

569 687 203 15 riksdagsmannabefattning
783 687 29 12 kan
825 687 52 13 utövas
887 687 51 13 endast
949 690 17 9 av
977 686 53 13 svensk

569 705 99 15 medborgare.
675 705 27 13 Till
710 705 38 13 båda
755 705 78 12 kamrarna
840 705 33 12 sker
880 705 41 12 valen
929 705 33 12 med
969 708 62 12 propor-

569 723 58 13 tionellt
634 723 55 13 valsätt.

587 741 79 12 Allmänna
678 740 23 13 val
712 740 21 13 till
745 740 46 13 andra
803 740 86 13 kammaren
900 740 38 15 ägde
951 744 32 9 rum
995 740 35 13 1968

569 758 29 14 och
605 758 44 16 avsåg
655 758 70 16 perioden
734 758 88 13 1969-1970.

589 776 91 13 Beträffande
689 776 109 15 riksdagsmans
804 775 81 16 ersättning
890 776 27 13 har
924 775 109 14 bestämmelser

571 796 49 11 senast
632 794 41 15 givits
684 794 4 13 i
699 794 24 15 lag
734 794 28 13 den
774 794 16 13 19
800 794 31 12 dec.
841 793 35 13 1968
885 793 24 15 (nr
916 793 34 15 752)
957 797 32 12 ang.
996 794 37 12 änd-

571 812 32 16 ring
610 812 4 13 i
620 812 62 16 stadgan
689 812 27 13 den
724 812 16 13 21
748 812 37 13 febr.
793 811 34 13 1941
835 811 24 16 (nr
863 811 25 16 98)
894 815 24 9 om
923 811 81 15 ersättning
1009 811 24 13 för

572 830 213 16 riksdagsmannauppdragets
791 829 97 16 fullgörande.
896 829 107 15 Riksdagsman
1011 828 21 14 åt-

571 848 47 15 njuter
628 848 54 13 arvode
691 847 32 13 från
731 847 28 13 och
766 847 32 13 med
806 847 73 16 ingången
886 851 18 9 av
911 847 28 13 den
946 846 60 15 månad,
1013 846 19 14 då

571 866 29 13 han
610 866 37 12 skall
658 867 14 12 ta
679 865 38 16 plats
724 865 4 13 i
735 865 84 15 riksdagen,
826 865 39 13 dock
872 865 12 15 ej
891 865 24 13 för
922 865 21 13 tid
950 865 45 13 innan
1002 865 30 13 han

571 883 41 14 blivit
622 884 70 14 ledamot,
702 883 21 13 till
730 883 28 13 och
765 883 34 13 med
806 883 73 15 utgången
886 886 18 10 av
911 883 28 13 den
947 882 59 16 månad,
1013 882 19 14 då

571 901 205 16 riksdagsmannauppdraget
787 901 64 16 upphör.
864 901 60 12 Arvode
934 900 41 16 utgår
982 900 4 13 i
993 900 40 14 form

571 924 17 8 av
594 919 102 16 grundarvode
702 919 27 13 och
736 919 49 15 tillägg
790 919 34 13 med
830 919 54 15 belopp
890 922 32 10 som
928 919 62 15 tillhopa
995 921 39 11 mot-

570 941 50 9 svarar
626 937 60 16 ungefär
691 936 24 14 två
721 937 108 16 tredjedelar
808 928 23 29 av
833 937 97 13 löneklass
912 928 26 29 C1
937 944 16 2 —
958 937 18 12 50
980 936 27 13 724
1011 937 22 13 kr.

570 956 4 12 i
584 956 35 12 1970
625 955 23 13 års
654 955 25 13 nivå.
700 955 54 13 Därtill
760 955 90 12 tillkommer
856 958 18 9 en
881 954 153 16 kostnadsersättning

570 977 19 9 av
598 973 7 13 3
611 973 28 13 600
647 973 21 13 kr.
694 976 6 9 för
710 973 19 13 år.
739 972 41 13 Båda
786 972 74 16 beloppen
867 973 16 12 är
890 972 143 16 beskattningsbara.

570 991 104 13 Traktamente
680 990 42 16 utgår
729 991 46 12 under
780 990 26 15 tid,
812 990 18 14 då
838 990 77 16 riksdagen
923 990 45 13 håller
973 990 60 16 session,

571 1009 32 13 med
610 1009 54 15 belopp
669 1008 104 13 motsvarande
779 1009 5 12 1
794 1008 25 13 170
818 1003 28 27 kr.
850 1008 24 13 för
878 1007 53 14 månad
936 1008 21 13 till
962 1008 72 15 riksdags-

571 1030 34 10 man
611 1030 33 9 som
650 1027 15 12 är
671 1026 48 13 bosatt
725 1026 19 16 på
749 1026 49 15 längre
804 1025 61 14 avstånd
871 1026 18 12 än
895 1026 19 13 70
919 1026 24 13 km
950 1026 84 15 fågelvägen

570 1044 33 13 från
613 1044 84 16 riksdagens
707 1044 33 13 hus.
750 1044 54 13 Annan
814 1044 101 15 riksdagsman
927 1044 18 12 än
957 1048 20 8 nu
988 1046 45 13 sagts,

571 1066 32 9 som
613 1063 16 12 är
638 1062 49 13 bosatt
697 1062 19 15 på
726 1062 49 15 längre
785 1061 62 14 avstånd
857 1062 18 12 än
889 1062 15 12 15
917 1062 25 12 km
949 1061 85 16 fågelvägen

571 1080 32 13 från
613 1080 114 15 riksdagshuset,
738 1079 24 13 må
771 1083 19 9 av
799 1079 70 16 styrelsen
879 1079 23 13 för
910 1079 88 15 riksdagens
1005 1079 29 13 för-

571 1098 129 15 valtningskontor
715 1097 95 13 tillerkännas
826 1097 97 13 traktamente
941 1097 33 13 med
991 1097 43 16 högst

571 1116 64 13 nämnda
648 1116 59 15 belopp.
722 1115 108 16 Riksdagsman
842 1116 33 14 äger
887 1115 18 15 på
917 1115 24 13 det
953 1115 81 13 allmännas

571 1133 82 13 bekostnad
662 1134 65 14 företaga
739 1137 44 9 resor.
794 1133 109 15 Riksdagsman
915 1134 16 12 är
942 1133 19 15 på
973 1133 24 13 det
1009 1133 26 13 all-

571 1152 63 13 männas
644 1151 83 13 bekostnad
737 1151 153 15 grupplivförsäkrad.

590 1170 91 12 Kamrarnas
695 1170 54 12 talmän
763 1169 62 13 erhåller
838 1169 46 12 under
896 1168 21 13 tid
927 1168 19 13 då
956 1168 77 16 riksdagen

572 1187 46 13 håller
627 1187 55 13 session
692 1186 85 16 förhöjning
786 1191 19 9 av
815 1186 111 16 grundarvodet
936 1186 33 13 med
979 1186 55 16 belopp

572 1205 103 13 motsvarande
689 1205 40 12 1200
735 1204 22 13 kr.
769 1204 24 13 för
799 1204 54 13 månad
860 1204 45 16 jämte
912 1204 50 16 tillägg
969 1205 34 12 med
1010 1205 25 12 be-

572 1223 36 16 lopp
616 1227 32 9 som
655 1223 62 16 tillhopa
724 1224 82 12 motsvarar
812 1222 50 16 (1970)
870 1222 39 13 1908
916 1222 22 13 kr.
944 1222 24 13 för
974 1222 60 13 månad.

93 1282 88 14 Utskottens
192 1282 90 13 ordförande
293 1282 28 13 och
333 1282 30 13 vice
373 1282 90 13 ordförande
472 1282 80 15 redovisas,
562 1281 194 14 förutom
624 1271 18 34 i
641 1281 114 14 nedanstående
762 1281 93 16 förteckning
863 1282 35 12 över
905 1281 86 13 kamrarnas
996 1281 39 13 leda-

75 1304 53 14 möter,
138 1304 37 12 även
187 1303 46 13 under
244 1304 33 12 avd.
287 1307 18 9 nr
312 1303 44 13 191a.
366 1303 120 13 Statskalendern
492 1303 75 13 redovisar
574 1303 101 13 ledamöterna
682 1302 3 13 i
693 1302 29 14 den
728 1302 176 16 ordningsföljd
836 1292 13 34 i
850 1302 54 16 vilken
911 1302 18 13 de
936 1303 16 12 är
959 1304 76 14 upptagna

76 1324 4 13 i
90 1324 19 13 de
120 1328 18 9 av
148 1324 78 16 riksdagen
237 1324 89 16 upprättade
332 1324 129 16 förteckningarna
469 1325 35 12 över
511 1324 83 13 kamrarna.
601 1321 78 16 Årssiffror
686 1323 40 13 inom
733 1326 69 13 parantes
808 1323 80 13 betecknar
894 1323 62 15 tidigare
962 1323 72 13 ledamot-

75 1345 37 16 skap
120 1349 17 9 av
144 1345 82 15 riksdagen.

494 1381 125 19 Förkortningar

290 1416 27 12 FK
322 1421 10 3 =
337 1415 46 13 första
390 1416 86 12 kammaren

289 1433 30 13 AK
323 1438 10 4 =
337 1433 47 13 andra
390 1433 86 13 kammaren

289 1456 17 11 cp
323 1451 119 16 =centerpartiet

287 1469 18 16 fo
324 1469 100 16 =folkpartiet

609 1420 14 8 m
643 1415 92 13 moderata
741 1414 124 20 samlingspartiet

609 1438 7 8 s
631 1429 7 25 -
644 1433 172 13 =socialdemokratiska
821 1433 135 15 riksdagsgruppen

610 1451 27 16 vpk
644 1456 9 4 =
658 1451 113 16 vänsterpartiet
778 1450 128 14 kommunisterna

537 1509 37 18 284
