1258 1892
101 239 13 29 I
200 238 176 39 Riksdagen

100 334 11 23 1
180 343 27 14 100
215 343 16 15 12
239 342 98 16 Stockholm.
344 342 32 15 Tel.
383 342 57 16 08-786
446 342 20 15 40
471 342 20 15 00

100 373 150 20 Regeringsformen
269 374 31 15 den
318 374 19 15 28
355 373 39 16 febr.
414 374 37 15 1974
468 374 26 18 (nr
513 373 34 18 152;
565 373 79 19 omtryckt

102 396 43 15 1985:
152 396 36 17 866;
198 396 62 15 ändrad
269 398 52 13 senast
332 396 43 15 1985:
383 396 40 19 866).
433 395 170 20 Riksdagsordningen
612 395 31 15 den

100 418 19 15 28
131 418 38 15 febr.
183 419 38 14 1974
232 419 26 18 (nr
271 419 34 16 153;
317 418 79 19 omtryckt
409 418 43 15 1985:
461 418 44 17 1068;
517 418 62 15 ändrad
591 420 53 13 senast

102 441 43 16 1987:
152 441 30 19 50).
189 441 56 19 Vallag
252 441 32 15 den
291 441 8 15 8
307 441 33 15 dec.
350 441 37 15 1972
394 441 25 18 (nr
426 441 36 17 620;
470 440 78 19 omtryckt
557 440 43 15 1985:
608 440 36 16 203;

100 463 62 15 ändrad
169 466 52 13 senast
230 464 44 15 1985:
281 464 40 18 203).

101 507 91 19 Riksdagen
197 508 18 14 är
219 507 27 15 det
251 507 66 15 främsta
322 506 124 20 representativa
451 509 104 17 statsorganet
561 506 25 16 för
591 511 53 11 svens-

100 529 20 15 ka
126 529 54 15 folket.
186 529 92 19 Riksdagen
284 529 51 15 stiftar
340 529 30 19 lag,
376 529 70 15 beslutar
451 533 26 11 om
483 529 41 15 skatt
529 528 22 16 till
557 531 51 13 staten
614 528 30 16 och

100 551 96 16 bestämmer
202 551 30 16 hur
238 554 60 13 statens
304 551 52 15 medel
364 551 39 15 skall
410 551 88 15 användas.

121 573 91 20 Riksdagen
220 574 52 15 består
279 578 19 10 av
306 574 29 15 349
343 573 93 18 ledamöter,
443 573 47 15 valda
497 573 52 15 direkt
556 578 19 10 av
582 573 50 15 folket
640 573 4 15 i

100 596 81 15 allmänna
188 596 30 15 val.
224 595 86 16 Ordinarie
316 595 98 20 riksdagsval
421 596 37 18 äger
464 600 34 10 rum
505 598 33 12 vart
544 595 50 19 tredje
600 595 18 15 år
623 595 21 19 på

100 617 49 20 tredje
156 618 83 19 söndagen
247 618 4 15 i
259 618 90 19 september
356 618 64 14 månad.
427 617 87 15 Allmänna
521 617 25 15 val
554 617 22 15 till
584 617 60 15 riksda-

100 644 30 15 gen
139 640 40 19 ägde
188 643 53 12 senast
250 644 34 11 rum
294 640 30 15 den
336 640 16 15 15
361 639 90 20 september
461 640 36 15 1985
507 639 30 16 och
547 644 45 11 avser
600 639 44 16 tiden

100 662 40 16 intill
149 662 36 16 dess
194 667 19 11 en
223 662 59 20 nyvald
291 662 64 20 riksdag
364 662 58 16 samlas
431 661 39 16 efter
479 662 97 19 riksdagsval
586 662 30 15 den
628 662 16 15 18

100 685 89 19 september
198 685 41 15 1988.

122 707 30 15 För
160 707 98 20 riksdagsval
268 708 17 14 är
294 707 39 15 riket
342 707 60 15 indelat
411 707 4 15 i
425 707 18 15 28
453 706 90 16 valkretsar.
552 706 25 16 Av
586 706 20 16 de
615 707 29 15 349

100 729 160 20 riksdagsmandaten
269 730 17 15 är
294 730 29 15 310
332 729 40 16 fasta
381 729 140 18 valkretsmandat,
530 733 35 11 som
574 728 71 16 fördelas

100 752 59 15 mellan
169 752 108 15 valkretsarna
287 751 39 16 efter
336 752 59 15 antalet
405 751 131 19 röstberättigade
546 751 4 15 i
560 751 43 19 varje
612 751 32 15 val-

100 774 46 15 krets.
153 774 45 15 Inom
205 774 42 19 varje
253 774 68 15 valkrets
326 773 71 16 tillfaller
402 773 87 16 mandaten
495 773 19 16 de
520 773 4 15 i
530 773 115 19 riksdagsvalet

100 796 96 19 deltagande
202 796 80 19 partierna
300 796 112 19 proportionellt
417 796 21 19 på
444 795 77 20 grundval
528 800 19 10 av
553 795 91 16 valresulta-

100 821 21 13 tet
130 818 44 15 inom
182 818 94 15 valkretsen.
285 801 60 36 Övriga
353 818 19 15 39
381 818 66 15 mandat
455 818 17 15 är
480 817 165 20 utjämningsmandat

100 845 35 11 som
144 840 70 16 fördelas
223 840 17 15 så
250 843 22 12 att
281 840 42 19 varje
332 840 49 19 partis
390 840 121 19 sammanlagda
520 840 43 15 antal
573 840 58 19 platser
640 840 4 15 i

100 862 84 20 riksdagen
189 863 17 14 så
212 863 39 14 nära
255 867 35 10 som
295 862 62 19 möjligt
362 866 54 11 svarar
421 864 33 13 mot
458 862 59 15 antalet
522 862 68 19 avgivna
596 862 49 15 röster

100 884 26 16 för
132 884 56 20 partiet
195 884 5 15 i
207 884 36 16 hela
250 884 58 15 landet.

122 907 5 15 I
135 906 112 20 fördelningen
254 911 19 10 av
280 906 140 19 riksdagsmandat
426 906 50 15 deltar
482 906 56 15 endast
545 906 59 19 partier
610 910 34 11 som

100 929 29 15 har
137 928 28 16 fått
174 928 47 16 minst
230 928 35 19 fyra
273 931 67 17 procent
348 933 19 10 av
376 928 73 19 samtliga
457 928 4 15 i
470 928 36 15 hela
514 928 54 15 landet
577 928 68 19 avgivna

100 951 54 15 röster.
161 951 25 15 Ett
192 950 41 20 parti
239 955 35 11 som
281 950 32 15 inte
319 950 29 15 når
354 955 33 14 upp
393 950 23 15 till
423 950 178 19 fyraprocentsgränsen
608 954 36 11 men

100 977 35 11 som
143 972 28 16 har
179 972 62 16 erhållit
249 972 48 16 minst
304 972 33 16 tolv
345 974 67 17 procent
420 976 19 11 av
447 973 71 14 rösterna
526 972 3 15 i
538 972 31 15 viss
577 972 68 15 valkrets

100 995 51 15 deltar
159 995 42 15 dock
210 995 27 15 vid
246 994 113 20 fördelningen
368 999 20 11 av
397 994 19 16 de
425 994 41 16 fasta
474 994 157 15 valkretsmandaten
640 994 4 15 i

100 1021 62 11 samma
168 1017 73 15 valkrets.

122 1040 69 14 Rösträtt
197 1039 27 15 vid
230 1039 98 20 riksdagsval
335 1039 29 15 har
369 1039 31 15 den
407 1043 34 11 som
448 1039 17 15 är
471 1038 57 16 svensk
534 1038 110 20 medborgare,

100 1066 35 11 som
142 1062 17 15 är
166 1061 66 20 myndig
239 1061 31 15 och
277 1066 34 11 som
319 1063 52 13 senast
378 1061 21 19 på
406 1061 78 19 valdagen
491 1061 29 15 har
526 1061 35 19 fyllt
570 1061 16 15 18
593 1061 21 15 år.

122 1084 30 15 För
158 1086 22 13 att
186 1084 54 15 kunna
247 1086 42 13 utses
295 1083 22 16 till
324 1083 144 20 riksdagsledamot
474 1083 49 19 gäller
528 1088 62 10 samma
596 1083 48 15 behö-

100 1106 97 19 righetskrav
204 1110 35 11 som
247 1106 25 15 för
279 1106 67 15 rösträtt.

122 1128 91 19 Riksdagen
221 1128 127 15 sammanträder
356 1127 23 16 till
388 1127 64 20 lagtima
460 1127 81 18 riksmöte,
550 1127 39 16 efter
597 1128 47 18 nyval

100 1150 21 19 på
129 1150 82 15 femtonde
219 1150 51 19 dagen
279 1150 39 15 efter
324 1150 47 18 valet,
379 1150 30 15 och
417 1149 55 20 övriga
479 1150 17 15 år
504 1149 49 16 första
560 1149 72 20 tisdagen
640 1149 4 15 i

100 1172 68 15 oktober
174 1172 64 15 månad.
246 1172 72 19 Lagtima
324 1172 76 15 riksmöte
407 1172 39 15 skall
453 1172 69 15 avslutas
529 1174 52 13 senast
588 1171 31 16 den
626 1172 16 15 31

101 1194 31 19 maj
138 1194 72 19 följande
215 1194 18 15 år
238 1199 36 10 men
280 1194 32 15 kan
317 1198 27 11 om
350 1194 90 19 synnerliga
445 1194 34 15 skäl
485 1193 84 20 föreligger
575 1193 69 20 förläng-

100 1216 45 16 astill
151 1216 31 16 den
189 1217 16 14 15
209 1216 40 19 juni.
256 1216 56 15 Under
316 1216 23 15 tid
345 1216 20 15 då
371 1216 64 19 lagtima
441 1216 75 15 riksmöte
521 1215 33 16 inte
559 1216 49 19 pågår
613 1216 31 15 kan

100 1238 85 20 riksdagen
192 1238 58 16 samlas
257 1238 23 15 till
287 1238 58 15 urtima
352 1238 80 15 riksmöte.

122 1260 150 20 Riksdagsärenden
281 1260 56 16 bereds
346 1260 4 15 i
359 1260 49 19 något
416 1265 19 10 av
444 1260 92 19 riksdagens
547 1260 16 15 16
572 1260 41 15 fasta
621 1262 23 13 ut-

100 1283 42 14 skott
149 1282 30 15 och
186 1283 58 18 avgörs
250 1287 58 14 genom
316 1282 51 15 beslut
374 1282 4 15 i
386 1282 64 19 plenum
458 1282 111 18 (kammaren).

122 1303 102 16 Beträffande
233 1303 152 19 riksdagsledamots
394 1303 86 19 ersättning
489 1303 29 15 har
526 1303 119 15 bestämmelser

100 1328 53 13 senast
159 1325 45 20 givits
211 1325 4 15 i
222 1325 152 20 ersättningsstadga
380 1325 31 15 den
420 1325 16 15 17
442 1325 34 15 dec.
484 1325 35 15 1971
527 1325 25 19 (nr
560 1325 43 17 1197;
610 1329 34 11 om-

100 1348 50 19 tryckt
157 1348 43 15 1980:
207 1348 35 18 870,
247 1347 62 16 ändrad
314 1350 53 13 senast
374 1347 43 16 1985:
426 1347 43 19 1069)
474 1347 25 15 för
504 1347 92 19 riksdagens
602 1347 42 15 leda-

100 1371 55 14 möter.
160 1369 65 16 Arvode
230 1370 45 19 utgår
280 1369 36 15 med
321 1369 61 19 belopp
386 1369 26 15 för
416 1369 59 15 månad
480 1374 34 10 som
520 1371 88 13 motsvarar
612 1369 31 15 den

100 1391 129 20 genomsnittliga
238 1391 48 15 lönen
295 1391 26 15 för
328 1391 66 19 tjänster
402 1396 35 10 som
446 1391 93 19 byråchefer
547 1391 27 15 vid
583 1390 61 20 statliga

100 1414 110 19 myndigheter
218 1413 30 16 och
257 1418 34 11 som
299 1413 73 18 rådmän,
381 1413 99 15 hovrättsråd
488 1413 31 15 och
527 1413 117 15 kammarrätts-

100 1436 33 15 råd.
139 1436 40 15 Från
184 1436 31 15 den
222 1436 5 15 I
233 1435 68 16 oktober
307 1436 37 15 1986
349 1436 46 19 utgår
399 1435 59 16 arvode
463 1440 34 10 som
503 1438 88 12 motsvarar
595 1435 48 15 lönen

100 1458 23 15 till
129 1457 135 20 statstjänsteman
271 1458 4 14 i
282 1457 77 20 lönegrad
366 1458 15 14 N
388 1458 41 15 28:6.
436 1457 57 15 Därtill
499 1457 97 15 tillkommer
602 1457 42 15 kost-

100 1479 128 20 nadsersättning
234 1484 35 11 som
276 1480 45 19 utgår
327 1480 37 15 med
370 1479 60 20 belopp
437 1479 112 15 motsvarande
555 1479 26 15 för
587 1479 17 15 år
610 1479 34 15 räk-

100 1505 27 12 nat
135 1502 20 15 70
161 1502 14 15 4
184 1506 19 11 av
212 1502 26 15 det
246 1502 27 15 vid
282 1502 41 15 årets
332 1501 59 20 ingång
399 1501 74 20 gällande
482 1501 105 19 basbeloppet
595 1501 49 19 enligt

100 1524 46 19 lagen
153 1528 26 11 om
187 1524 59 15 allmän
254 1523 94 20 försäkring.
355 1524 30 15 Till
392 1524 71 15 ledamot
470 1528 34 11 som
512 1523 13 19 ej
532 1524 17 14 är
555 1523 89 19 berättigad

100 1546 133 15 tilltraktamente
238 1546 45 19 utgår
288 1546 165 19 kostnadsersättning
457 1545 37 16 med
499 1546 60 18 belopp
564 1550 35 10 som
604 1548 40 12 mot-

100 1572 53 11 svarar
158 1568 32 15 helt
195 1568 94 19 basbelopp.
295 1568 47 15 Såväl
348 1568 66 15 arvodet
419 1572 34 11 som
459 1567 185 19 kostnadsersättningen

100 1591 17 14 är
127 1590 107 19 skattepliktig
245 1590 74 15 inkomst.
331 1590 95 15 Ledamöter
435 1594 35 11 som
480 1590 17 15 är
507 1589 63 16 bosatta
580 1589 65 16 utanför

100 1612 176 15 Stockholmsområdet
282 1612 25 15 får
313 1612 105 15 traktamente
425 1612 39 15 efter
470 1612 62 19 statliga
539 1616 67 11 normer.
614 1612 31 14 För

100 1634 161 19 riksdagsledamöter
270 1638 34 11 som
314 1635 17 14 är
339 1634 63 15 bosatta
411 1634 58 15 mellan
480 1634 16 15 15
505 1634 31 15 och
545 1634 19 14 70
573 1633 26 15 km
608 1633 35 15 från

100 1656 84 19 riksdagen
194 1656 45 19 utgår
249 1656 82 15 reducerat
340 1656 110 15 traktamente.
461 1656 150 19 Riksdagsledamot
620 1655 25 15 får

100 1679 21 19 på
128 1678 26 16 det
161 1678 90 15 allmännas
257 1678 90 16 bekostnad
355 1678 51 15 företa
413 1683 47 11 resor.

121 1700 93 16 Utskottens
222 1700 100 16 ordförande
329 1700 31 16 och
368 1700 35 16 vice
411 1700 98 16 ordförande
517 1700 87 18 redovisas,
613 1699 31 16 för-

100 1725 44 13 utom
153 1722 4 15 i
166 1722 121 16 nedanstående
295 1722 101 20 förteckning
404 1723 38 15 över
450 1722 93 19 riksdagens
551 1722 93 17 ledamöter,

101 1746 39 14 även
149 1744 51 16 under
207 1744 36 16 avd.
252 1749 19 10 nr
278 1745 14 15 8.
301 1744 130 16 Statskalendern
440 1744 81 16 redovisar
529 1744 115 19 riksdagsleda-

101 1767 72 15 möterna
180 1766 4 15 i
193 1766 31 15 den
232 1766 119 20 ordningsföljd
359 1766 4 15 i
372 1766 53 16 vilken
432 1766 20 16 de
460 1767 17 14 är
484 1769 82 16 upptagna
574 1766 4 15 i
586 1766 31 15 den
625 1770 19 10 av

654 1828 19 17 51

681 341 84 19 riksdagen
772 341 96 20 upprättade
875 341 126 19 förteckningen.
1009 337 84 19 Årssiffror
1100 341 44 15 inom
1151 343 74 17 parentes

681 363 85 16 betecknar
776 363 67 20 tidigare
853 364 111 19 ledamotskap
975 368 19 10 av
1005 363 83 20 riksdagen
1099 363 35 19 (FK
1148 370 13 5 =
1175 363 49 15 första

681 385 98 19 kammaren,
786 386 31 15 AK
827 393 13 5 =
850 386 51 15 andra
908 386 98 18 kammaren,
1014 386 14 14 R
1038 393 13 5 =
1061 385 96 20 riksdagen).

760 438 156 21 Partiställningen
924 438 5 16 i
937 438 94 21 riksdagen

1030 479 47 15 Antal
1085 479 88 15 ledamöter

968 497 50 29 Män
1068 501 73 15 Kvinnor
1154 501 53 15 Totalt

681 523 172 16 Socialdemokratiska
861 523 77 20 riksdags-

693 542 80 28 gruppen
981 546 27 15 106
1077 546 18 15 53
1157 545 27 15 159

682 568 84 15 Moderata
773 568 134 19 samlingspartiet
989 568 19 15 57
1079 568 16 15 19
1165 568 19 15 76

672 585 106 30 Folkpartiet
989 590 20 15 30
1067 585 26 30 21
1165 590 16 15 SI

671 608 125 27 Centerpartiet
989 612 19 15 27
1079 612 16 15 17
1164 612 20 15 44

681 634 123 19 Vänsterpartiet
811 634 138 16 kommunisterna
992 635 16 14 16
1087 635 8 14 3
1167 634 17 15 19

681 678 88 18 Riksdagen
776 678 46 15 totalt
979 677 30 16 236
1068 674 27 27 113
1154 677 30 15 349

760 729 111 17 Procentuell
883 729 100 22 fördelning
994 734 20 12 av
1026 729 88 22 kvinnliga
1126 729 98 17 ledamöter

760 762 46 17 inom
815 762 89 21 partierna

1059 800 55 28 Antal
1155 804 67 14 Procent

681 825 173 15 Socialdemokratiska
861 825 78 19 riksdags-

692 845 81 26 gruppen
1077 848 18 15 23
1154 848 35 17 33,3

682 869 84 15 Moderata
773 869 133 19 samlingspartiet
1079 870 16 14 19
1154 870 36 17 25,0

672 883 106 31 Folkpartiet
1076 892 17 14 21
1154 892 35 17 41,2
1255 888 1 20 |

671 909 125 27 Centerpartiet
1078 914 17 14 17
1154 914 36 17 38,6

681 935 123 19 Vänsterpartiet
811 935 137 16 kommunisterna
1086 936 8 15 3
1156 936 33 17 15,8

682 979 87 19 Riksdagen
776 980 46 14 totalt
1068 979 29 15 113
1155 979 36 18 32,4

681 1026 27 23 Ja
727 1022 20 37 —
761 1027 131 28 Riksdagen

759 1077 65 15 Talman

682 1099 84 19 Bengtsson
774 1099 36 15 Sten
818 1099 47 15 Bertil
873 1099 89 19 Ingemund,
971 1099 22 18 19,
1001 1099 18 15 79
1027 1104 6 10 s

760 1142 53 15 Förste
819 1142 32 15 vice
857 1142 59 15 talman

680 1164 86 15 Troedsson
773 1164 80 19 Ingegerd,
860 1164 25 18 29,
892 1164 19 15 79
919 1168 14 11 m

760 1207 50 15 Andre
817 1207 32 15 vice
855 1207 59 15 talman

681 1229 74 15 Eriksson
762 1229 37 15 Karl
806 1229 43 17 Erik,
856 1229 25 18 25,
888 1229 33 18 (76)
928 1229 18 15 85
954 1228 18 20 fp

759 1272 55 19 Tredje
820 1272 32 15 vice
858 1272 59 14 talman

681 1294 69 18 Fiskesjö
757 1294 48 14 Bertil
812 1294 47 14 Allan
868 1293 40 18 Nils,
916 1294 24 17 28,
948 1294 19 14 86
974 1298 8 10 c

682 1341 28 23 7b
761 1347 116 17 Stockholms
885 1347 98 17 kommuns
991 1347 78 17 valkrets

683 1392 63 15 Evermo
753 1392 59 14 Barbro
820 1392 74 17 Elisabet,
901 1392 25 17 43,
934 1392 18 14 86
959 1392 108 18 (Stockholm)
1073 1396 7 11 s

683 1414 69 14 Bohman
760 1414 23 15 Bo
791 1414 50 15 Gösta
849 1414 25 14 JK
882 1413 17 15 fd
907 1413 76 18 Statsråd,
994 1414 21 17 11,
1023 1414 37 18 (AK
1069 1414 59 15 58—69
1137 1414 27 14 FK
1173 1414 26 19 70)
1207 1414 16 14 71

703 1436 107 18 (Stockholm)
817 1440 15 10 m

682 1458 79 15 Lindkvist
768 1458 53 15 Oskar
828 1458 69 15 William
905 1457 80 20 Org.chef,
992 1458 24 17 21,
1023 1458 37 18 (AK
1067 1458 59 15 61—64
1133 1458 67 19 66—70)
1207 1458 16 15 71

703 1480 107 19 (Stockholm)
818 1480 54 15 BoU:s
879 1480 34 15 vice
920 1480 41 15 ordf.
968 1484 7 11 s

682 1502 64 15 Werner
752 1502 38 15 Lars
798 1502 50 19 Helge
855 1502 118 18 Ombudsman,
980 1502 24 18 35,
1012 1502 35 19 (FK
1054 1502 66 19 65—70)
1127 1502 17 15 71
1152 1502 73 19 (Tyresö)

704 1524 82 15 Partiordf.
794 1524 31 19 vpk

683 1546 87 15 Andersson
775 1546 37 15 Sten
818 1546 46 15 Sture
870 1546 75 18 Statsråd,
951 1546 25 18 23,
981 1546 35 19 (FK
1022 1546 67 19 66—70)
1094 1546 16 15 71
1118 1546 108 19 (Stockholm)

703 1572 7 11 s

682 1590 96 15 Fridolfsson
785 1590 39 19 Filip
831 1590 69 15 William
908 1590 81 17 Fabrikör,
996 1590 25 17 23,
1027 1590 37 18 (AK
1071 1590 60 15 65—70
1139 1590 13 14 R
1159 1590 67 19 72—79)

703 1612 19 15 82
729 1612 107 18 (Stockholm)
843 1616 16 10 m
1253 1603 1 24 |

682 1633 84 19 Sigurdsen
778 1634 68 15 Gertrud
859 1633 80 16 Christina
952 1633 76 18 Statsråd,
1040 1634 24 17 23,
1077 1634 38 18 (AK
1127 1634 68 18 69—70)
1207 1634 16 15 71
1253 1630 1 27 |

703 1655 107 20 (Stockholm)
817 1660 7 11 s

683 1677 59 16 Gradin
751 1678 46 15 Anita
808 1678 77 19 Ingegerd
895 1678 75 17 Statsråd,
979 1678 25 17 33,
1013 1678 38 18 (AK
1059 1678 68 19 69—70)
1135 1678 17 15 71
1163 1678 62 19 (Stock-

703 1700 51 18 holm)
760 1704 7 11 s

683 1722 85 15 Hellström
778 1722 44 15 Mats
831 1722 52 15 Johan
894 1722 75 18 Statsråd,
978 1722 25 18 42,
1013 1722 37 18 (AK
1059 1722 68 19 69—70)
1136 1722 16 15 71
1164 1722 62 19 (Stock-

703 1744 51 18 holm)
761 1748 6 11 s
