1252 1898
565 48 117 25 Riksdagen

55 247 11 29 I
132 245 179 38 Riksdagen

55 381 11 23 1
138 390 26 14 100
174 389 16 15 12
197 389 98 15 Stockholm.
303 389 31 15 Tel.
342 389 47 15 08-14
396 389 19 15 20
422 389 23 15 20.

56 420 150 19 Regeringsformen
225 420 30 15 den
274 420 18 15 28
311 420 38 15 febr.
370 420 37 15 1974
425 421 26 17 (nr
471 420 33 17 152;
523 420 78 19 omtryckt

58 443 43 15 1979:
108 443 37 15 933:
154 442 62 15 ändrad
225 445 52 12 senast
289 443 43 14 1979:
339 443 41 17 933).
391 442 170 19 Riksdagsordningen
570 442 31 15 den

55 465 18 15 28
87 465 39 15 febr.
142 465 37 15 1974
191 466 25 17 (nr
232 465 34 16 153;
279 465 78 19 omtryckt
373 465 87 16 1979:934;
474 465 62 15 ändrad
549 468 53 12 senast

57 483 44 27 1981:
111 483 57 27 1097).
177 487 55 19 Vallag
248 487 31 15 den
296 488 8 14 8
321 487 33 15 dec.
374 487 37 15 1972
428 488 25 17 (nr
469 487 36 17 620;
523 487 78 19 omtryckt

58 510 43 15 1979:
108 510 37 16 456;
153 510 61 15 ändrad
222 512 52 13 senast
284 510 43 15 1981:
335 510 40 18 525).

56 555 90 19 Riksdagen
154 555 39 14 skall
200 554 119 15 sammanträda
326 554 21 15 till
355 554 65 19 lagtima
427 554 76 15 riksmöte
509 554 43 19 varje
558 555 17 14 år
581 555 20 18 på

55 577 30 19 dag
94 577 3 15 i
107 577 89 19 september
204 577 38 15 eller
250 577 67 15 oktober
326 581 33 11 som
369 576 84 20 riksdagen
463 577 28 15 har
499 577 67 15 bestämt
575 577 26 15 vid

55 600 70 14 närmast
133 599 96 19 föregående
237 599 64 19 lagtima
310 599 79 15 riksmöte.
399 599 70 19 Lagtima
478 599 80 18 riksmöte,
566 604 34 10 som

55 622 28 15 har
90 622 52 15 inletts
150 622 50 15 under
207 621 67 20 augusti,
282 622 89 19 september
378 622 38 14 eller
423 621 72 18 oktober,
503 622 39 15 skall
550 622 51 15 avslu-

54 647 24 12 tas
83 647 52 12 senast
141 644 30 15 den
178 645 16 14 31
202 644 31 19 maj
239 644 72 19 följande
316 644 21 15 år.
345 644 90 19 Riksdagen
442 644 30 15 kan
478 648 26 11 om
510 644 91 19 synnerliga

55 667 32 14 skäl
95 666 84 19 föreligger
185 666 72 19 förlänga
264 666 86 18 riksmötet,
357 666 41 15 dock
405 666 52 19 längst
462 666 22 15 till
491 666 30 15 och
527 666 36 15 med
570 667 30 14 den

57 689 16 15 15
79 689 40 18 juni.

77 711 90 19 Riksdagen
175 711 28 14 har
209 711 30 15 349
246 711 92 15 ledamöter.
347 711 116 15 Ledamöterna
471 711 38 18 väljs
516 711 51 15 direkt
574 711 26 15 vid

54 736 20 12 ett
82 733 42 15 enda
131 733 62 15 tillfälle
200 733 25 15 för
232 738 19 10 en
260 733 55 19 period
323 737 19 10 av
349 736 22 12 tre
379 733 17 14 år
402 733 88 18 (ordinarie
498 733 36 18 val).

75 756 24 14 Av
110 755 86 15 mandaten
207 756 17 14 är
235 755 29 15 310
275 755 39 15 fasta
325 755 142 18 valkretsmandat,
478 755 42 15 vilka
531 755 70 16 fördelas

55 778 57 15 mellan
125 778 57 18 partier
193 778 19 18 på
223 777 77 20 grundval
312 782 19 10 av
342 777 107 15 valresultatet
460 777 3 15 i
475 777 42 19 varje
528 778 72 15 valkrets.

55 800 63 15 Antalet
126 800 40 15 fasta
174 800 135 15 valkretsmandat
317 800 3 14 i
329 804 42 10 varje
379 800 68 15 valkrets
455 800 84 15 fastställes
547 800 25 15 för
578 803 22 12 tre

54 823 17 13 år
77 822 3 14 i
86 822 58 15 sänder
150 822 20 19 på
175 822 78 19 grundval
259 826 19 10 av
284 826 18 11 en
309 822 88 19 beräkning
403 827 19 10 av
428 822 108 15 förhållandet
542 822 58 15 mellan

54 844 59 15 antalet
121 844 130 19 röstberättigade
259 844 3 15 i
270 844 87 15 valkretsen
365 844 30 15 och
403 844 59 15 antalet
469 844 132 19 röstberättigade

54 866 3 15 i
66 866 35 22 hela
109 866 38 15 riket
155 866 48 19 enligt
211 867 72 14 närmare
291 866 108 15 föreskrifter
387 862 16 30 i
408 867 77 18 vallagen.

75 888 58 19 Övriga
144 888 65 15 mandat
220 889 17 14 är
247 888 170 19 utjämningsmandat,
428 888 42 15 vilka
481 888 39 15 först
530 888 70 16 fördelas

54 911 58 14 mellan
124 911 58 18 partier
192 911 20 18 på
223 911 77 18 grundval
311 915 19 10 av
341 911 107 15 valresultatet
459 911 3 14 i
474 911 35 15 hela
520 911 39 15 riket
570 911 29 15 och

54 933 69 14 därefter
130 933 66 15 tillföres
204 933 90 15 valkretsar.

76 955 29 15 För
115 960 42 14 varje
166 955 66 15 mandat
241 960 34 10 som
286 955 39 19 parti
335 955 28 15 fått
373 958 42 12 utses
424 955 4 15 i
438 955 121 15 vederbörande
569 956 31 14 val-

54 977 41 15 krets
106 982 18 10 en
136 977 143 19 riksdagsledamot
290 977 48 19 enligt
349 977 99 15 föreskrifter
458 982 34 10 som
503 978 82 15 meddelas
596 978 3 14 i

54 1000 77 18 vallagen.

76 1021 38 15 Parti
121 1026 34 11 som
162 1022 28 14 har
196 1022 27 14 fått
230 1022 62 15 mindre
298 1023 19 13 än
324 1022 33 19 fyra
364 1024 66 16 procent
436 1027 19 10 av
462 1023 71 14 rösterna
539 1022 24 15 får
568 1022 32 15 inte

53 1044 42 15 delta
104 1044 3 14 i
115 1044 184 19 mandatfördelningen.
309 1044 55 15 Partiet
372 1044 30 15 kan
410 1044 42 15 dock
460 1044 16 15 få
484 1044 65 15 mandat
557 1044 3 15 i
569 1045 31 14 val-

54 1066 41 15 krets
102 1066 28 15 där
137 1066 26 15 det
171 1066 28 15 har
206 1066 28 15 fått
242 1066 47 15 minst
296 1067 33 14 tolv
337 1069 66 16 procent
410 1071 19 10 av
437 1067 76 14 rösterna.

75 1088 214 20 Riksdagsmannauppdrag
297 1088 31 15 kan
336 1089 56 14 utövas
400 1089 56 14 endast
464 1093 19 10 av
491 1089 57 15 svensk
556 1089 43 15 med-

53 1111 67 19 borgare
128 1115 34 11 som
171 1112 17 13 är
196 1111 65 19 myndig
269 1111 30 15 och
308 1113 80 17 upptagen
397 1111 4 14 i
410 1111 82 19 röstlängd
500 1111 52 15 såsom
561 1112 39 14 röst-

53 1133 93 19 berättigad.

74 1156 86 14 Allmänna
172 1156 24 14 val
208 1155 40 19 ägde
259 1158 53 12 senast
324 1160 33 10 rum
372 1156 37 14 1979
420 1155 30 15 och
462 1156 48 18 avsåg
522 1156 77 18 perioden

55 1178 37 14 1979
96 1178 63 15 —1982.

75 1200 102 15 Beträffande
187 1200 151 19 riksdagsledamots
347 1200 88 19 ersättning
444 1200 28 14 har
480 1200 120 15 bestämmelser

52 1225 53 12 senast
115 1222 46 19 givits
172 1222 3 15 i
187 1222 151 19 ersättningsstadga
349 1222 31 15 den
394 1222 16 15 17
421 1222 34 15 dec.
469 1222 34 15 1971
516 1223 26 18 (nr
554 1223 45 16 1197;

52 1244 62 15 ändrad
121 1245 30 14 och
158 1244 78 19 omtryckt
242 1247 52 12 senast
304 1245 43 14 1980:
355 1245 36 17 870)
397 1244 25 15 för
428 1244 93 19 riksdagens
528 1244 71 16 ledamö-

52 1269 27 12 ter.
89 1266 150 19 Riksdagsledamot
247 1266 69 19 åtnjuter
323 1266 60 15 arvode
392 1266 34 15 från
435 1266 30 15 och
474 1267 36 15 med
519 1266 80 20 ingången

52 1293 19 10 av
78 1289 31 14 den
117 1289 59 14 månad
183 1289 20 14 då
211 1289 30 14 han
249 1289 39 14 skall
296 1292 14 11 ta
318 1289 40 18 plats
366 1288 3 15 i
377 1288 90 19 riksdagen,
475 1289 41 15 dock
524 1289 13 18 ej
545 1289 25 15 för
576 1289 23 15 tid

52 1310 49 14 innan
109 1310 30 14 han
147 1310 44 14 blivit
198 1310 75 17 ledamot,
280 1310 22 14 till
309 1311 30 14 och
346 1310 36 14 med
389 1311 80 18 utgången
476 1315 19 9 av
501 1311 31 14 den
539 1311 59 14 månad

52 1332 20 14 då
83 1332 223 19 riksdagsmannauppdraget
317 1332 68 19 upphör.
396 1332 65 15 Arvode
471 1332 45 19 utgår
526 1332 36 15 med
573 1332 25 15 be-

52 1354 39 19 lopp
102 1354 25 15 för
138 1354 58 15 månad
207 1359 35 10 som
253 1357 88 12 motsvarar
351 1354 23 15 tio
385 1354 91 15 tolftedelar
487 1359 18 10 av
517 1354 47 15 lönen
576 1354 22 16 till

52 1376 134 19 statstjänsteman
193 1376 3 15 i
203 1376 76 19 lönegrad
286 1377 9 14 F
294 1377 31 14 25.
333 1376 55 15 Därtill
395 1376 97 16 tillkommer
497 1381 19 10 en
523 1377 75 15 kostnad-

52 1399 95 19 sersättning
155 1403 33 11 som
198 1399 44 19 utgår
250 1399 36 15 med
295 1399 60 18 belopp
363 1399 114 15 motsvarande
485 1399 25 15 för
518 1399 17 15 år
543 1399 55 15 räknat

52 1421 19 15 70
77 1421 14 14 0
98 1425 19 10 av
124 1421 26 15 det
157 1421 26 15 vid
190 1421 41 15 årets
238 1421 58 19 ingång
303 1421 74 19 gällande
384 1421 106 19 basbeloppet
497 1421 48 19 enligt
553 1421 45 19 lagen

51 1448 27 10 om
84 1443 59 15 allmän
150 1443 94 20 försäkring.
251 1443 43 15 Båda
300 1443 80 19 beloppen
387 1444 17 14 är
409 1443 154 20 beskattningsbara.
569 1444 29 15 Till

52 1466 70 15 ledamot
128 1471 34 10 som
169 1466 14 19 ej
189 1467 17 14 är
212 1466 88 19 berättigad
306 1466 22 15 till
335 1466 105 15 traktamente
447 1467 45 18 utgår
497 1466 101 15 kostnadser-

51 1488 70 19 sättning
131 1488 36 15 med
177 1488 59 19 belopp
246 1493 34 10 som
291 1491 88 12 motsvarar
388 1488 32 15 helt
429 1488 95 19 basbelopp.
534 1489 64 14 Trakta-

52 1513 52 12 mente
112 1511 44 18 utgår
164 1510 50 15 under
221 1510 22 15 tid
251 1510 20 15 då
279 1510 75 15 riksmöte
361 1511 50 18 pågår
418 1511 36 14 med
462 1511 60 18 belopp
530 1514 68 12 motsva-

52 1532 49 15 rande
110 1533 8 14 3
126 1533 29 14 360
164 1532 17 15 kr
190 1532 25 15 för
224 1532 58 15 månad
292 1532 21 15 till
324 1532 144 19 riksdagsledamot
477 1537 34 10 som
521 1533 16 14 är
546 1533 53 15 bosatt

52 1554 64 15 utanför
122 1557 20 12 ett
148 1554 66 15 område
219 1559 34 10 som
260 1554 85 19 begränsas
351 1559 18 10 av
376 1559 18 10 en
401 1554 48 15 cirkel
455 1555 36 14 med
498 1555 18 14 70
522 1555 26 14 km
555 1555 43 14 radie

51 1576 30 15 och
90 1576 36 15 med
135 1576 118 19 riksdagshuset
261 1581 34 10 som
304 1576 109 19 medelpunkt.
422 1576 28 15 Till
460 1577 70 14 ledamot
539 1581 34 10 som
582 1578 17 13 är

51 1598 52 15 bosatt
114 1599 58 14 15—70
179 1598 25 15 km
214 1598 34 15 från
257 1598 118 19 riksdagshuset
383 1599 45 18 utgår
436 1599 97 14 reducerade
541 1599 57 15 trakta-

51 1620 117 19 mentsbelopp.
177 1620 150 19 Riksdagsledamot
334 1621 37 18 äger
378 1621 20 18 på
405 1620 26 15 det
438 1621 90 14 allmännas
535 1621 63 15 bekost-

52 1642 31 15 nad
91 1642 71 19 företaga
170 1647 46 10 resor.
226 1642 150 19 Riksdagsledamot
383 1643 17 14 är
407 1643 20 18 på
435 1642 93 19 riksdagens
535 1643 63 15 bekost-

51 1665 31 14 nad
90 1664 164 19 grupplivförsäkrad.

73 1686 92 16 Utskottens
174 1686 99 16 ordförande
281 1687 30 15 och
320 1687 33 15 vice
362 1687 100 15 ordförande
471 1687 86 18 redovisas,
567 1687 31 15 för-

51 1711 43 12 utom
104 1709 3 14 i
117 1709 120 15 nedanstående
246 1709 101 19 förteckning
355 1710 38 14 över
402 1709 93 19 riksdagens
504 1709 93 18 ledamöter,

51 1732 39 14 även
100 1732 50 15 under
157 1732 35 15 avd.
201 1737 17 9 nr
225 1733 15 14 8.
248 1732 129 15 Statskalendern
386 1733 82 14 redovisar
476 1733 109 15 ledamöterna
593 1733 3 15 i

50 1754 31 15 den
90 1754 118 19 ordningsföljd
218 1754 2 15 i
230 1754 52 15 vilken
291 1754 19 15 de
318 1755 17 14 är
343 1757 82 16 upptagna
434 1755 3 14 i
445 1755 31 15 den
485 1760 19 9 av
513 1755 83 19 riksdagen

51 1776 95 19 upprättade
154 1776 125 19 förteckningen.
288 1773 84 18 Årssiffror
379 1777 44 15 inom
431 1780 73 15 parentes
511 1777 86 15 betecknar

610 1821 23 17 49

648 388 66 19 tidigare
723 387 111 19 ledamotskap
843 392 19 10 av
871 387 83 19 riksdagen
964 388 34 17 (FK
1011 395 13 4 =
1036 388 49 15 första
1094 388 98 18 kammaren,

648 411 30 14 AK
689 417 12 5 =
712 410 50 15 andra
770 410 97 17 kammaren,
876 410 12 14 R
899 417 13 4 =
923 409 95 20 riksdagen).

728 464 156 21 Partiställningen
893 464 4 16 i
906 464 94 21 riksdagen

999 506 47 15 Antal
1055 506 88 15 ledamöter

938 524 49 28 Män
1038 528 73 15 Kvinnor
1125 529 51 14 Totalt

649 550 172 15 Socialdemokratiska
829 550 77 19 riksdags-

668 562 72 33 gruppen
950 572 26 15 112
1024 562 30 34 42
1127 573 27 15 154

649 594 84 15 Moderata
741 594 133 19 samlingspartiet
958 595 18 14 se
1038 595 16 15 18
1135 595 18 15 173

638 613 126 27 Centerpartiet
957 617 20 14 44
1036 617 19 15 20
1134 618 20 14 64

638 635 107 28 Folkpartiet
958 639 18 15 28
1038 640 17 14 10
1135 640 18 14 38

648 661 124 19 Vänsterpartiet
779 661 137 15 kommunisterna
960 662 16 14 15
1047 662 7 14 5
1135 662 19 14 20

649 704 87 18 Riksdagen
743 704 46 15 totalt
947 700 29 27 254
1035 705 20 14 95
1124 705 30 14 349

728 756 110 16 Procentuell
850 755 101 22 fördelning
963 761 19 11 av
995 756 89 22 kvinnliga
1096 756 97 17 ledamöter

727 789 46 16 inom
782 789 88 21 partierna

1028 827 55 29 Antal
1125 832 66 14 Procent

648 853 172 15 Socialdemokratiska
828 853 77 19 riksdags-

656 865 83 33 gruppen
1035 876 19 14 42
1124 876 34 17 27,3

649 897 83 16 Moderata
740 897 133 19 samlingspartiet
1038 898 15 15 18
1124 899 34 17 24,7

635 915 128 30 Centerpartiet
1035 921 19 14 20
1124 921 34 17 31,3

638 938 106 27 Folkpartiet
1038 943 16 14 10
1124 943 34 17 26,3

648 965 124 18 Vänsterpartiet
780 964 136 16 kommunisterna
1047 965 7 15 3
1125 965 35 17 25,0

648 1008 87 18 Riksdagen
743 1008 45 15 totalt
1034 1008 20 15 95
1123 1008 35 18 27,2

647 1054 26 23 7a

728 1057 151 21 Kammarens
890 1056 126 22 ledamöter

725 1106 65 14 Talman

647 1128 85 18 Bengtsson
739 1128 37 15 Sten
785 1128 45 15 Bertil
839 1128 88 18 Ingemund,
938 1128 22 17 19,
968 1128 18 14 79
994 1133 6 10 s

726 1171 52 15 Förste
785 1171 31 15 vice
823 1171 58 14 talman

645 1193 86 15 Troedsson
740 1193 78 19 Ingegerd,
826 1193 24 17 29,
858 1193 19 15 79
885 1198 13 10 m

726 1236 50 15 Andre
783 1236 31 15 vice
821 1236 58 15 talman

646 1258 66 15 Larsson
721 1259 36 14 Lars
763 1259 81 16 Thorsten,
854 1259 22 16 13,
884 1259 18 14 79
910 1263 8 10 c

724 1301 55 18 Tredje
786 1301 31 14 vice
824 1302 58 13 talman

646 1322 73 14 Eriksson
728 1322 36 15 Karl
772 1323 42 16 Erik,
822 1323 24 16 25,
854 1323 18 14 76
880 1322 17 19 fp

646 1391 27 22 7b

646 1442 53 15 Palme
705 1442 40 15 Sven
747 1438 46 28 Olof
798 1442 70 15 Joachim
877 1442 24 15 JK
909 1442 16 15 fd
932 1442 119 17 Statsminister,
1058 1442 24 17 27,
1089 1443 34 17 (FK
1131 1443 59 14 58—68

666 1464 29 14 AK
703 1465 68 17 69—70)
778 1465 16 13 71
804 1464 107 18 (Stockholm)
918 1469 7 10 s

646 1486 68 14 Bohman
724 1486 22 15 Bo
755 1487 49 14 Gösta
812 1487 23 14 JK
845 1486 16 15 fd
870 1486 76 17 Statsråd,
957 1487 21 16 11,
987 1487 37 17 (AK
1034 1487 59 14 58—69
1103 1487 26 14 FK
1138 1487 26 18 70)
1172 1487 16 14 71

665 1508 108 18 (Stockholm)
781 1513 14 10 m

646 1530 82 15 Hernelius
734 1531 41 14 John
783 1531 45 14 Allan
835 1531 23 14 JK
867 1530 152 19 Bankofullmäktig,
1029 1531 3 14 I
1039 1531 11 17 1,
1057 1531 34 18 (FK
1098 1531 68 18 62—70)
1172 1531 16 15 71

665 1552 108 18 (Stockholm)
781 1553 45 14 UU:s
833 1552 41 15 ordf.
882 1557 15 10 m

646 1575 77 14 Lindkvist
731 1575 53 14 Oskar
791 1574 68 15 William
867 1575 80 18 Org.chef,
954 1575 24 17 21,
986 1575 36 18 (AK
1030 1575 61 15 61—64
1098 1575 67 18 66—70)
1172 1576 16 14 71

665 1597 108 18 (Stockholm)
780 1602 6 10 s

646 1619 104 15 Hermansson
758 1619 106 15 Carl-Henrik
872 1619 28 15 PM
909 1619 16 15 fd
933 1619 81 17 Chefred.,
1024 1620 21 16 17,
1053 1620 37 17 (AK
1097 1620 68 18 63—70)
1172 1620 16 14 71

665 1641 108 18 (Stockholm)
787 1641 123 19 Vänsterpartiet
924 1641 146 16 kommunisternas
1084 1642 107 19 gruppledare

665 1663 30 19 vpk

645 1686 66 19 Lidgard
721 1686 44 15 Hans
774 1686 47 15 Bertil
831 1686 72 19 Ingemar
911 1686 30 17 JK,
952 1687 21 17 16,
982 1687 35 18 (FK
1026 1687 67 18 65—70)
1102 1687 15 14 71
1128 1686 62 18 (Stock-

665 1708 51 18 holm)
723 1708 83 15 Moderata
812 1708 142 19 samlingspartiets
959 1709 107 19 gruppledare
1071 1709 51 15 JuU:s
1128 1709 41 15 ordf.
1175 1714 14 10 m

645 1731 60 14 Ullsten
717 1730 32 19 Stig
762 1730 40 19 Kjell
814 1731 40 15 Olof
863 1731 46 17 (Ola)
921 1731 75 17 Statsråd,
1008 1732 24 16 31,
1044 1731 37 18 (AK
1093 1732 67 18 65—70)
1172 1732 16 14 71

665 1753 107 17 (Stockholm)
780 1753 17 18 fp

725 1397 116 17 Stockholms
849 1397 98 17 kommuns
956 1397 78 17 valkrets
