1076 1574
450 60 115 22 Riksdagen.

840 57 129 26 [188—192]

49 105 60 25 [188]
169 108 166 17 Västernorrlands
348 109 37 17 län.

48 138 88 22 Västberg,
146 139 55 21 Johan
216 140 77 19 Mauritz,
307 140 91 19 Redaktör,
411 140 11 16 f.
437 140 27 19 86;
478 140 22 16 28

72 161 42 21 (adr.
128 161 101 22 Sundsvall).

49 186 60 19 Rudén,
128 188 31 15 Per
178 187 87 19 Emanuel,
284 187 150 21 Hemmansägare,
447 188 11 15 f.
473 186 27 21 74;

73 211 22 16 28
108 209 41 20 (adr.
164 211 74 20 Fjällsjö,
252 209 68 21 Backe).

49 234 88 19 Molander,
156 235 75 19 Helmer,
252 235 123 19 Ombudsman,

72 257 42 21 (adr.
128 257 58 20 Säbrå,
200 257 114 21 Härnösand).

49 281 98 20 Strindlund,
160 282 83 20 Gerhard,
257 283 150 20 Hemmansägare,
419 283 12 16 f.
441 283 27 19 90;
479 283 22 16 28

72 304 42 22 (adr.
128 307 79 19 Skedom,
221 305 92 21 Sollefteå).

49 329 101 21 Bergström,
169 331 62 18 Petrus,
254 331 145 20 Hemmansägare
418 328 52 23 [976],
489 331 11 16 f.

73 354 28 18 81;
116 354 21 16 28
149 352 43 21 (adr.
205 354 93 19 Bäckland,
312 353 109 22 Nordingrå).

49 377 100 20 Sandström,
163 378 38 15 Nils
214 378 64 19 Victor,
292 378 81 16 Direktör
386 376 52 23 [976],
451 379 11 15 f.
473 377 27 21 74;

74 402 22 16 28
109 400 42 21 (adr.
165 400 80 23 Nyland).

49 422 66 22 Öhman,
129 426 40 16 Eric
182 426 58 19 Oscar,
255 426 91 19 Redaktör,
360 427 11 15 f.
382 426 27 19 86;
424 426 21 16 28
458 421 42 30 (adr.

74 448 103 21 Sundsvall).

49 473 69 21 Edberg,
131 474 32 15 Per
173 474 57 20 Jonas,
247 474 151 20 Hemmansägare,
411 475 11 15 f.
437 473 28 20 78;
479 474 21 16 28

73 496 42 21 (adr.
129 498 77 20 Borgsjö,
221 496 104 21 Erikslund).

49 520 97 20 Johansson,
162 522 39 15 Carl
217 522 58 19 Oscar,
290 522 106 19 Kamrerare,
410 522 8 15 f.

74 543 42 21 (adr.
129 543 92 21 Sollefteå).

49 569 47 20 Berg,
109 569 52 16 Ernst
169 569 71 16 Gunnar
249 569 70 19 Harald,
330 568 170 22 Sågverksarbetare,

73 593 11 16 f.
98 593 27 19 86;
140 594 21 15 29
174 591 42 22 (adr.
230 593 86 19 Eriksdal,
330 591 69 22 Hovid).

51 636 60 25 [189]
190 639 112 22 Jämtlands
314 640 38 17 län.

50 669 77 20 Hedlund,
139 670 62 16 Paulus
216 671 73 18 Samuel,
303 671 108 16 Sekreterare
424 669 51 22 [790],
489 672 8 15 f.

76 693 26 20 78;
117 695 22 15 28
151 692 42 21 (adr.
207 695 58 18 Häste,
279 692 105 22 Östersund).

50 717 76 20 Hedlund,
139 719 65 15 Verner
213 718 80 20 Vilhelm,
303 717 198 22 Fattigvårdskonsulent

73 740 52 23 [531],
138 743 11 15 f.
163 742 28 19 83;
205 742 22 16 28
239 740 42 22 (adr.
295 740 106 21 Östersund).

50 765 79 19 Olofsson,
146 766 59 21 Johan,
220 767 145 20 Hemmansägare
377 764 52 23 [976],
447 767 11 16 f.
473 767 26 19 60;

74 790 21 15 28
108 788 42 21 (adr.
164 790 90 21 Digernäs,
268 788 94 22 Genvalla).

50 813 63 19 Olsson,
132 814 43 19 Nils,
193 814 150 21 Hemmansägare,
357 815 11 15 f.
382 813 27 20 73;
424 814 21 16 28
458 813 41 21 (adr.

74 837 137 21 Rödningsberg,
225 836 130 22 Trångsviken).

49 860 74 20 Persson,
136 862 36 18 Per,
189 862 144 20 Hemmansägare
346 859 52 23 [976],
411 862 11 16 f.
437 862 27 19 69;
478 862 22 16 28

72 883 42 22 (adr.
128 884 85 22 Trången,
226 883 67 23 Aspås).

49 929 61 24 [190]
187 931 133 18 Västerbottens
332 932 37 17 län.

48 961 89 21 Sandberg,
150 962 42 16 Olof
203 963 55 18 Evert,
272 963 123 19 Lantbrukare,
411 963 11 16 f.
436 963 28 19 86;
478 964 22 15 28

73 984 42 20 (adr.
129 986 46 18 Böle,
191 984 64 20 Umeå).

49 1008 92 19 Lindmark,
150 1009 60 16 Ewald
220 1009 65 21 Eugén,
295 1009 146 21 Hemmansägare
448 1007 51 23 [976],

72 1033 11 15 f.
97 1033 28 18 85;
135 1033 22 16 28
165 1031 42 21 (adr.
217 1033 122 21 Drängsmark,
349 1032 150 22 Drängsmarkby).

49 1055 86 22 Lindberg,
154 1057 41 15 Elof
211 1057 81 19 Herman,
306 1057 92 19 Redaktör,
411 1058 11 15 f.
437 1058 27 18 91;
478 1058 21 15 28

72 1078 42 21 (adr.
128 1078 64 21 Umeå).

49 1103 94 20 Wikström,
161 1105 62 19 Anton,
243 1104 91 20 Redaktör,
354 1105 11 15 f.
382 1103 27 20 76;
423 1105 22 16 28
458 1103 41 22 (adr.

74 1126 103 21 Skellefteå).

49 1151 79 19 Wiklund,
145 1152 57 19 Adolf,
216 1152 117 16 Lantbrukare
346 1150 51 22 [976],
411 1153 11 15 f.
436 1152 27 19 59;
478 1153 21 16 28

73 1173 42 22 (adr.
128 1176 86 18 Brattfors,
228 1173 74 22 Öreälv).

49 1198 76 20 Näslund,
138 1200 32 15 Per
180 1200 60 20 Johan,
254 1200 151 20 Hemmansägare,
419 1200 11 15 f.
440 1200 28 18 86;
478 1200 22 16 28

73 1221 42 21 (adr.
129 1217 56 25 Åsele,
200 1220 111 23 Östernoret).

50 1246 74 19 Viklund,
134 1247 55 20 Johan
202 1247 93 19 Bernhard,
309 1247 132 21 Distriktspolis,
451 1248 11 15 f.
472 1247 27 19 86;

74 1271 22 15 28
109 1268 42 22 (adr.
164 1269 67 22 Byske).

50 1315 60 24 [191]
191 1317 123 17 Norrbottens
326 1317 37 17 län.

49 1347 71 19 Nilsson,
139 1348 38 16 Nils
196 1348 47 19 Erik,
262 1348 146 21 Hemmansägare
423 1346 52 23 [976],
489 1349 8 15 f.

75 1372 27 18 66;
116 1372 22 16 28
151 1369 41 22 (adr.
205 1369 78 22 Antnäs).

50 1394 51 22 Hage,
114 1395 51 16 Ernst
180 1396 70 21 August,
264 1396 59 16 Förste
336 1395 100 17 bokhållare
449 1394 51 23 [605],

74 1420 11 15 f.
100 1418 27 20 76;
141 1419 22 16 28
175 1417 42 22 (adr.
231 1417 64 22 Luleå).

50 1442 97 21 Grapenson,
160 1443 48 16 Peter
218 1443 56 21 Jöran,
288 1443 123 16 Komminister
423 1441 52 22 [709],
490 1444 8 15 f.

76 1465 26 20 78;
117 1467 22 16 28
152 1465 41 21 (adr.
208 1465 97 21 Gällivare).

399 235 11 16 f.
431 235 27 19 92;
479 235 21 16 28

435 520 27 21 75;
476 522 24 16 28

519 109 65 20 Dahlén,
597 111 52 20 Jonas
664 111 60 19 Petter,
738 110 129 20 Gruvarbetare,
880 111 11 15 f.
906 110 27 20 81;
947 111 22 15 28

542 132 42 22 (adr.
597 132 77 22 Kiruna).

519 157 102 20 Lundström,
635 158 61 16 Gustaf
706 158 70 19 Harald,
779 153 40 29 Fil.
826 153 30 29 M.,
864 158 86 20 Direktör,
958 159 11 15 f.

544 182 28 18 90;
586 182 22 16 28
621 180 42 21 (adr.
676 180 72 21 Boden).

519 205 79 21 Lövgren,
611 206 54 16 Oscar
677 206 86 19 Wilhelm,
779 206 88 19 Arbetare,
880 206 11 16 f.
905 206 28 19 88;
948 206 21 16 28

542 228 42 21 (adr.
598 227 83 24 Nyborg).

519 253 72 21 Selberg,
610 254 61 15 Gustaf
688 254 92 18 Reinhold,
794 254 151 21 Hemmansägare,
959 254 10 16 f.

544 278 27 19 84;
585 278 22 16 28
620 276 42 21 (adr.
676 278 90 20 Svartbyn,
780 275 70 22 Boden).

521 328 60 24 [192]

519 360 141 27 Avlönings=
687 360 46 21 och
758 360 212 26 pensionsbestäm-

519 389 83 23 melser
624 390 39 22 för
680 389 230 28 befattningshavare
929 390 41 22 vid

626 419 148 27 Riksdagens
789 420 66 21 verk.

537 455 164 16 Avlöningsreglemente
710 456 16 12 är
735 459 19 9 av
762 455 76 16 riksdagen
847 457 59 15 antaget
915 456 28 13 den
953 456 16 13 18

519 473 31 16 juni
558 477 33 12 1921
601 473 93 16 (Riksdagens
701 473 68 13 skrivelse
776 477 17 9 nr
800 473 37 16 384).

537 491 45 13 Detta
591 491 164 16 avlöningsreglemente,
765 495 31 9 som
805 491 5 13 i
819 492 37 12 stort
865 493 29 11 sett
904 493 65 11 överens-

519 510 68 12 stämmer
593 509 33 13 med
632 509 167 16 avlöningsreglementet
805 509 22 13 för
832 509 137 16 statsdepartement

519 531 19 9 m.
544 527 15 13 fl.
565 527 39 15 verk,
611 527 84 13 tillhörande
700 527 28 12 den
733 527 42 13 civila
780 527 148 16 statsförvaltningen,
933 527 37 13 skall

519 546 27 15 äga
554 545 90 20 tillämpning
652 545 8 12 å
668 545 87 16 tjänstemän
763 545 25 12 vid
795 545 91 16 riksbanken,
894 545 76 16 riksgälds-

519 563 71 15 kontoret,
598 563 83 15 riksdagens
688 563 31 15 hus,
727 563 149 15 riksdagsbiblioteket
883 555 39 21 samt
928 563 41 16 justi-

520 581 24 12 tie-
554 581 27 12 och
589 580 275 17 militieombudsmansexpeditionerna.

537 598 74 13 Ordinarie
625 599 87 16 tjänstemän
726 598 68 13 tillsättas
807 598 30 13 dels
850 602 51 12 genom
914 599 55 13 förord-

519 616 53 16 nande,
581 616 30 13 dels
619 620 50 12 genom
677 616 68 13 fullmakt
754 616 33 13 eller
795 616 114 13 konstitutorial.

538 635 27 12 För
573 634 63 16 följande
643 634 103 16 befattningar,
754 634 45 13 vilkas
807 635 87 12 innehavare
902 634 68 13 tillsättas

519 656 51 12 genom
577 652 95 13 förordnande
680 652 18 16 på
706 652 29 13 viss
743 652 25 16 tid,
776 652 42 16 utgår
825 653 52 15 arvode,
885 652 23 13 för
915 652 16 13 år
937 652 33 13 räk-

519 672 30 13 nat,
559 670 32 13 med
600 670 111 13 nedannämnda
719 670 57 16 belopp:

519 693 106 14 verkställande
645 693 123 17 styrelseledamot
789 693 25 13 vid
834 693 35 14 riks-

537 712 64 12 bankens
620 711 136 16 avdelningskontor
773 711 6 13 i
797 712 73 15 Göteborg

537 730 33 13 eller
580 729 53 14 Malmö
664 740 3 3 =.
682 740 3 3 .

519 748 105 13 verkställande
642 739 122 25 styrelseledamot
782 748 25 13 vid
824 749 45 12 annat

537 766 94 13 riksbankens
641 766 136 15 avdelningskontor
809 775 3 4 =.
827 776 3 3 .
845 776 3 3 .
863 776 3 3 .

888 733 49 13 15,000
947 730 22 13 kr,

888 769 50 12 12,000
955 770 6 8 >

537 795 28 13 För
573 795 192 16 byråchefsbefattningarna
774 795 25 13 vid
807 795 61 16 justitie-
877 795 26 13 och
912 795 57 13 militie-

519 813 223 16 ombudsmansexpeditionerna,
751 813 46 13 vilkas
806 813 86 13 innehavare
901 813 68 13 tillsättas

519 835 51 12 genom
577 831 95 13 förordnande
680 831 28 13 tills
715 831 54 15 vidare,
776 831 42 16 utgår
825 831 52 15 arvode,
885 831 22 13 för
915 831 15 12 år
937 831 32 13 räk-

519 850 30 14 nat,
559 849 32 12 med
601 849 36 15 lägst
647 852 48 12 10,500
705 849 52 12 kronor
766 849 26 12 och
802 849 41 15 högst
853 853 50 12 11,940
911 849 58 13 kronor.

537 866 97 17 Tjänstemän,
643 871 31 8 som
683 866 67 13 tillsättas
758 870 51 12 genom
817 867 67 12 fullmakt
893 866 33 13 eller
934 867 35 12 kon-

519 884 83 16 stitatorial,
613 885 24 12 äro
647 884 72 13 fördelade
729 884 19 16 på
758 888 17 12 30
785 884 88 16 lönegrader.

538 902 6 13 I
557 902 114 13 statskalendern
684 903 24 12 äro
721 903 74 16 upptagna
808 902 115 16 tjänstemännen
936 902 32 13 från

519 920 26 13 och
555 920 32 13 med
599 921 29 12 16:e
638 920 89 16 lönegraden.

537 938 27 13 Till
571 938 18 13 de
596 938 70 13 särskilda
673 938 102 16 lönegraderna
782 938 72 13 hänföras:

537 956 27 13 Vid
574 956 86 13 riksbanken:
676 957 29 12 16:e
721 956 90 16 lönegraden:
821 956 37 13 vissa
868 955 101 14 kammarskri-

519 977 38 11 vare;
567 976 34 13 17:e:
615 974 60 12 kanslist
690 974 26 12 och
725 974 38 12 vissa
772 973 129 13 kammarskrivare
910 974 24 12 vid
943 974 27 12 hu-

519 991 97 13 vudkontoret
631 992 38 11 samt
685 991 5 12 i
700 991 73 15 Göteborg
783 991 26 12 och
820 991 57 15 Malmö;
889 991 34 12 18:e:
934 991 35 15 regi-

519 1010 68 11 stratorer
608 1008 24 13 vid
645 1008 153 16 avdelningskontoren
811 1010 40 11 utom
861 1008 72 16 Göteborg
943 1008 26 13 och

519 1026 57 16 Malmö;
594 1030 35 9 20:e:
648 1027 64 12 kassörer
723 1026 25 13 vid
760 1030 55 9 samma
827 1026 142 16 avdelningskontor;

519 1048 22 9 22:a:
570 1044 69 16 aktuarie,
654 1044 92 15 kontrollant,
761 1044 75 15 arkivarie,
851 1044 88 15 registrator,
948 1048 21 8 re-

519 1062 43 15 visor,
570 1062 54 16 kassör,
632 1062 97 13 föreståndare
737 1062 22 12 för
767 1062 111 15 sedelräknings-
886 1062 27 12 och
921 1063 48 14 mynt-

519 1080 183 15 räkningsavdelningarna,
714 1080 112 15 korrespondent
838 1081 37 11 samt
887 1079 82 13 bokhållare

519 1097 24 13 vid
552 1098 117 12 huvudkontoret
677 1099 67 11 ävensom
753 1097 58 16 revisor,
819 1097 88 16 registrator,
915 1097 54 13 korres-

519 1115 68 17 pondent,
597 1116 49 12 kassör
656 1115 26 13 och
691 1115 83 13 bokhållare
783 1115 4 13 i
797 1115 73 16 Göteborg
879 1115 27 13 och
915 1115 54 13 Malmö

519 1135 37 11 samt
577 1133 81 13 kamrerare
674 1133 25 13 vid
715 1133 38 13 vissa
770 1133 141 16 avdelningskontor;
934 1136 35 12 24:e:

519 1151 37 13 vissa
565 1151 80 13 kamrerare
653 1151 24 12 vid
685 1151 118 13 huvudkontoret
810 1152 38 11 samt
856 1151 81 12 kamrerare
944 1151 25 12 vid

519 1169 38 13 vissa
571 1169 141 16 avdelningskontor;
727 1169 34 12 26:e:
781 1169 91 14 sekreterare,
890 1168 80 13 statistiker

519 1187 26 12 och
556 1187 38 13 vissa
605 1187 81 12 kamrerare
697 1186 24 13 vid
733 1186 117 13 huvudkontoret
861 1187 38 12 samt
914 1186 55 13 kamre-

518 1208 32 9 rare
563 1205 5 12 i
580 1205 73 15 Göteborg
665 1205 26 12 och
704 1204 57 16 Malmö;
782 1208 17 12 30:e:
834 1204 135 13 bankosekreterare

519 1223 26 12 och
558 1222 95 13 ombudsman
666 1223 37 12 samt
717 1222 146 13 bankokommissarie
875 1222 25 12 vid
913 1222 56 12 huvud-

519 1240 72 13 kontoret.

537 1258 27 12 Vid
581 1258 130 15 riksgäldskontoret:

729 1258 30 12 16:e
775 1257 27 13 och
820 1260 30 12 17:e
863 1257 106 15 lönegraderna:

519 1276 133 15 kammarskrivare;
666 1279 21 9 22:a:
715 1275 59 16 notarie,
789 1275 53 16 kassör,
855 1275 80 13 statistiker
943 1275 27 12 och

519 1294 83 12 bokhållare
611 1295 38 11 samt
659 1297 15 9 re
781 1293 87 13 sekreterare
877 1293 27 12 och
914 1293 55 12 kamre-

519 1315 36 11 rare;
567 1314 35 12 27:e:
613 1311 45 13 förste
668 1311 59 16 revisor;
738 1315 34 12 30:e:
779 1311 158 15 riksgäldssekreterare
943 1310 26 14 och

519 1329 95 13 ombudsman
624 1330 39 12 samt
674 1328 172 17 riksgäldskommissarie.

538 1347 27 13 Vid
581 1347 141 16 riksdagsbiblioteket:
738 1350 31 9 21:a
785 1346 90 16 lönegraden:
887 1350 21 9 2:e
919 1346 50 13 biblio-

520 1365 58 15 tekarie;
587 1369 7 8 24:e:
631 1368 21 9 1:e
660 1364 103 16 bibliotekarie;
815 1363 139 14 överbibliotekarie.

538 1383 27 12 Vid
576 1382 248 17 justitieombudsmansexpeditionen:
837 1382 31 13 26:e
879 1381 91 16 lönegraden:

520 1401 92 13 sekreterare.

538 1418 27 13 Vid
576 1417 245 17 militieombudsmansexpeditionen:

521 1436 117 16 byråintendent.

539 1454 22 13 Av
566 1454 18 13 de
592 1454 26 13 här
623 1455 73 15 upptagna
704 1453 102 16 lönegraderna
811 1453 61 13 omfatta
883 1454 52 14 16—19-
947 1456 25 10 en-

521 1476 26 9 var
554 1475 7 12 5
569 1472 27 13 och
603 1475 53 12 20—30
663 1475 44 9 envar
718 1475 9 12 4
733 1471 91 13 löneklasser.
839 1471 104 16 Uppflyttning
949 1470 22 13 till

837 1421 30 12 24:e
877 1417 94 16 lönegraden:

493 1515 32 16 151
