1044 1568
447 42 115 23 Riksdagen.

836 38 129 27 [188—192]

46 88 59 26 [188]
165 91 166 18 Västernorrlands
343 91 37 18 län.

44 121 88 22 Västberg,
142 123 55 20 Johan
212 123 76 19 Mauritz,
302 122 91 20 Redaktör,
406 123 12 15 f.
432 122 27 20 86;
473 122 22 16 28

68 145 42 21 (adr.
123 144 102 22 Sundsvall).

45 169 59 20 Rudén,
123 171 32 15 Per
174 170 87 19 Emanuel,
279 170 150 21 Hemmansägare,
442 170 11 16 f.
468 169 27 20 74;

69 194 22 16 28
104 192 41 22 (adr.
159 194 75 21 Fjällsjö,
248 192 67 22 Backe).

45 217 88 20 Molander,
151 218 76 19 Helmer,
247 218 123 19 Ombudsman,

68 240 42 22 (adr.
124 241 58 21 Säbrå,
196 240 114 22 Härnösand).

45 265 98 20 Strindlund,
156 266 82 19 Gerhard,
252 266 150 21 Hemmansägare,
414 266 12 16 f.
436 266 28 19 90;
474 266 21 16 28

68 288 42 22 (adr.
123 290 80 20 Skedom,
216 288 92 22 Sollefteå).

45 313 110 22 Lagerkwist,
174 315 53 15 Frans
246 314 62 21 Sigurd
321 314 75 19 Helmer,
407 314 89 21 Järnvägs-

71 338 105 21 tjänsteman,
189 339 11 15 f.
214 337 28 20 87;
256 338 21 16 28
290 336 42 22 (adr.
345 332 61 27 Ånge).

45 361 100 22 Bergström,
164 363 63 18 Petrus,
249 363 145 20 Hemmansägare
413 360 52 22 [976],
484 363 11 15 f.

70 386 27 19 81;
111 386 22 16 28
145 384 42 22 (adr.
201 386 92 19 Bäckland,
307 384 109 23 Nordingrå).

45 409 100 21 Sandström,
158 410 38 16 Nils
210 410 63 20 Victor,
287 410 82 16 Direktör
381 408 52 23 [976],
446 410 11 16 f.
468 409 27 20 74;

48 454 7 3 —
70 434 21 16 28
104 432 43 22 (adr.
160 432 81 23 Nyland).

46 457 66 19 Öhman,
125 458 41 16 Erik
180 459 58 19 Oscar,
252 458 92 19 Redaktör,
358 459 11 15 f.
377 458 27 19 86;
419 458 21 16 28
453 456 42 22 (adr.

69 480 103 22 Sundsvall).

45 505 69 21 Edberg,
127 507 32 22 Per
168 506 57 21 Jonas,
242 506 150 21 Hemmansägare,
406 506 11 16 f.
431 504 28 21 78;
473 506 22 16 28

68 528 42 21 (adr.
124 530 104 19 Östernäset,
242 528 105 21 Erikslund).

45 553 96 20 Johansson,
157 554 40 16 Carl
213 554 58 19 Oscar,
285 554 106 19 Kamrerare,
404 553 13 16 f.
432 552 27 21 75;
473 554 22 16 28

69 576 42 21 (adr.
124 576 92 22 Sollefteå).

46 626 60 27 [189]
185 630 112 22 Jämtlands
309 630 38 18 län.

45 660 77 20 Hedlund,
134 661 62 16 Paulus
211 661 73 19 Samuel,
298 661 107 16 Sekreterare
418 658 52 23 [790],
483 662 11 15 f.

70 684 27 20 78;
111 685 22 16 28
146 683 42 22 (adr.
201 686 58 18 Häste,
273 682 106 23 Östersund).

44 708 77 19 Hedlund,
133 710 66 15 Verner
207 709 80 19 Vilhelm,
293 708 202 24 Fattigvårdskonsulent

67 731 52 23 [531],
133 733 11 16 f.
158 733 27 19 83;
199 733 22 16 28
233 731 42 22 (adr.
289 731 106 21 Östersund).

44 756 79 20 Olofsson,
140 758 60 20 Johan,
213 757 146 21 Hemmansägare
371 754 52 23 [976],
441 758 11 15 f.
466 757 28 19 60;

68 781 21 16 28
102 779 42 21 (adr.
157 781 91 21 Digernäs,
262 779 94 22 Genvalla).

44 804 62 19 Olsson,
125 805 44 19 Nils,
187 805 150 21 Hemmansägare,
350 805 12 16 f.
376 803 27 21 73;
417 804 22 17 28
452 803 41 21 (adr.

67 829 138 21 Rödningsberg,
219 827 130 23 Trångsviken).

43 852 74 19 Persson,
130 853 36 19 Per,
182 853 145 20 Hemmansägare
340 850 51 23 [976],
405 853 11 15 f.
430 853 28 19 69;
472 853 22 16 28

66 875 42 21 (adr.
121 875 85 22 Trången,
219 874 67 23 Aspås).

44 921 60 24 [190]
181 923 133 17 Västerbottens
326 923 37 17 län.

42 953 89 21 Sandberg,
143 954 43 15 Olof
196 954 56 19 Evert,
265 953 123 20 Lantbrukare,
405 954 11 15 f.
430 953 27 19 86;
472 954 21 16 28

66 975 42 21 (adr.
122 977 46 19 Böle,
184 975 64 21 Umeå).

43 1000 91 19 Lindmark,
155 1000 60 17 Ewald
233 1000 66 21 Eugén,
318 1000 151 21 Hemmansägare,
482 1001 11 15 f.

67 1025 27 19 85;
108 1025 22 16 28
143 1022 42 22 (adr.
201 1024 122 21 Drängsmark,
342 1022 151 23 Drängsmarkby).

43 1048 85 21 Lindberg,
147 1049 41 15 Elof
204 1049 81 19 Herman,
299 1048 92 20 Redaktör,
405 1048 10 16 f.
430 1048 27 19 91;
471 1048 22 16 28

65 1071 42 21 (adr.
121 1071 65 21 Umeå).

42 1096 94 19 Wikström,
154 1097 62 19 Anton,
236 1096 91 19 Redaktör,
346 1096 12 16 f.
375 1094 27 21 76;
416 1096 22 16 28
451 1094 42 22 (adr.

67 1118 103 22 Skellefteå).

43 1143 78 19 Wiklund,
138 1144 57 19 Adolf,
209 1144 117 15 Lantbrukare
339 1141 51 23 [976],
404 1144 11 15 f.
429 1143 28 19 59;
471 1144 22 16 28

66 1166 42 21 (adr.
121 1168 87 19 Brattfors,
221 1164 74 23 Öreälv).

42 1191 76 20 Näslund,
131 1192 32 15 Per
173 1192 60 20 Johan,
247 1192 151 20 Hemmansägare,
411 1191 12 16 f.
433 1191 28 19 86;
470 1191 23 17 28

66 1214 42 21 (adr.
122 1216 85 19 Sörnoret,
222 1213 111 21 Östernoret).

43 1238 74 20 Viklund,
127 1240 55 20 Johan
195 1239 93 19 -Bernhard,
302 1238 132 22 Distriktspolis,
444 1239 11 15 f.
465 1238 27 20 86;

67 1264 22 15 28
101 1261 42 22 (adr.
157 1261 67 23 Byske).

44 1307 59 25 [191]
184 1309 122 17 Norrbottens
319 1309 38 17 län.

42 1340 70 19 Nilsson,
131 1340 39 16 Nils
189 1340 46 19 Erik,
255 1340 145 21 Hemmansägare
416 1338 52 22 [976],
482 1340 11 16 f.

67 1365 28 18 66;
109 1364 21 16 28
143 1362 42 22 (adr.
198 1362 77 22 Antnäs).

43 1387 51 22 Hage,
107 1388 51 16 Ernst
172 1389 71 20 August,
257 1388 59 16 Förste
328 1386 101 18 bokhållare
441 1385 52 23 [605],

66 1413 11 15 f.
92 1411 27 20 76;
133 1412 22 16 28
167 1410 42 22 (adr.
223 1410 64 22 Luleå).

43 1435 96 21 Grapenson,
152 1436 49 16 Peter
210 1436 57 21 Jöran,
280 1435 124 17 Komminister
415 1433 52 23 [709],
482 1436 12 15 f.

68 1459 27 20 78;
110 1460 21 16 28
144 1458 42 21 (adr.
200 1457 97 22 Gällivare).

394 218 11 16 f.
426 218 27 19 92;
474 218 21 16 28

514 91 65 20 Dahlén,
592 93 52 20 Jonas
659 93 60 19 Petter,
733 92 129 19 Gruvarbetare,
875 92 12 15 f.
901 91 28 20 81;
942 91 23 17 28

537 114 42 22 (adr.
592 114 77 22 Kiruna).

514 139 102 20 Lundström,
635 140 61 16 Gustaf
709 140 71 19 Harald,
794 139 81 17 Direktör
887 137 52 23 [528],
952 140 12 15 f.

539 164 27 18 90;
580 164 22 16 28
615 162 42 22 (adr.
671 162 72 21 Boden).

514 187 79 21 Lövgren,
606 188 54 16 Oscar
672 188 86 19 Wilhelm,
774 187 88 19 Arbetare,
875 187 11 16 f.
900 187 28 19 88;
942 187 22 16 28

538 210 41 22 (adr.
593 210 83 23 Nyborg).

515 235 70 22 Selberg,
604 236 62 16 Gustaf
683 235 92 20 Reinhold,
788 235 152 21 Hemmansägare,
954 235 10 16 f.

539 260 27 19 84;
580 260 22 16 28
615 258 42 22 (adr.
671 260 90 21 Svartbyn,
775 257 71 22 Boden).

516 341 60 24 [192]

514 373 141 28 Avlönings=
682 373 46 22 och
753 372 213 27 pensionsbestäm-

514 403 83 22 melser
619 403 39 22 för
675 402 231 28 befattningshavare
924 402 42 22 vid

621 433 148 27 Riksdagens
784 432 66 22 verk.

532 474 164 16 Avlöningsreglemente
705 475 16 12 är
730 478 18 9 av
756 474 76 16 riksdagen
842 475 59 15 antaget
910 474 27 14 den
948 475 16 12 18

514 492 31 17 juni
553 496 33 13 1921
595 493 95 16 (Riksdagens
696 492 68 14 skrivelse
770 496 18 9 nr
795 492 37 17 384).

532 511 44 13 Detta
586 511 164 15 avlöningsreglemente,
760 514 31 9 som
800 510 5 14 i
814 511 37 12 stort
860 511 29 12 sett
898 511 66 12 överens-

514 529 68 12 stämmer
588 529 33 12 med
627 528 167 16 avlöningsreglementet
799 528 23 13 för
827 528 138 16 statsdepartement

514 550 19 9 m.
538 546 16 13 fl.
560 546 39 16 verk,
605 546 85 13 tillhörande
695 546 27 13 den
728 546 42 13 civila
775 546 148 16 statsförvaltningen,
928 546 37 13 skall

514 565 27 15 äga
549 564 90 16 tillämpning
646 564 8 13 å
663 564 87 16 tjänstemän
758 564 24 13 vid
820 564 60 16 riksbanken,
888 564 77 16 riksgälds-

514 582 71 16 kontoret,
593 582 83 16 riksdagens
683 582 31 16 hus,
722 581 149 17 riksdagsbiblioteket
879 583 38 12 samt
923 582 42 16 justi-

515 600 24 13 tie-
549 600 27 13 och
584 600 275 16 militieombudsmansexpeditionerna.

532 618 74 13 Ordinarie
620 618 87 16 tjänstemän
720 618 69 13 tillsättas
802 617 30 14 dels
846 621 51 12 genom
909 617 55 14 förord-

514 636 53 16 nande,
576 636 29 13 dels
614 639 51 13 genom
672 636 68 13 fullmakt
748 636 34 12 eller
790 635 114 14 konstitutorial.

532 654 28 13 För
567 654 63 16 följande
638 654 102 15 befattningar,
748 653 46 13 vilkas
802 654 87 12 innehavare
897 653 68 13 tillsättas

514 675 51 12 genom
572 672 95 13 förordnande
674 672 19 16 på
700 672 29 13 viss
737 671 26 16 tid,
770 671 43 17 utgår
819 671 53 16 arvode,
880 671 22 13 för
910 671 15 13 år
932 671 33 13 räk-

514 691 30 14 nat,
553 690 33 13 med
594 690 112 13 nedannämnda
714 689 57 17 belopp:

783 719 25 13 vid
829 719 35 13 riks-

792 737 73 16 Göteborg

514 719 105 13 verkställande
640 719 122 16 styrelseledamot

532 737 63 13 bankens
614 737 136 16 avdelningskontor
768 737 5 13 i

531 755 34 13 eller
574 755 53 14 Malmö

514 773 105 13 verkställande
636 773 123 16 styrelseledamot
776 773 25 13 vid
819 774 44 12 annat

531 791 94 13 riksbankens
635 791 136 16 avdelningskontor
883 794 50 13 12,000
950 794 6 9 +

531 821 28 13 För
567 820 192 17 byråchefsbefattningarna
768 820 25 13 vid
801 820 61 17 justitie-
871 820 27 13 och
906 820 57 13 militie-

513 839 223 16 ombudsmansexpeditionerna,
745 838 47 14 vilkas
800 838 87 14 innehavare
895 838 68 13 tillsättas

513 860 51 12 genom
570 857 96 13 förordnande
674 857 28 13 tills
709 856 54 16 vidare,
770 856 43 16 utgår
819 856 53 16 arvode,
879 856 23 13 för
909 856 16 13 år
931 856 33 13 räk-

513 876 30 14 nat,
552 875 33 12 med
594 874 37 16 lägst
641 878 49 12 10,500
699 875 52 12 kronor
760 875 26 12 och
796 874 42 16 högst
847 878 50 12 11,940
906 874 58 13 kronor.

530 892 98 17 Tjänstemän,
637 896 31 9 som
677 892 67 13 tillsättas
752 896 51 12 genom
811 892 68 13 fullmakt
887 891 33 14 eller
928 892 35 13 kon-

513 910 83 16 stitutorial,
606 911 25 12 äro
641 910 72 13 fördelade
723 910 19 16 på
752 914 18 12 30
779 910 88 16 lönegrader.

531 928 7 13 I
551 928 114 13 statskalendern
678 929 25 12 äro
715 929 74 15 upptagna
802 928 116 16 tjänstemännen
931 927 33 14 från

513 946 26 13 och
549 946 33 13 med
592 946 30 13 16:e
632 946 89 16 lönegraden.

530 964 28 12 Till
565 964 18 12 de
590 964 70 13 särskilda
667 963 102 16 lönegraderna
776 963 72 13 hänföras:

531 981 27 13 Vid
567 981 87 13 riksbanken:
670 982 29 12 16:e
714 981 91 15 lönegraden:
814 981 39 13 vissa
862 981 102 13 kammarskri-

513 1002 38 11 vare;
561 1001 34 13 17:e:
609 998 60 13 kanslist
684 999 26 12 och
719 998 38 13 vissa
766 998 130 13 kammarskrivare
904 998 25 13 vid
937 998 27 13 hu-

513 1016 97 14 vudkontoret
625 1017 38 12 samt
679 1016 5 13 i
694 1016 73 16 Göteborg
776 1016 28 13 och
814 1016 57 16 Malmö;
883 1016 35 13 18:e:
928 1016 36 16 regi-

513 1036 68 12 stratorer
601 1034 25 13 vid
639 1034 153 16 avdelningskontoren
805 1035 41 12 utom
855 1034 74 16 Göteborg
937 1034 27 13 och

513 1052 57 16 Malmö;
587 1056 35 9 20:e:
641 1053 65 12 kassörer
717 1052 25 13 vid
754 1055 56 10 samma
822 1051 141 17 avdelningskontor;

513 1074 35 9 22:a:
563 1070 70 16 aktuarie,
648 1070 92 16 kontrollant,
755 1070 75 16 arkivarie,
845 1070 88 16 registrator,
942 1073 22 9 re-

513 1088 42 16 visor,
563 1088 55 16 kassör,
626 1088 97 13 föreståndare
731 1088 22 13 för
760 1087 112 16 sedelräknings-
880 1087 27 13 och
915 1088 49 15 mynt-

512 1106 184 16 räkningsavdelningarna,
708 1106 113 16 korrespondent
831 1107 38 12 samt
880 1105 84 13 bokhållare

513 1124 24 13 vid
545 1124 117 13 huvudkontoret
670 1125 68 12 ävensom
746 1124 58 15 revisor,
812 1123 88 16 registrator,
909 1123 55 13 korres-

513 1142 67 16 pondent,
591 1142 49 13 kassör
649 1142 27 13 och
685 1141 83 14 bokhållare
776 1141 5 13 i
791 1141 73 16 Göteborg
872 1141 27 13 och
909 1141 54 13 Malmö

512 1161 38 12 samt
570 1160 81 13 kamrerare
667 1160 25 12 vid
708 1159 38 13 vissa
763 1159 142 16 avdelningskontor;
927 1162 36 10 24:e:

512 1178 38 12 vissa
557 1177 81 13 kamrerare
646 1177 25 13 vid
678 1177 118 13 huvudkontoret
804 1178 38 12 samt
850 1177 81 13 kamrerare
954 1177 10 12 vid

512 1195 38 13 vissa
564 1195 141 16 avdelningskontor;
720 1196 35 12 26:e:
774 1195 92 15 sekreterare,
883 1194 82 14 statistiker

512 1213 26 13 och
549 1213 38 13 vissa
598 1213 81 13 kamrerare
690 1213 25 13 vid
726 1213 118 13 huvudkontoret
855 1214 38 11 samt
907 1212 56 13 kamre-

512 1235 31 9 rare
556 1231 5 13 i
573 1231 73 16 Göteborg
658 1231 27 13 och
698 1230 57 16 Malmö;
775 1234 35 12 30:e:
828 1230 136 13 bankosekreterare

512 1249 27 13 och
551 1249 96 13 ombudsman
659 1249 39 13 samt
710 1248 147 13 bankokommissarie
869 1248 25 13 vid
906 1248 57 13 huvud-

513 1267 71 13 kontoret.

530 1285 28 13 Vid
574 1284 131 16 riksgäldskontoret:
722 1285 31 12 16:e
768 1284 28 13 och
813 1286 30 13 17:e
857 1283 106 17 lönegraderna:

505 1292 140 31 kammarskrivare;
708 1302 60 16 notarie,
782 1302 54 15 kassör,
848 1301 81 14 statistiker
936 1301 28 13 och

512 1320 83 13 bokhållare
604 1322 38 11 samt
652 1324 59 12 revisor;
724 1324 22 9 26:e:
774 1320 87 13 sekreterare
870 1319 28 13 och
908 1319 55 13 kamre-

512 1342 36 11 rare;
560 1341 36 13 27:e:
606 1338 45 13 förste
661 1338 59 15 revisor;
731 1341 17 12 30:e:
780 1337 151 16 riksgäldssekreterare
936 1337 27 13 och

512 1356 95 13 ombudsman
618 1357 39 12 samt
667 1355 173 16 riksgäldskommissarie.

530 1374 28 13 Vid
574 1373 141 17 riksdagsbiblioteket:
731 1377 32 9 21:a
778 1373 90 16 lönegraden:
880 1376 22 10 2:e
912 1372 51 14 biblio-

514 1392 57 15 tekarie;
580 1395 35 12 24:e:
624 1395 21 10 1:e
653 1391 103 16 bibliotekarie;
765 1394 35 13 30:e:
808 1390 139 14 överbibliotekarie,

531 1410 27 12 Vid
569 1408 249 17 justitieombudsmansexpeditionen:
831 1409 31 13 26:e
873 1408 91 16 lönegraden:

513 1427 92 13 sekreterare.

531 1445 28 13 Vid
569 1444 246 17 militieombudsmansexpeditionen:
830 1448 31 13 24:e
871 1443 94 17 lönegraden:

514 1463 117 17 byråintendent.

883 758 49 13 15,000
942 755 22 13 kr.

659 1306 7 9 »

489 1506 32 17 151
