1076 1566
116 57 121 26 [190—192]

113 103 56 26 [190]

244 109 136 19 Västerbottens
395 110 38 19 län.

265 146 120 16 Lantbrukare
400 148 51 19 [976],
468 149 11 14 f.
494 147 28 19 65;
539 147 21 16 21

265 169 125 20 Västerhiske).

111 191 109 18 Brännström,
233 191 53 19 Jonas
294 192 74 20 Ludvig,
377 193 126 18 Lantbrukare,
513 194 11 16 f.
533 192 27 19 76;

133 212 21 16 21
168 214 41 17 (adr.
222 214 126 19 Ljusvattnet).

111 237 92 18 Wikström,
221 238 64 18 Anton,
304 238 94 19 Redaktör,
415 239 11 15 f.
441 236 28 21 76;
481 237 21 16 21
518 239 43 19 (adr.

132 259 108 19 Skellefteå).

111 282 80 18 Wiklund,
206 283 57 17 Adolf,
278 283 121 16 Lantbrukare
413 285 51 18 [976],
477 285 10 14 f.
500 283 27 19 59;
540 283 19 16 21

133 305 42 18 (adr.
189 305 90 16 Brattfors,
291 303 76 21 Öreälv).

110 327 81 19 Lindberg,
210 328 40 15 Elof
268 328 86 18 Herman,
373 329 90 15 Redaktör
476 329 11 15 f.
499 328 29 19 91;
540 328 19 16 21

133 350 43 19 (adr.
190 350 68 19 Umeå).

110 372 98 20 Bäckström,
221 373 76 17 Werner,
309 374 137 15 Folkskollärare
455 375 50 18 [976],
514 375 11 14 f.
533 373 28 18 66;

132 394 22 16 21
167 396 42 19 (adr.
223 396 102 20 Bjurholm).

110 418 90 19 Lindmark,
219 419 60 15 Ewald
298 420 67 18 Eugen,
381 420 156 18 Hemmansägare,
550 419 10 15 f.

131 440 29 18 85;
171 440 22 16 21
207 442 42 18 (adr.
262 442 125 18 Drängsmark,
398 443 162 18 Drängsmarksby).

110 490 56 34 [191]
246 493 127 20 Norrbottens
388 494 37 19 län.

109 530 69 19 Dahlén,
190 530 55 19 Jonas
258 531 66 17 Petter,
338 531 135 18 Gruvarbetare,
482 532 11 16 f.
501 530 29 19 81;
538 530 20 16 21

133 554 43 17 (adr.
190 554 80 17 Kiruna).

109 576 67 17 Nilsson,
194 576 39 15 Nils
251 576 48 17 Erik,
317 576 149 20 Hemmansägare
484 577 51 19 [976],
548 577 10 15 f.

131 598 28 18 66;
170 597 22 16 21
206 599 43 19 (adr.
262 599 81 19 Antnäs).

109 622 49 18 Hage,
171 622 52 15 Ernst
236 622 73 19 August,
321 622 60 15 Förste
394 621 100 16 bokhållare
507 623 51 18 [605].

131 644 11 15 f.
154 642 28 18 76:
193 643 21 16 21
228 644 43 19 (adr.
284 645 67 18 Luleå).

108 667 99 18 Lundström,
224 667 52 15 Adolf
296 667 59 18 Linus,
376 667 154 20 Hemmansägare,

130 687 27 18 70:
169 688 22 16 21
203 690 43 18 (adr.
259 689 84 19 Långnäs,
356 690 80 18 Antnäs).

107 712 105 18 Samuelsson,
229 712 55 19 Bengt
299 713 67 15 Robert
378 712 88 19 Wilhelm,
476 712 82 16 Lokomo-

131 736 22 14 tis
159 730 62 29 förare,
234 736 12 14 f.
257 734 28 19 86;
297 734 21 16 21
331 736 43 19 (adr.
388 735 66 19 Luleå).

108 758 94 18 Bergström,
220 758 98 18 Kristoffer,
336 759 154 19 Hemmansägare,
506 758 11 15 f.
529 756 29 18 80;

128 778 21 16 21
163 781 42 17 (adr.
219 781 76 19 Högsön,
307 781 54 19 Vitå).

107 803 77 18 Lövgren,
196 803 54 16 Oscar
262 803 88 17 Wilhelm,
365 803 90 18 Arbetare,
472 803 12 15 f.
497 801 27 20 88;
536 801 21 16 21

129 825 42 20 (adr.
185 826 83 19 Nyborg).

548 668 10 14 f.

108 902 57 25 [192]
208 898 133 28 ÅAvlönings-
357 898 41 22 och
414 898 144 27 pensionsbe-

109 932 144 22 stämmelser
276 932 37 22 för
334 932 224 28 befattningshavare

198 966 37 22 vid
252 965 139 28 Riksdagens
405 966 61 22 verk.

124 1005 167 20 Avlöningsreglemente
300 1005 16 12 är
324 1009 19 8 av
351 1004 76 16 riksdagen
436 1005 58 16 antaget
503 1003 27 14 den
541 996 25 28 18
554 992 15 37 |

105 1022 32 16 juni
145 1026 33 12 1921
187 1022 95 16 (Riksdagens
288 1022 68 13 skrivelse
363 1026 17 9 nr
388 1022 37 20 384).

124 1039 45 13 Detta
178 1040 167 15 avlöningsreglemente,
354 1043 31 9 som
394 1040 4 12 i
407 1040 37 12 stort
453 1040 29 12 sett
491 1039 66 13 överens-

106 1057 68 12 stämmer
180 1056 32 13 med
219 1057 168 15 avlöningsreglementet
394 1056 21 13 för
421 1056 136 16 statsdepartement

106 1078 19 9 m.
130 1074 16 13 fl.
152 1074 39 15 verk,
197 1074 85 12 tillhörande
287 1074 28 12 den
321 1074 42 13 civila
368 1074 149 15 statsförvaltningen,
522 1073 36 13 skall

106 1092 26 15 äga
140 1091 93 16 tillämpning
239 1091 8 12 å
256 1091 88 16 tjänstemän
352 1091 25 12 vid
383 1091 92 15 riksbanken,
482 1090 75 16 riksgälds-

106 1109 72 15 kontoret,
185 1108 83 16 riksdagens
275 1108 32 15 hus,
313 1107 151 17 riksdagsbiblioteket
471 1109 38 11 samt
515 1108 42 16 justi-

105 1126 26 12 tie-
139 1125 26 13 och
174 1125 277 15 militieombudsmansexpeditionerna.

124 1142 75 13 Ordinarie
213 1142 87 16 tjänstemän
314 1142 69 13 tillsättas
396 1142 30 13 dels
439 1145 51 13 genom
504 1132 63 27 förord-
557 1128 10 35 |

106 1160 51 15 nande,
167 1159 30 13 dels
206 1163 52 13 genom
268 1160 67 12 fullmakt
345 1160 35 12 eller
389 1159 114 13 konstitutorial.

124 1177 28 12 För
160 1177 64 15 följande
231 1176 104 16 befattningar,
343 1176 46 13 vilkas
396 1176 87 13 innehavare
491 1177 68 12 tillsättas

105 1198 51 12 genom
161 1193 97 14 förordnande
262 1194 18 15 på
285 1194 29 12 viss
319 1193 27 16 tid,
350 1194 42 16 utgår
396 1193 53 16 arvode,
454 1194 22 12 för
481 1194 15 12 år
501 1194 58 15 räknat,

106 1211 33 13 med
146 1211 112 13 nedannämnda
265 1211 61 16 belopp:

105 1239 106 13 verkställande
228 1238 123 17 styrelseledamot
372 1239 25 12 vid
412 1239 35 13 riks-

122 1257 64 12 bankens
205 1256 136 16 avdelningskontor
354 1256 5 13 i
375 1256 71 16 Göteborg

121 1274 35 13 eller
168 1274 54 12 Malmö
242 1283 3 3 .
260 1283 3 3 .
407 1283 37 4 ses
478 1276 48 13 15,000
536 1273 32 13 kr.
557 1263 9 33 |

105 1291 107 13 verkställande
225 1284 124 23 styrelseledamot
357 1284 32 19 vid
403 1292 44 11 annat

120 1308 95 13 riksbankens
229 1308 137 16 avdelningskontor
476 1311 48 12 12,000
540 1312 5 7 >

123 1336 27 12 För
160 1335 192 17 byråchefsbefattningarna
362 1335 25 13 vid
396 1335 61 16 justitie-
467 1335 26 13 och
503 1327 65 21 militie-
560 1323 10 35 |

104 1353 226 16 ombudsmansexpeditionerna,
338 1352 46 13 vilkas
392 1352 87 13 innehavare
491 1353 68 12 tillsättas

104 1374 52 12 genom
165 1370 97 13 förordnande
269 1370 30 13 tills
306 1370 54 15 vidare,
367 1370 41 16 utgår
417 1370 52 15 arvode,
477 1370 21 12 för
505 1370 16 12 år
527 1370 31 13 räk-

104 1389 31 14 nat,
148 1387 32 13 med
192 1388 36 15 lägst
238 1390 48 12 10,500
295 1387 52 13 kronor
355 1387 27 12 och
391 1387 42 16 högst
443 1390 48 13 11,940
500 1387 58 13 kronor.

122 1404 99 17 Tjänstemän,
229 1408 31 9 som
269 1404 68 13 tillsättas
345 1408 52 12 genom
406 1404 67 12 fullmakt
482 1404 34 13 eller
524 1404 34 13 kon-

104 1422 84 14 stitutorial,
197 1422 25 12 äro
231 1421 73 13 fördelade
312 1421 19 16 på
340 1421 24 13 två
373 1421 99 16 avdelningar,
480 1421 77 16 nämligen:

104 1439 17 13 A.
131 1438 64 16 Manliga
207 1439 88 16 tjänstemän
307 1438 26 13 och
346 1438 16 13 B.
374 1438 78 16 Kvinnliga
465 1438 93 16 tjänstemän.

123 1456 45 13 Dessa
175 1456 95 15 avdelningar
277 1456 26 12 äro
309 1456 5 12 i
321 1456 23 12 sin
351 1455 62 16 ordning
420 1455 92 16 uppdelade
499 1446 12 32 i
520 1456 38 12 löne-

104 1473 56 16 grader:
170 1473 56 13 Avd.A.
237 1473 3 12 i
251 1477 16 9 20
274 1473 26 13 och
307 1472 37 13 Avd.
355 1472 16 14 B.
381 1473 4 12 i
396 1473 11 12 8.
427 1473 6 12 I
443 1472 115 13 statskalendern

519 64 103 22 Riksdagen,

724 111 85 13 stemännen
817 112 31 12 från
855 112 26 13 och
888 112 33 13 med
942 112 18 13 9:de
966 113 9 13 lö

578 110 25 12 äro
610 111 74 18 upptagna
691 110 12 17 tj

578 126 39 13 den
604 116 18 33 i
626 127 37 13 Avd.
671 127 18 13 A.

596 144 28 13 Till
635 144 17 13 de
663 144 70 14 särskilda
743 145 103 16 lönegraderna
857 146 74 14 hänföras:

597 161 27 13 Vid
637 161 87 13 riksbanken:
738 162 32 16 g:de
783 163 92 16 lönegraden:
895 164 27 13 vissa
930 164 102 14 kammarskri-

579 182 38 12 vare;
631 179 46 13 ro:de:
690 180 37 12 vissa
739 180 129 13 kammarskrivare
881 181 24 13 vid
914 181 117 14 huvudkontoret

579 197 38 12 samt
623 197 5 12 i
637 196 72 17 Göteborg
716 197 26 12 och
751 197 57 15 Malmö;
819 201 21 9 11:te:
858 198 111 16 registratorer
977 199 25 13 vid
1006 203 25 8 av-

579 213 137 20 delningskontoren
723 215 40 12 utom
769 214 73 17 Göteborg
847 207 26 21 och
879 208 58 23 Malmö;
945 217 29 12 12:te:
998 216 32 13 kas-

579 231 39 12 sörer
624 230 25 14 vid
655 235 55 9 samma
716 231 142 17 avdelningskontor;
865 232 47 21 14:de:
919 226 71 23 aktuarie,
996 234 34 12 kon-

579 248 65 16 trollant,
654 249 77 15 arkivarie,
740 249 88 15 registrator,
837 250 59 15 revisor,
902 250 55 16 kassör,
962 244 69 20 förestån-

579 265 33 13 dare
621 259 23 19 för
649 259 112 23 sedelräknings-
768 266 27 13 och
802 261 230 22 mynträkningsavdelningarna,

579 283 114 15 korrespondent
700 285 37 11 samt
744 283 82 14 bokhållare
833 284 24 13 vid
863 284 118 14 huvudkontoret
987 286 44 12 även-

579 304 31 9 som
617 301 59 15 revisor,
683 301 88 15 registrator,
779 301 119 16 korrespondent,
906 302 49 13 kassör
962 302 26 13 och
996 302 35 13 bok-

579 317 143 17 hållare
632 308 18 33 i
649 317 73 17 Göteborg
729 318 27 12 och
766 318 53 13 Malmö
824 320 37 12 samt
868 319 80 13 kamrerare
958 319 25 13 vid
993 320 38 12 vissa

579 334 142 17 avdelningskontor;
752 335 23 13 15:de:
782 336 38 12 vissa
826 336 82 13 kamrerare
914 336 25 13 vid
945 336 85 13 huvudkon-

580 353 37 12 toret
629 354 38 11 samt
681 352 24 13 vid
717 352 39 13 vissa
765 352 142 17 avdelningskontor;
916 354 45 13 16:de:
968 354 63 13 sekrete-

579 373 36 12 rare,
621 369 80 13 statistiker
707 370 26 12 och
740 370 38 12 vissa
787 370 82 13 kamrerare
879 371 25 13 vid
911 371 119 13 huvudkontoret

579 388 38 11 samt
627 387 82 13 kamrerare
718 387 5 12 i
733 386 73 17 Göteborg
811 388 27 12 och
843 388 57 16 Malmö;
907 388 47 13 20:de:
959 388 70 13 bankose-

579 404 73 13 kreterare
661 404 26 13 och
696 404 95 13 ombudsman
800 406 38 12 samt
847 405 147 14 bankokommissarie
1003 405 25 13 vid

578 421 123 13 huvudkontoret.

597 439 28 12 Vid
637 438 130 17 riksgäldskontoret:
780 439 33 16 g:de
825 439 34 13 eller
873 439 40 13 10:de
921 439 109 16 lönegraderna:

579 456 134 15 kammarskrivare;
725 456 45 15 14:de:
780 458 42 11 notarie,
850 456 54 14 kassör,
913 456 81 13 statistiker
1003 457 26 12 och

579 472 84 13 bokhållare
672 474 37 11 samt
718 473 59 15 revisor;
788 473 40 12 16:de:
843 473 88 12 sekreterare
939 473 27 12 och
975 473 55 12 kamre-

578 494 36 11 rare;
622 489 45 16 17:de:
673 490 45 12 förste
723 490 59 15 revisor;
789 493 46 10 20:de:
840 489 158 17 riksgäldssekreterare
1003 490 26 13 och

578 507 94 13 ombudsman
681 508 38 12 samt
727 507 173 16 riksgäldskommissarie.

597 524 27 13 Vid
632 524 142 15 riksdagsbiblioteket:
784 524 40 16 13:de
831 524 93 16 lönegraden:
943 524 29 13 2:dre
979 524 50 13 biblio-

578 541 59 16 tekarie;
647 544 45 13 15:de:
709 545 12 9 1:e
726 541 104 16 bibliotekarie;
839 545 16 9 20:de:
892 541 135 13 överbibliotekarie

596 559 27 12 Vid
630 558 246 17 justitieombudsmansexpeditionen:
889 558 40 17 15:de
936 558 93 17 lönegraden:

577 576 93 13 sekreterare.

596 594 27 12 Vid
632 593 244 17 militieombudsmansexpeditionen:
891 593 45 17 15:de:
946 593 83 17 byråinten-

992 117 38 12 legra-

568 613 1 3 |
577 611 39 13 dent.

595 628 23 13 Av
623 628 18 13 de
647 628 26 13 här
679 629 74 15 upptagna
759 628 105 16 lönegraderna
870 628 62 13 omfatta
938 627 40 17 grad.
985 632 43 12 o—11

576 646 29 12 fem
611 645 26 13 och
644 645 40 16 grad.
692 649 52 9 12—20
750 646 31 15 fyra
788 646 92 12 löneklasser.
897 645 104 16 Uppflyttning
1007 645 23 12 till

576 663 44 15 högre
629 663 71 13 löneklass
709 663 39 12 inom
757 662 108 14 vederbörande
873 663 58 16 lönegrad
951 663 32 12 sker
991 662 5 13 i
1005 662 25 13 all-

576 680 59 13 mänhet
649 680 37 13 efter
700 680 24 13 det
738 680 152 15 befattningshavaren
905 680 56 12 tillhört
974 683 54 9 samma

576 698 72 12 löneklass
654 701 7 12 3
667 698 21 12 år.
703 697 33 13 Med
742 698 56 15 hänsyn
805 698 23 12 till
834 697 157 13 levnadskostnaderna
997 697 8 12 å
1012 696 17 12 de

576 716 44 13 orter,
629 715 26 12 där
664 714 117 16 tjänstemännen
790 715 25 12 äro
824 714 79 16 placerade,
912 714 70 16 uppdelas
990 714 39 13 löne-

576 732 74 13 klasserna
659 732 4 13 i
674 734 8 13 7
691 733 92 15 ortsgrupper
794 731 61 16 (A—G).

594 749 27 13 Till
635 749 117 17 tjänstemännen
765 749 42 16 utgår
820 749 24 13 lön
857 749 45 16 enligt
916 749 29 12 viss
958 748 72 16 löneplan,

577 770 44 10 varav
630 767 25 13 här
664 768 21 11 ett
694 766 101 17 sammandrag
803 766 77 13 meddelas.

610 806 50 17 Avd.
673 806 23 16 A.
722 806 39 16 För
772 806 84 21 manliga
869 805 119 22 tjänstemän.

730 839 80 17 Ortsgrupp
819 839 13 13 A
899 839 81 16 Ortsgrupp
990 839 12 12 G

779 857 68 10 SS,
857 841 93 34 AA
951 841 69 34 Sosrierr

714 859 64 7 ——

718 868 38 16 lägst
770 859 15 29 —
798 869 42 15 högst
887 869 37 15 lagst
937 858 16 30 —
966 868 42 16 högst

604 900 18 12 9.
718 896 40 16 3,660
768 886 20 30 —
796 896 41 16 4,860
883 896 41 16 4,596
967 895 40 16 6,048

596 917 60 8 TöNrane
666 904 24 29 kerdd
718 913 40 16 3,960
768 904 19 29 —
797 914 40 15 5.160
883 916 41 13 4.932
967 913 40 15 6,420

596 934 15 8 AT
620 940 70 4 sräv
647 927 10 24 de
665 940 25 4 ale
718 931 40 15 4,260
797 933 40 13 5,520
886 934 39 12 5,304
969 929 39 16 6,816

596 951 27 10 12.
718 947 40 16 4860
770 936 20 31 =
797 947 41 16 5,880
885 947 40 16 5.048
937 936 20 31 —
968 949 40 13 7212

596 968 27 12 182
653 974 3 4 a
719 964 39 16 5160
765 955 23 29 =
797 965 40 15 5,300
884 965 41 15 6,420
968 964 40 16 7,668

652 992 3 4 na
717 985 41 13 5,520
771 974 15 29 —
796 982 41 15 6,720
885 982 40 14 6,816
968 981 40 15 8.124

595 1002 16 12 TS
619 995 38 24 skar
669 995 20 24 krk
718 995 40 24 6,300
796 999 40 15 7,620
885 998 40 16 7,668
968 999 40 15 9,060

595 1017 16 12 IS
618 1026 71 3 See
718 1019 39 13 7140
772 1007 15 29 —
796 1016 41 15 8,580
884 1016 40 15 8,580
934 1006 15 29 —
960 1019 48 11 10,020

595 1036 43 12 17...
718 1034 40 15 7,620
796 1033 40 16 9,060
883 1033 41 16 9,060
959 1036 49 12 10,500

595 1051 94 13 Tända
677 1041 16 30 a
718 1051 40 15 Byroo
764 1041 19 29 =
796 1053 41 13 9,540
883 1053 41 13 9,540
933 1041 15 29 —
959 1050 48 16 10,980

595 1072 27 12 ID
635 1077 38 3 ned
717 1068 40 15 8,580
771 1058 11 29 =
788 1071 49 12 10,020
847 1058 19 29 =
876 1071 48 12 10,020
939 1058 12 29 —
959 1068 49 15 IT,460

595 1088 27 10 20.
670 1094 3 4 :
717 1085 40 16 9,060
765 1075 16 30 —
789 1088 48 12 10,500
848 1075 15 30 —
876 1088 48 12 1I0,500
934 1075 16 30 —
960 1088 48 12 IT,940

593 1129 174 16 Felräkningspenningar
775 1130 23 12 må
806 1129 40 16 utgå:

591 1146 124 13 iriksbanken
724 1147 32 12 med
763 1150 39 12 1,500
812 1147 22 12 kr.
841 1146 23 13 till
869 1146 65 14 kassörer
939 1146 25 13 vid
969 1146 57 13 huvud-

575 1164 68 13 kontoret
652 1165 38 11 samt
698 1164 4 13 i
709 1164 72 16 Göteborg
791 1164 27 13 och
828 1164 53 13 Malmö
887 1164 69 13 ävensom
961 1164 22 13 till
989 1164 37 13 före-

575 1181 79 13 ståndarna
669 1181 22 12 för
704 1181 114 16 sedelräknings-
830 1181 27 13 och
865 1181 161 16 mynträkningsavdel-

575 1199 75 15 ningarna,
659 1197 32 14 med
700 1201 26 13 750
735 1198 21 13 kr.
766 1198 22 13 till
798 1198 66 13 kassörer
874 1198 25 13 vid
904 1198 120 16 avdelningskon-

576 1217 23 12 tor
610 1217 40 11 utom
661 1215 72 16 Göteborg
742 1215 26 13 och
783 1215 52 13 Malmö
845 1217 37 11 samt
892 1215 33 13 med
934 1216 27 12 600
971 1215 21 13 kr.
1003 1215 22 13 till

576 1232 108 14 föreståndaren
691 1232 22 13 för
718 1232 137 17 bronsmyntkassan
860 1233 69 13 ävensom
934 1233 24 13 två
964 1232 39 17 tjänst

567 1251 1 3 |
571 1250 38 13 män
619 1250 5 12 i
634 1249 78 17 Göteborg,
722 1253 31 9 som
762 1250 60 13 förestår
829 1250 123 16 mynträkningen
959 1254 37 12 resp.
1003 1249 21 13 bi-

576 1267 48 13 träder
631 1271 17 9 en
656 1271 19 9 av
682 1267 88 15 kassörerna;

593 1285 5 12 i
606 1284 187 17 riksgäldskontoret:
803 1283 33 14 med
843 1284 41 16 högst
893 1288 39 12 1,200
938 1284 22 13 kr.
966 1284 22 13 till
994 1284 31 13 kas-

575 1302 46 13 sören.

595 1318 91 17 Uppdelning
698 1319 8 13 å
719 1319 23 12 lön
755 1319 27 12 och
795 1318 182 17 tjänstgöringspenningar
989 1319 37 13 före-

576 1336 64 13 kommer
649 1336 31 13 icke
690 1336 44 16 enligt
744 1336 40 13 detta
795 1336 165 16 avlöningsreglemente.

595 1353 60 13 Förmån
666 1357 18 9 av
694 1353 18 12 fri
721 1353 51 13 bostad
782 1353 94 13 förekommer
885 1353 5 13 i
900 1353 78 13 allmänhet
987 1353 31 13 icke

576 1371 35 12 utan
620 1370 35 13 skall
664 1370 80 16 ersättning
752 1370 63 16 erläggas
823 1370 22 13 för
853 1370 110 16 tjänstebostad.

594 1387 27 13 Vid
634 1387 44 13 skada
692 1387 22 13 till
725 1387 36 16 följd
770 1391 18 9 av
796 1387 74 16 olycksfall
878 1387 5 13 i
892 1387 63 16 tjänsten
964 1387 61 13 erhåller

576 1404 87 16 tjänsteman
673 1405 18 12 fri
699 1404 75 13 läkarvård
782 1404 44 16 jämte
834 1404 82 13 läkeniedel.

593 1421 78 16 Angående
682 1421 113 17 kallortstillägg,
806 1421 54 16 avdrag
870 1421 8 13 å
889 1421 24 13 lön
925 1421 25 13 vid
961 1421 62 16 ledighet

576 1440 37 11 samt
624 1438 134 17 begravningshjälp
768 1442 19 9 m.
798 1442 20 10 m.
829 1439 36 15 gälla
875 1438 76 14 enahanda
961 1439 61 13 bestäm-

575 1456 51 13 melser
636 1459 30 10 som
676 1456 22 12 för
708 1456 142 16 befattningshavare
856 1456 24 13 vid
887 1456 135 16 statsdepartement

575 1476 19 9 m.
604 1473 15 13 fl.
628 1473 39 13 verk.

551 1517 28 13 141
