1056 1580
477 65 104 21 Riksdagen

46 208 51 22 [148]

954 63 51 23 [148]

47 246 30 25 V.
101 245 255 31 RIKSDAGEN,
379 246 97 25 DESS
499 241 267 30 OMBUDSMÄN
788 246 83 25 OCH
893 246 110 25 VERK

217 324 110 23 Riksdagen

67 369 85 16 Riksdagen
159 369 41 16 skall,
208 369 5 14 i
220 369 39 13 kraft
267 373 18 10 av
293 369 43 14 rikets
344 369 116 16 regeringsform,
468 373 38 10 sam-

46 387 78 13 manträda
133 387 38 16 varje
180 387 16 13 år
205 387 28 13 den
244 387 17 13 10
269 387 57 16 januari
335 387 38 16 eller,
383 391 25 9 om
417 387 62 16 helgdag
487 387 19 14 då

46 405 70 16 inträffar,
126 405 47 16 dagen
182 405 66 13 därefter.
258 405 84 16 Riksdagen
351 405 36 13 skall
396 409 35 9 vara
440 405 66 13 avslutad

45 423 29 13 den
84 423 16 13 31
113 423 80 13 december.
207 423 34 13 1949
252 423 92 13 avskaffades
354 423 83 16 begreppen
447 423 60 16 lagtima

46 441 28 13 och
86 441 54 13 urtima
152 441 59 16 riksdag
223 441 29 13 och
264 443 60 11 ersattes
337 445 18 9 av
367 441 86 16 vårsession,
466 441 40 13 höst-

45 459 55 13 session
108 459 28 13 och
143 461 41 11 extra
191 459 59 13 session.
258 459 106 13 Vårsessionen
371 459 36 13 skall
415 459 4 13 i
426 459 38 16 regel
472 463 34 9 vara

45 476 66 14 avslutad
119 477 28 13 den
156 477 15 13 31
181 477 34 16 maj.

66 495 50 13 Första
126 495 90 13 kammarens
226 494 78 14 ledamöter
314 495 26 13 äro
352 494 26 14 150
388 494 35 14 eller
429 494 25 14 det
460 495 46 15 högre

44 512 26 16 tal,
82 517 33 9 som
128 513 85 13 föranledes
225 516 18 10 av
255 513 89 15 stadgandet
355 512 5 14 i
372 512 21 16 6$
407 513 5 12 1
423 513 30 13 o.4
460 508 45 28 mom.

45 530 155 16 riksdagsordningen,
210 530 29 13 och
249 530 45 16 väljas
304 530 24 13 för
337 530 31 14 åtta
374 530 20 16 år,
401 530 66 13 räknade
473 530 33 14 från

44 548 28 13 och
87 548 33 13 med
134 548 57 16 januari
206 548 61 14 månads
280 548 53 16 början
346 548 30 13 året
387 549 32 12 näst
430 548 36 13 efter
476 549 29 15 det,

45 566 46 13 under
106 566 44 13 vilket
163 566 38 13 valet
211 566 42 16 skett,
265 570 18 9 av
293 566 92 16 landstingen
394 566 29 13 och
432 566 74 13 stadsfull-

45 584 64 16 mäktige
121 584 4 13 i
139 584 18 13 de
169 584 53 16 städer,
235 588 33 9 som
280 584 13 16 ej
306 584 57 16 deltaga
375 584 88 16 ilandsting.
477 584 29 13 För

44 602 23 13 val
81 602 20 13 till
116 602 51 13 Första
176 602 86 13 kammaren
271 602 16 13 är
296 602 37 13 riket
341 602 54 13 indelat
404 602 4 13 i
419 602 16 13 19
444 602 61 13 valkret-

44 623 28 10 sar.
85 620 95 13 Stockholms
193 620 32 13 stad
238 619 29 14 och
280 619 84 16 Göteborgs
378 620 33 13 stad
419 621 53 14 utgöra
480 624 25 9 var

43 637 24 13 för
75 638 21 15 sig
104 641 19 9 en
131 638 67 13 valkrets.
207 638 55 13 Annan
270 637 37 16 stad,
316 641 33 10 som
357 637 13 16 ej
377 637 64 16 deltager
447 638 4 13 i
457 638 48 13 lands-

43 655 36 16 ting,
97 655 49 13 tillhör
161 659 57 10 samma
234 655 62 14 valkrets
309 659 32 10 som
355 656 23 13 det
392 655 113 16 landstingsom-

44 673 39 16 råde,
96 673 30 13 vari
136 673 51 13 staden
196 673 40 13 förut
246 673 50 16 ingått.
306 673 95 16 Indelningen
410 673 4 13 i
426 673 79 14 valkretsar

44 691 79 13 innehålles
139 691 5 13 i
160 691 69 16 vallagen.
244 691 29 13 För
285 691 40 16 varje
338 691 62 13 valkrets
413 691 44 16 väljes
469 691 36 14 efter

44 709 105 16 folkmängden
165 709 41 13 inom
221 709 33 13 dess
267 709 60 13 område
339 713 18 9 en
370 709 101 16 riksdagsman
481 709 24 13 för

43 729 32 11 vart
90 727 32 13 fullt
137 727 25 16 tal,
177 727 103 13 motsvarande
291 727 30 16 !/,,
331 730 18 10 av
359 727 44 13 rikets
412 727 91 16 folkmängd.

43 744 104 14 Valkretsarna
161 745 55 13 indelas
230 745 5 13 i
250 744 30 14 åtta
294 748 68 13 grupper,
372 745 48 13 vilken
430 745 75 16 indelning

43 762 77 14 fastställes
134 763 4 13 i
152 763 70 15 vallagen.
237 762 43 16 Varje
294 762 16 14 år
322 763 47 13 under
378 763 63 13 oktober
450 763 54 13 månad

43 780 36 13 skall
94 780 41 13 inom
148 784 18 9 en
180 784 18 10 av
212 781 65 13 nämnda
290 784 63 12 grupper
367 780 68 14 förrättas
449 781 23 13 val
481 781 23 13 för

43 798 98 16 nästföljande
156 798 110 16 åttaårsperiod.
281 798 30 13 Det
323 798 39 13 antal
374 798 101 16 riksdagsmän
486 799 18 13 de

43 816 71 13 särskilda
122 816 99 13 valkretsarna
228 816 42 13 skola
276 818 32 11 utse
314 816 88 13 bestämmes
408 816 44 16 enligt
459 820 45 10 ovan-

42 834 65 13 nämnda
121 838 43 9 norm
177 838 18 9 av
209 834 84 15 Konungen
306 836 32 11 vart
352 834 30 13 10:e
394 834 17 13 år
422 834 26 15 (K.
459 834 44 16 kung.

42 852 52 13 härom
107 851 25 17 ?/;
145 852 46 15 1952),
203 852 39 13 dock
253 852 35 13 med
298 851 89 17 vidtagande
396 856 19 9 av
421 852 29 13 den
456 852 48 16 jämk-

42 869 40 16 ning,
94 873 33 10 som
138 869 84 14 föranledes
232 873 18 10 av
262 870 26 13 här
298 873 38 10 ovan
343 870 65 13 nämnda
415 869 9 14 6
428 870 4 15 $
442 870 9 13 4
457 870 46 13 mom.

42 891 18 10 av
70 887 150 16 riksdagsordningen
233 887 26 16 (K.
270 887 46 16 kung.
327 888 29 13 den
367 887 19 14 24
396 887 30 17 maj
439 888 36 13 1957
485 895 19 3 —

41 905 33 14 SFS
86 909 17 9 nr
117 905 27 13 162
156 913 19 2 —
186 905 28 13 enl.
226 905 49 13 vilken
287 905 110 16 sammanlagda
409 905 55 14 antalet
470 906 11 13 f.
488 910 14 9 n.

42 924 43 14 utgör
95 923 38 16 151).
140 923 64 13 Valbara
211 924 26 12 äro
245 923 4 13 i
257 923 115 13 kommunernas
379 923 75 13 allmänna
460 927 43 12 ange-

42 940 83 16 lägenheter
136 941 121 16 röstberättigade
268 942 35 12 män
314 941 29 13 och
352 941 68 16 kvinnor,
426 945 33 10 som
466 945 36 13 upp-

41 958 32 14 nått
80 959 17 13 23
105 958 24 14 års
136 958 44 14 ålder.

62 976 49 13 Andra
123 976 91 14 kammarens
225 976 78 13 ledamöter
314 976 43 13 skola
368 976 21 14 till
402 977 54 13 antalet
468 981 35 9 vara

41 994 28 12 230
78 994 34 13 eller
122 994 24 13 det
156 994 45 15 högre
210 994 20 13 tal
240 997 32 10 som
282 994 83 13 föranledes
374 997 18 10 av
402 994 87 15 stadgandet
498 994 5 13 i

43 1011 16 13 15
66 1011 23 16 $3
97 1015 14 9 0.
119 1011 9 13 4
136 1015 46 10 mom.
190 1011 153 16 riksdagsordningen,
351 1011 43 14 valda
400 1011 24 14 för
431 1015 18 10 en
456 1012 22 13 tid
485 1016 18 9 av

41 1029 31 16 fyra
79 1029 20 16 år,
105 1029 65 13 räknade
175 1029 33 14 från
213 1029 29 13 och
247 1029 33 13 med
285 1029 57 16 januari
348 1029 62 14 månads
415 1029 52 16 början
472 1029 31 14 året

42 1048 32 12 näst
85 1047 36 13 efter
132 1047 29 16 det,
173 1047 45 13 under
229 1047 44 13 vilket
284 1047 38 13 valet
333 1047 41 13 skett.
387 1047 29 13 För
427 1047 42 14 dessa
480 1048 23 13 val

41 1065 16 12 är
65 1065 37 13 riket
110 1065 55 13 indelat
172 1065 5 12 i
185 1065 18 13 28
211 1065 84 13 valkretsar.
305 1065 28 13 För
341 1065 39 15 varje
388 1065 63 13 valkrets
459 1065 43 16 väljes

41 1082 35 13 efter
82 1082 106 16 folkmängden
194 1082 41 14 inom
242 1082 32 13 dess
281 1082 60 14 område
347 1086 19 9 en
372 1082 101 16 riksdagsman
480 1083 23 13 för

40 1102 32 11 vart
84 1100 32 13 fullt
128 1100 25 16 tal,
165 1100 104 13 motsvarande
282 1100 31 16 !/230
325 1104 18 9 av
355 1100 44 13 rikets
411 1100 91 16 folkmängd.

42 1118 51 13 Rikets
109 1118 75 16 indelning
200 1118 4 13 i
220 1118 80 13 valkretsar
315 1118 79 18 innehålles
410 1118 5 13 i
431 1118 71 16 vallagen.

41 1135 43 16 Varje
94 1136 24 13 län
129 1137 43 14 utgör
182 1139 17 10 en
210 1136 68 15 valkrets,
288 1138 42 11 utom
340 1133 80 18 Älvsborgs
430 1136 29 15 län,
470 1140 32 9 som

40 1154 17 12 är
63 1153 39 13 delat
108 1153 5 13 i
119 1153 9 13 2
135 1153 60 16 kretsar,
202 1153 70 16 varjämte
279 1153 65 16 följande
350 1154 48 13 städer
405 1154 40 13 bilda
450 1158 25 9 var
480 1154 22 13 sin

40 1171 69 13 valkrets:
119 1171 13 15 1)
140 1171 92 16 Stockholm,
240 1171 15 16 2)
263 1171 63 16 Malmö,
335 1171 103 16 Hälsingborg,
447 1172 55 13 Lands-

41 1189 48 13 krona
98 1189 29 13 och
136 1189 48 16 Lund,
194 1189 14 15 3)
218 1189 81 16 Göteborg.
309 1189 30 13 Det
347 1189 40 14 antal
396 1189 106 16 riksdagsmän,

41 1206 39 16 varje
86 1207 63 13 valkrets
156 1207 34 15 äger
196 1208 36 15 utse,
239 1206 78 14 fastställes
322 1207 24 13 för
351 1207 39 15 varje
394 1207 107 16 fyraårsperiod

39 1228 19 10 av
70 1225 85 15 Konungen
167 1225 26 15 (K.
206 1224 44 16 kung.
264 1224 57 16 härom,
336 1228 16 10 se
361 1224 33 14 SFS
403 1229 17 9 nr
432 1224 70 16 128/1960

39 1250 13 2 —
52 1242 43 13 enl.
106 1242 48 13 vilken
161 1242 112 16 sammanlagda
279 1242 55 14 antalet
341 1244 43 14 utgör
390 1243 28 13 232
424 1243 24 13 för
455 1243 47 16 perio-

40 1260 28 13 den
82 1260 93 15 1961-1964).
188 1260 57 13 Valrätt
253 1260 89 13 tillkommer
351 1264 45 10 envar
405 1260 53 14 svensk
467 1265 34 9 man

40 1278 28 13 och
76 1278 59 16 kvinna,
141 1282 33 9 som
181 1280 48 11 senast
236 1278 46 13 under
288 1278 122 16 nästföregående
416 1278 86 14 kalenderår

40 1296 31 15 fyllt
82 1296 16 13 21
109 1295 21 16 år,
140 1296 39 13 dock
187 1296 12 15 ej
206 1296 33 15 den,
246 1299 33 10 som
285 1295 30 14 står
322 1296 46 13 under
375 1296 126 16 förmynderskap.

40 1313 63 13 Valbara
113 1314 27 12 äro
149 1314 35 13 män
191 1313 28 13 och
226 1313 67 16 kvinnor,
300 1317 32 10 som
339 1314 63 15 uppnått
408 1314 17 13 23
432 1314 24 13 års
462 1314 40 13 ålder

40 1333 37 11 samt
88 1332 27 15 äga
126 1331 52 13 valrätt
188 1331 41 13 inom
240 1331 82 13 valkretsen
328 1332 39 15 eller,
374 1332 26 12 där
406 1331 42 16 fråga
454 1332 16 13 är
476 1336 25 9 om

40 1349 37 15 stad,
82 1353 33 9 som
121 1349 48 13 består
175 1353 19 9 av
200 1349 34 13 flera
241 1349 84 16 valkretsar,
331 1349 41 13 inom
377 1349 49 16 någon
432 1353 18 10 av
455 1350 46 13 dessa,

61 1367 58 13 Genom
128 1370 18 10 en
154 1367 16 13 år
180 1367 33 13 1941
223 1367 76 15 företagen
307 1367 62 16 ändring
376 1367 5 13 i
389 1367 6 16 $
404 1367 18 13 30
430 1367 71 16 riksdags-

40 1384 82 16 ordningen
131 1384 26 14 har
166 1384 75 17 möjlighet
250 1385 53 13 beretts
312 1387 21 11 att
341 1385 25 13 vid
375 1385 31 16 krig
414 1385 34 13 eller
457 1385 45 16 krigs-

40 1402 31 14 fara
82 1402 80 16 uppskjuta
172 1403 24 13 val
206 1403 21 13 till
238 1403 82 16 riksdagen,
330 1403 40 13 såväl
381 1403 21 13 till
412 1403 47 13 första
469 1407 32 10 som

40 1420 45 13 andra
92 1420 91 14 kammaren.

61 1438 96 13 Gemensamt
170 1438 24 13 för
207 1438 39 13 båda
260 1438 86 14 kamrarnas
359 1438 81 14 ledamöter
453 1439 48 16 gäller,

39 1457 21 12 att
66 1456 204 16 riksdagsmannabefattning
275 1456 29 13 kan
311 1457 52 13 utövas
369 1456 51 14 endast
426 1460 18 10 av
450 1457 52 13 svensk

40 1474 99 16 medborgare.

563 322 28 13 Till
604 322 40 14 båda
657 322 78 13 kamrarna
749 322 25 13 ske
788 322 42 13 valen
843 322 34 13 med
890 322 112 16 proportionellt

542 340 56 13 valsätt.

563 358 79 13 Allmänna
655 358 23 13 val
691 358 21 13 till
725 358 51 13 Andra
790 358 85 13 kammaren
888 358 38 16 ägde
940 362 33 9 rum
986 357 17 14 år

544 376 35 13 1960
586 376 28 13 och
621 375 44 17 avsåg
671 376 70 16 perioden
750 376 95 13 1961—1964.

563 394 93 13 Beträffande
669 394 97 15 ersättningen
780 394 23 13 för
817 393 185 16 riksdagsmannauppdra-

542 413 30 14 gets
582 412 92 15 fullgörande
683 412 38 13 hava
731 411 108 14 bestämmelser
848 412 42 15 givits
900 411 5 14 i
914 415 19 9 en
943 415 18 10 av
971 411 31 14 Ko-

542 433 58 12 nungen
609 430 29 13 och
647 430 76 15 riksdagen
733 429 16 14 år
759 430 33 13 1941
803 429 64 14 samfällt
875 429 66 14 beslutad
951 429 51 16 stadga

542 447 28 14 den
580 447 16 14 21
610 448 36 13 febr.
661 448 32 13 1941
707 447 39 15 (SFS
755 451 18 10 nr
782 447 24 16 98)
813 448 33 12 med
858 447 41 13 ändr.
912 449 48 11 senast
973 447 29 13 den

543 465 17 14 16
565 465 31 14 dec.
605 465 37 14 1960
648 465 39 16 (SFS
694 469 17 9 nr
718 465 38 15 701).
764 465 108 16 Riksdagsman
878 465 63 16 åtnjuter
948 465 54 13 arvode

542 483 32 14 från
590 483 28 14 och
634 484 33 13 med
683 484 28 13 den
726 484 33 15 dag,
775 483 19 14 då
809 483 30 13 han
852 485 41 14 tager
904 483 37 16 plats
951 483 5 13 i
966 483 36 13 riks-

542 501 46 16 dagen
603 501 21 14 till
638 501 29 14 och
681 501 33 13 med
728 502 29 12 den
768 501 33 16 dag,
813 501 19 13 då
843 501 159 16 riksdagsmannaupp-

541 519 51 16 draget
603 519 62 16 upphör.
679 519 59 13 Arvode
749 519 42 16 utgår
802 519 34 13 med
846 519 52 15 24,000
909 519 22 13 kr.
946 519 24 13 för
981 518 20 14 år.

541 537 104 13 Traktamente
657 536 42 17 utgår
711 537 46 13 under
766 537 27 16 tid,
803 537 19 13 då
832 537 77 15 riksdagen
918 536 46 14 håller
973 540 29 10 ses-

541 555 38 16 sion,
591 555 34 13 med
638 555 54 16 belopp
702 555 103 13 motsvarande
815 555 27 13 540
851 555 22 13 kr.
883 555 24 13 för
916 554 55 14 månad
980 555 22 13 till

541 573 106 16 riksdagsman,
657 577 32 9 som
697 573 16 13 är
720 573 49 13 bosatt
776 572 19 16 på
802 573 49 15 längre
857 572 62 14 avstånd
926 573 19 13 än
952 572 50 16 sjuttio

541 590 76 14 kilometer
630 590 84 17 fågelvägen
723 590 33 14 från
766 591 84 15 riksdagens
859 590 33 14 hus.
902 590 54 14 Annan
966 590 36 14 riks-

541 609 71 15 dagsman
623 609 19 13 än
654 613 21 9 nu
688 610 45 14 sagts,
747 609 49 13 vilken
805 609 16 13 är
831 608 49 14 bosatt
889 608 20 16 på
918 608 50 16 längre
977 612 25 9 av-

541 626 43 14 stånd
598 627 19 13 än
631 626 57 14 femton
701 626 78 14 kilometer
792 626 85 16 fågelvägen
886 626 34 14 från
929 626 73 16 riksdags-

541 644 47 16 huset,
598 644 25 13 må
632 648 18 9 av
660 644 136 16 kanslideputerade
804 644 94 13 tillerkännas
904 644 98 13 traktamente

541 662 33 13 med
583 662 44 16 högst
636 662 65 13 nämnda
710 662 60 16 belopp.
783 662 108 16 Riksdagsman
903 663 34 15 äger
947 662 18 16 på
977 662 24 13 det

541 680 81 13 allmännas
633 680 82 13 bekostnad
727 680 66 16 företaga
804 684 40 9 resor
854 680 8 13 å
872 680 57 16 statliga
939 680 28 13 och
976 684 25 9 en-

540 698 48 13 skilda
601 698 79 16 järnvägar.
693 698 113 16 Riksdagsman,
816 702 32 9 som
858 698 16 13 är
881 698 64 13 bosatt
933 688 16 30 å
952 702 48 9 annan

541 718 23 11 ort
573 717 19 12 än
602 716 26 13 där
636 716 76 15 riksdagen
719 716 50 16 hålles,
776 716 33 15 äger
815 716 53 16 jämväl
875 716 25 13 vid
906 716 95 16 begagnande

541 737 18 10 av
573 736 45 11 annat
631 734 80 13 färdmedel
725 734 19 13 än
758 734 5 13 i
777 734 46 13 första
834 734 55 15 stycket
898 736 39 13 sagts
947 733 19 16 på
977 734 24 13 det

541 751 81 14 allmännas
632 751 81 14 bekostnad
723 755 32 10 resa
764 752 20 13 till
795 752 28 13 och
832 751 33 14 från
875 751 77 16 riksdagen
963 753 38 12 samt

541 770 45 13 under
597 770 84 13 sessionstid
690 770 54 13 mellan
753 770 108 15 riksdagsorten
868 769 29 14 och
904 770 80 13 hemorten.

561 787 112 16 Riksdagsman,
681 791 32 10 som
721 787 55 14 tillhört
784 787 76 16 riksdagen
869 787 44 14 minst
920 787 9 13 8
937 787 20 16 år,
966 788 33 15 äger

540 806 27 12 rätt
579 805 20 13 till
609 805 66 16 pension,
687 809 15 10 se
712 805 32 13 SFS
753 805 57 16 464/47,
821 805 56 16 507/51,
886 805 57 16 788/51,
951 804 49 17 96/54,

542 822 50 16 170/57
599 827 14 10 o.
620 822 58 16 701/60.

561 841 90 13 Kamrarnas
663 841 54 13 talmän
730 840 55 14 erhålla
797 841 46 13 under
855 841 26 15 tid,
894 840 20 14 då
923 840 77 16 riksdagen

540 858 46 14 håller
595 859 60 16 session,
668 859 112 15 tilläggsarvode
789 859 34 13 med
833 858 54 16 belopp
897 859 103 13 motsvarande

541 876 41 17 1,000
591 877 22 13 kr.
624 877 24 13 för
657 876 59 14 månad.

646 911 89 19 FÖRSTA
748 913 142 16 KAMMAREN

695 943 105 16 Stockholms
807 943 38 16 stad

633 967 126 19 (Mandattiden
770 967 48 19 utgår
828 967 18 15 år
858 967 48 18 1961)

540 997 65 18 Strand,
614 996 41 16 Axel
663 996 83 18 Wilhelm,
755 996 185 19 Riksgäldsfullmäktig
950 996 49 19 [211],

561 1020 56 16 Förste
631 1021 33 14 vice
677 1020 66 18 talman,
756 1020 27 18 93;
797 1020 20 15 54
830 1019 42 19 (adr.
887 1020 111 18 Stockholm).

539 1044 83 18 Branting,
638 1044 62 18 Georg,
715 1044 45 18 J.K.,
775 1043 86 19 Advokat,
877 1044 26 18 87;
920 1044 20 15 54
955 1043 43 18 (adr.

561 1067 111 19 Stockholm).

539 1091 75 18 Ewerlöf,
626 1091 48 15 Knut
685 1090 77 16 Gerhard
774 1090 68 19 (förutv.
855 1090 88 19 Statsråd),
955 1091 14 15 I.
982 1095 16 11 o.

561 1114 59 19 Fil.K.,
630 1114 24 16 fd.
665 1114 84 19 Direktör,
762 1114 101 19 KmstkNO,
877 1114 55 19 KVO,
942 1115 27 17 90;
979 1114 20 16 54

560 1138 42 19 (adr.
612 1138 111 18 Stockholm).

538 1158 59 22 Åman,
615 1162 55 16 Oskar
687 1162 62 18 Valter,
765 1161 131 19 Landshövding
910 1161 48 19 [491],
971 1162 27 18 05;

563 1186 20 15 54
592 1185 42 19 (adr.
644 1183 78 21 Örebro).

538 1209 98 19 Lindström,
653 1209 40 16 Ulla
709 1209 74 19 Gunilla,
801 1209 11 16 f.
830 1209 74 18 Wohlin,
921 1209 76 16 Statsråd

561 1233 38 19 [48],
607 1233 28 18 09;
644 1233 20 15 54
673 1232 42 20 (adr.
724 1233 111 18 Stockholm).

538 1257 78 18 Mogård,
630 1256 55 16 Johan
697 1256 52 16 Adolf
761 1256 55 19 Bertil,
827 1256 106 19 T.o.Fil.K.,
943 1257 54 18 Prost,

559 1281 27 17 92;
596 1280 20 16 54
624 1280 42 19 (adr.
674 1280 102 19 Vällingby).

537 1304 99 19 Andersson,
641 1304 49 16 Ebon
697 1304 55 15 Maria
758 1304 76 18 Isabella,
839 1308 34 12 e.o.
878 1303 120 17 Bibliotekarie

562 1328 48 18 [729],
622 1328 27 18 96;
661 1328 20 15 54
692 1328 42 18 (adr.
747 1327 111 19 Stockholm).

538 1352 102 18 Lundström,
655 1351 38 16 Nils
707 1351 61 19 Birger,
782 1351 92 19 Redaktör,
887 1351 28 19 04;
926 1352 20 15 54
955 1351 42 19 (adr.

560 1375 92 19 Bromma).

538 1399 89 19 Anderson,
642 1399 39 16 Carl
696 1399 64 18 Albert,
776 1398 79 16 Direktör
871 1399 48 18 [501],
934 1399 28 18 99;
977 1399 21 15 54

559 1423 45 18 (adr.
613 1423 91 18 Bromma).

539 1446 55 19 Ollén,
616 1446 56 16 David
694 1446 105 18 Laurentius,
822 1446 59 19 FilK.,

562 1470 52 18 RVO,
623 1471 27 18 91;
659 1470 20 15 54
687 1470 42 19 (adr.
738 1470 111 18 Stockholm).

904 1446 93 19 Redaktör,

502 1515 34 18 271
