1050 1560
438 42 115 22 Riksdagen.

33 214 62 24 [142]

828 42 131 24 [142—143]

51 252 50 35 V.
151 250 291 48 Riksdagen,
474 251 110 37 dess
616 251 329 38 Ombudsmän

367 305 90 36 och
488 305 139 36 Verk.

187 382 145 27 Riksdagen.

52 424 67 17 Lagtima
132 424 59 16 riksdag
203 424 53 16 skall,
247 414 9 31 i
269 424 40 13 kraft
322 428 19 9 av
353 424 45 13 rikets
411 424 77 16 regerings-

33 442 43 16 form,
88 442 108 13 sammanträda
208 442 41 16 varje
260 442 16 13 år
288 442 27 13 den
329 446 17 9 10
357 442 57 16 januari
413 432 45 30 eller,
465 432 24 30 om

34 460 61 16 helgdag
102 460 18 13 då
129 460 72 16 inträffar,
208 460 46 16 dagen
262 460 68 13 därefter.

52 479 50 12 Första
114 478 86 13 kammarens
211 478 73 13 ledamöter
295 479 26 12 äro
333 481 26 13 150
370 478 27 13 och
409 478 47 17 väljas
467 478 22 13 för

34 496 32 13 åtta
76 496 21 16 år,
106 496 64 13 räknade
180 496 32 13 från
221 496 27 13 och
258 495 33 13 med
301 496 57 16 januari
367 495 61 14 månads
438 496 50 16 början

34 514 30 13 året
75 515 32 12 näst
117 514 37 13 efter
163 514 29 15 det,
203 514 45 13 under
258 513 45 14 vilket
313 513 38 14 valet
361 514 44 15 skett,
412 517 19 10 av
442 514 46 13 lands-

34 532 57 15 tingens
100 532 79 13 ledamöter
188 531 26 13 och
223 531 58 13 särskilt
291 531 61 13 utsedda
361 531 71 14 elektorer
441 532 21 12 för
471 532 18 13 de

34 550 54 15 städer,
97 553 31 10 som
137 550 13 16 ej
159 549 58 16 deltaga
226 549 4 13 i
240 549 78 16 landsting.
337 549 28 13 För
373 549 24 13 val
407 549 21 13 till
438 549 51 13 Första

34 568 83 13 kammaren
126 568 16 12 är
149 567 38 13 riket
194 567 55 13 indelat
257 567 5 13 i
271 571 17 12 19
296 567 84 13 valkretsar.
398 567 91 14 Stockholms

33 586 33 13 stad
75 586 26 13 och
110 585 81 16 Göteborgs
198 585 33 13 stad
241 586 51 15 utgöra
300 589 26 9 var
335 585 21 13 för
364 585 22 16 sig
394 589 17 9 en
421 585 67 14 valkrets.

33 604 52 13 Annan
95 603 38 16 stad,
142 607 31 9 som
182 603 13 16 ej
205 603 64 16 deltager
278 602 4 14 i
292 603 76 16 landsting,
379 603 48 13 tillhör
433 607 55 9 samma

34 621 64 14 valkrets
109 625 31 9 som
151 621 25 13 det
188 621 144 15 landstingsområde,
344 621 31 13 vari
386 621 51 13 staden
450 621 38 13 förut

33 639 53 16 ingått.
109 639 40 13 Flera
162 639 148 16 landstingsområden
323 639 49 13 kunna
384 639 105 13 sammanföras

34 657 4 13 i
51 661 18 9 en
82 656 69 16 valkrets;
165 660 32 10 men
210 656 14 17 ej
238 656 23 13 må
275 656 139 16 landstingsområde
427 656 40 14 delas
480 657 9 13 å

33 675 47 13 skilda
92 674 85 14 valkretsar.
198 674 93 16 Indelningen
303 674 4 13 i
319 674 80 13 valkretsar
411 674 78 14 innehålles

33 693 5 13 i
49 692 71 16 vallagen.
141 692 28 13 För
179 692 41 16 varje
231 692 63 13 valkrets
305 692 46 17 väljes
361 692 37 13 efter
409 692 80 16 folkmäng-

34 711 27 13 den
74 710 38 13 inom
124 710 32 13 dess
167 710 59 13 område
237 714 17 9 en
266 710 99 16 riksdagsman
377 710 22 13 för
411 712 32 11 vart
455 710 33 13 fullt

34 728 25 16 tal,
67 728 103 13 motsvarande
177 728 29 15 '/:so
212 732 19 9 av
238 728 44 13 rikets
288 728 88 16 folkmängd.
386 728 103 13 Valkretsarna

33 746 55 13 indelas
95 746 5 13 i
107 746 32 13 åtta
146 749 67 13 grupper,
220 746 48 13 vilken
275 746 74 16 indelning
356 746 78 13 fastställes
447 746 4 13 i
459 746 29 13 val-

33 764 46 16 lagen.
98 764 43 16 Varje
150 764 15 13 år
174 764 45 13 under
227 764 81 16 september
317 764 52 13 månad
378 764 36 13 skall
423 764 39 13 inom
471 768 17 9 en

34 786 19 9 av
62 782 63 13 nämnda
133 785 62 13 grupper
204 782 69 12 förrättas
282 781 23 13 val
314 781 22 13 för
345 781 97 17 nästföljande
451 782 37 13 åtta-

34 799 77 17 årsperiod.
135 799 28 13 Det
177 799 40 13 antal
231 799 99 16 riksdagsmän
344 799 17 13 de
375 799 70 13 särskilda
459 799 29 14 val-

34 818 75 13 kretsarna
123 817 40 13 skola
178 819 32 11 utse
225 817 86 13 bestämmes
326 817 45 16 enligt
387 818 102 12 ovannämnda

34 839 41 10 norm
86 839 19 9 av
117 835 79 16 Konungen
207 837 33 11 vart
252 839 30 9 10:e
293 835 16 13 år
320 835 25 16 (K.
356 835 43 16 kung.
409 835 49 13 härom
467 834 21 17 '2/,

35 853 46 17 1931).
104 853 70 13 Ledamot
187 857 18 9 av
219 853 51 13 Första
283 852 88 17 kammaren,
385 856 31 10 som
429 853 31 13 icke
473 854 16 12 är

34 871 49 13 bosatt
92 871 8 13 å
109 873 27 14 ort,
146 871 26 13 där
180 871 57 15 riksdag
246 871 49 16 hålles,
305 871 64 16 åtnjuter
378 875 18 9 av
404 871 85 13 statsmedel

35 889 94 13 resekostnad
141 889 21 13 till
169 889 26 13 och
202 889 32 12 från
241 889 75 15 riksdagen
324 889 46 16 jämte
376 890 22 12 ett
404 889 83 16 dagtrakta-

34 908 48 12 mente
99 910 19 9 av
134 910 17 12 25
164 907 22 13 kr.
201 907 23 12 för
233 906 61 14 vardera
304 910 41 9 resan
355 907 39 13 samt
403 908 22 12 ett
435 907 54 13 arvode

34 925 46 13 under
88 924 77 16 riksdagen
175 928 19 9 av
203 928 42 12 4,000
256 925 22 13 kr.
294 925 51 12 Annan
353 924 62 13 ledamot
423 928 18 9 av
449 925 39 13 kam-

34 946 49 10 maren
98 942 65 16 åtnjuter
177 942 54 13 arvode
245 946 19 9 av
280 946 40 12 3,000
330 942 21 13 kr.
370 942 76 17 Därjämte
456 944 33 14 äger

34 961 104 14 riksdagsman,
147 964 32 9 som
188 960 45 13 under
242 960 59 15 lagtima
311 960 58 15 riksdag
379 960 36 13 efter
425 960 63 16 beviljad

34 978 63 15 ledighet
111 978 60 12 besöker
185 977 79 15 hemorten,
279 979 22 11 att
316 981 18 9 av
346 977 84 13 statsmedel
444 978 44 12 undfå

34 995 80 15 ersättning
128 995 22 12 för
163 995 45 12 därav
220 994 74 13 föranledd
304 995 98 15 resekostnad,
416 995 37 12 dock
468 995 21 13 för

34 1013 42 15 högst
90 1016 7 12 5
112 1016 38 9 resor
163 1012 37 13 fram
210 1012 26 13 och
247 1012 36 13 åter.
302 1012 62 13 Valbara
374 1012 37 13 äro
403 1002 17 31 i
423 1012 65 14 kommu-

33 1034 52 10 nernas
99 1030 74 13 allmänna
186 1030 120 16 angelägenheter
320 1030 122 16 röstberättigade
454 1032 34 12 män

34 1049 26 13 och
70 1048 67 15 kvinnor,
148 1052 30 9 som
188 1048 64 16 uppnått
263 1052 15 12 35
289 1048 23 13 års
322 1048 44 13 ålder.

53 1066 49 13 Andra
110 1066 87 13 kammarens
204 1066 73 12 ledamöter
285 1066 26 12 äro
320 1069 30 12 230,
359 1066 43 12 valda
410 1066 23 12 för
440 1070 18 8 en
468 1066 21 12 tid

34 1087 19 9 av
62 1084 32 16 fyra
103 1083 21 13 år,
132 1083 64 13 räknade
204 1083 31 13 från
245 1083 26 13 och
281 1083 32 13 med
323 1083 56 16 januari
388 1083 60 13 månads
457 1083 32 13 bör-

34 1101 24 17 jan
70 1101 30 13 året
111 1102 32 12 näst
154 1101 36 13 efter
200 1101 29 16 det,
240 1101 46 13 under
296 1101 44 13 vilket
351 1101 39 13 valet
401 1101 43 13 skett.
461 1101 27 13 För

34 1119 41 13 dessa
82 1119 23 13 val
111 1120 16 12 är
133 1119 37 13 riket
176 1119 54 13 indelat
236 1119 5 13 i
248 1119 16 13 28
271 1119 85 15 valkretsar,
362 1123 31 9 som
399 1119 39 16 välja
444 1119 44 13 minst

35 1140 8 13 3
48 1137 99 15 riksdagsmän
153 1140 31 10 var.
199 1137 43 16 Varje
248 1137 63 13 valkrets
316 1136 36 14 skall
358 1137 41 13 alltså
406 1137 17 12 ha
430 1141 16 8 en
453 1137 36 13 folk-

34 1155 58 15 mängd,
103 1158 31 9 som
144 1154 4 13 i
159 1154 37 16 regel
206 1156 42 14 utgör
258 1153 30 16 3/23
298 1158 19 9 av
327 1154 44 13 rikets
382 1154 106 14 invånarantal.

34 1172 51 13 Rikets
101 1172 73 16 indelning
189 1172 5 13 i
209 1172 80 13 valkretsar
304 1172 78 13 innehålles
397 1172 5 13 i
418 1172 71 16 vallagen.

34 1190 44 16 Varje
87 1189 24 14 län
121 1191 42 15 utgör
173 1194 17 9 en
201 1190 68 15 valkrets,
280 1192 40 11 utom
332 1188 77 18 Älvsborgs
419 1190 28 15 län,
457 1194 31 9 som

34 1209 16 12 är
63 1207 38 14 delat
115 1207 4 13 i
133 1212 7 9 2
154 1208 60 15 kretsar,
228 1208 71 16 varjämte
313 1208 63 16 följande
388 1208 49 13 städer
450 1208 39 13 bilda

34 1229 26 10 var
68 1226 22 13 sin
100 1225 68 13 valkrets:
178 1226 12 15 1)
200 1225 88 16 Stockholm,
298 1226 13 16 2)
322 1226 56 14 Malmö,
388 1225 101 17 Hälsingborg,

35 1243 94 13 Landskrona
141 1243 27 13 och
181 1243 46 16 Lund,
241 1244 13 16 3)
267 1243 77 16 Göteborg.
361 1244 28 12 Det
402 1243 40 13 antal
453 1244 36 13 riks-

34 1262 74 15 dagsmän,
127 1261 40 16 varje
185 1261 64 13 valkrets
266 1262 34 15 äger
318 1263 36 13 utse,
372 1261 79 13 fastställes
467 1262 22 12 för

34 1279 40 16 varje
89 1279 106 16 fyraårsperiod
209 1283 19 9 av
243 1279 81 16 Konungen
339 1279 25 17 (K.
378 1279 45 16 kung.
438 1280 51 12 härom

34 1296 25 17 2/5
69 1297 47 16 1932).

52 1314 50 13 Andra
112 1314 91 13 kammarens
213 1314 80 13 ledamöter
303 1314 58 16 åtnjuta
371 1318 56 9 samma
437 1316 52 12 ersätt-

35 1332 34 16 ning
81 1336 31 9 som
127 1332 50 13 Första
191 1332 95 13 kammarens,
300 1339 18 2 —
331 1332 57 13 Valrätt
403 1332 86 13 tillkommer

34 1353 44 10 envar
90 1350 52 13 svensk
151 1353 34 9 man
194 1350 26 13 och
230 1350 59 16 kvinna,
298 1353 31 10 som
338 1351 48 12 senast
395 1350 45 13 under
450 1351 39 12 näst-

34 1367 86 16 föregående
132 1367 84 14 kalenderår
228 1367 33 17 fyllt
274 1371 17 12 23
304 1368 21 16 år,
337 1368 37 12 dock
387 1368 13 16 ej
412 1368 33 15 den,
458 1372 31 9 som

34 1386 31 12 står
77 1386 46 12 under
135 1385 120 16 förmynderskap
267 1385 33 13 eller
313 1387 15 11 är
340 1386 5 12 i
355 1385 134 15 konkurstillstånd,

34 1403 14 16 ej
60 1403 43 13 heller
114 1403 33 16 den,
158 1407 31 9 som
196 1404 16 12 är
219 1407 18 9 av
244 1403 73 13 allmänna
325 1403 97 16 fattigvården
430 1404 59 12 omhän-

34 1421 69 16 dertagen
112 1420 21 14 för
141 1421 67 16 varaktig
216 1420 91 17 försörjning,
315 1421 33 13 eller
356 1421 33 16 den,
397 1425 31 9 som
436 1422 16 12 är
458 1422 31 12 från

35 1438 72 14 valrätten
117 1438 73 14 utesluten
201 1439 18 16 på
228 1439 47 16 grund
285 1443 19 9 av
315 1439 53 13 honom
378 1439 53 13 ådömd
441 1439 49 13 straff-

35 1456 61 17 påföljd.
119 1457 63 13 Valbara
193 1458 25 12 äro
229 1458 34 12 män
273 1457 27 13 och
310 1457 67 16 kvinnor,
387 1461 31 9 som
425 1458 27 15 äga
460 1457 29 13 val-

59 1499 27 16 11.
112 1499 80 22 Sveriges
205 1500 130 16 Statskalender
348 1498 51 18 1927.

507 384 30 12 rätt
550 383 41 13 inom
601 383 81 13 valkretsen
692 383 38 16 eller,
740 383 27 14 där
776 384 40 16 fråga
826 385 16 12 är
850 388 24 9 om
883 385 37 16 stad,
930 388 32 11 som

508 400 47 14 består
565 405 18 9 av
593 401 35 13 flera
639 401 84 16 valkretsar,
733 402 39 13 inom
782 402 46 16 någon
839 406 18 9 av
865 403 46 13 dessa.

526 419 26 13 Till
561 419 38 13 båda
607 419 76 14 kamrarna
691 420 25 13 ske
724 420 42 13 valen
774 420 34 13 med
815 421 110 16 proportionellt
931 421 31 13 val-

507 438 35 12 sätt.

525 454 77 14 Allmänna
611 455 24 13 val
645 455 21 13 till
675 455 49 14 Andra
733 455 83 14 kammaren
825 456 54 14 skedde
888 458 48 12 senast
946 456 15 14 år

508 473 40 16 1936,
558 473 39 13 vilka
605 473 24 13 val
637 473 37 16 gälla
682 473 23 13 för
713 473 68 17 perioden
791 477 96 14 1937—1940.

626 525 75 19 Första
715 526 122 19 kammaren.

646 562 115 18 Stockholms
772 564 48 17 stad.

588 591 125 22 (Mandattiden
726 593 49 21 utgår
787 593 19 17 år
820 594 58 21 1937.)

507 627 85 20 Klefbeck,
607 629 52 15 Ernst
671 629 65 19 Alarik,
750 630 77 20 Kyrkoh.
841 628 52 23 [713],
907 631 11 16 f.
932 631 29 18 66;

531 652 22 16 30
566 651 42 21 (adr.
622 651 111 21 Stockholm).

506 675 83 22 Trygger,
602 677 56 18 Ernst,
672 677 121 16 Univ.kansler
805 675 52 23 [716],
871 679 11 15 f.
896 677 28 20 57;
939 679 22 16 30

530 699 42 20 (adr.
586 699 112 21 Stockholm).

506 722 83 20 Stendahl,
598 724 46 19 Sten,
654 725 159 21 Bankofullmäktig
821 723 52 23 [195],
883 726 11 16 f.
903 724 27 21 76;
938 726 23 16 30

530 746 42 21 (adr.
586 746 111 22 Stockholm).

507 770 73 21 Lindley,
597 772 71 16 Charles
682 772 65 19 Gustaf,
761 773 28 16 Sv.
802 774 160 20 transportarbetar-

531 796 100 16 förbundets
650 796 143 20 förtroendeman,
812 797 11 16 f.
841 797 27 19 65;
883 797 22 16 30
917 796 44 21 (adr.

532 816 120 24 Äppelviken).

507 842 77 19 Forssell,
597 844 40 15 Carl
650 844 94 19 Abraham,
753 844 88 16 Professor
849 842 53 23 [723],
911 846 11 15 f.
932 845 29 19 81;

532 867 21 16 30
566 865 43 21 (adr.
622 866 112 21 Stockholm).

507 890 80 21 Hagman,
601 891 45 16 Emil
659 891 61 20 Oskar,
734 892 18 15 tf.
766 891 86 21 Byråchef
858 890 41 23 [88],
911 893 11 16 f.
932 893 28 19 80;

531 915 23 15 30
566 914 42 20 (adr.
622 913 99 21 Ulvsunda).

507 937 75 22 Löfgren,
598 939 53 20 Jonas
670 939 50 19 Eliel,
739 940 81 15 Advokat
838 937 53 23 [194],
907 941 11 15 f.
933 940 28 19 72;

531 962 22 15 30
566 961 42 20 (adr.
622 961 111 20 Stockholm).

506 984 60 19 Ström,
579 985 41 16 Otto
633 986 77 19 Fredrik,
720 986 89 15 Redaktör
817 984 53 23 [501],
880 987 10 15 f.
900 986 28 20 80;
939 987 22 16 30

530 1007 43 21 (adr.
586 1007 99 21 Ulvsunda).

507 1031 81 20 Carlsson,
601 1033 46 19 Olof,
661 1034 42 15 Led.
717 1039 20 10 av
747 1033 164 22 Försäkringsrådet
920 1032 41 23 [91],

530 1057 12 15 f.
556 1056 27 19 72;
598 1057 22 15 30
632 1055 42 21 (adr.
688 1055 112 21 Stockholm).

506 1079 76 19 Nerman,
600 1081 51 18 Ture,
671 1081 32 15 Fil.
723 1081 27 19 K.,
766 1081 128 20 Skriftställare,
907 1082 11 16 f.
932 1082 28 19 86;

532 1104 20 16 31
566 1102 42 21 (adr.
622 1102 111 22 Stockholm).

507 1127 85 21 Branting,
610 1128 63 20 Georg,
691 1128 15 21 J.
725 1128 28 19 K.,
773 1129 85 19 Advokat,
871 1129 12 16 f.
896 1128 28 20 87;
939 1130 21 16 31

530 1149 43 21 (adr.
586 1150 113 21 Stockholm).

508 1175 26 15 En
547 1175 68 16 vakant.

508 1225 129 25 [143—144]

554 1263 116 17 Stockholms
681 1264 33 16 län
726 1263 33 18 och
775 1264 83 22 Uppsala
871 1265 38 17 län.

587 1297 125 22 (Mandattiden
725 1299 49 22 utgår
787 1300 19 16 år
820 1299 58 22 1938.)

507 1334 63 19 Möller,
587 1335 45 15 Fritz
645 1335 69 19 Gustav,
728 1335 77 17 Statsråd
817 1334 40 23 [52],
871 1337 11 16 f.
896 1337 28 19 84;
938 1337 21 16 31

531 1357 42 21 (adr.
586 1357 112 21 Stockholm).

507 1382 58 18 Borell,
584 1383 42 15 Karl
646 1383 62 15 Gustaf
724 1383 86 20 Theodor,
824 1384 70 16 Hhövd.
906 1382 54 23 [216],

531 1406 11 16 f.
556 1406 28 18 69;
599 1406 20 16 31
633 1404 42 21 (adr.
689 1405 108 23 Storängen).

507 1429 99 19 Wahlmark,
625 1430 40 16 Carl
680 1430 70 20 Primus,
764 1431 23 16 fd.
801 1431 92 21 Typograf,
906 1432 11 16 f.
931 1432 29 19 83;

532 1454 21 15 31
566 1452 43 21 (adr.
622 1452 87 23 Uppsala).

478 1500 33 16 161
