1070 1578
68 57 52 34 [148]
131 93 7 1 Z

66 205 52 22 [148]

496 63 104 22 Riksdagen

67 244 31 24 V.
122 244 254 30 RIKSDAGEN,
399 244 97 25 DESS
519 240 268 30 OMBUDSMÄN
809 245 84 25 OCH
916 246 109 24 VERK

238 322 109 23 Riksdagen

88 367 83 16 Riksdagen
180 367 41 16 skall,
229 367 4 14 i
242 367 38 14 kraft
288 371 18 10 av
314 368 43 13 rikets
365 367 116 16 regeringsform,
489 371 36 10 sam-

67 385 77 13 manträda
153 385 39 16 varje
201 385 16 13 år
226 386 28 12 den
265 385 17 13 10
290 385 56 16 januari
355 386 39 15 eller,
404 389 24 9 om
438 385 61 16 helgdag
508 385 19 14 då

67 403 70 16 inträffar,
146 403 47 16 dagen
202 403 67 13 därefter.
280 403 83 16 Riksdagen
372 403 36 13 skall
417 407 35 9 vara
461 403 65 13 avslutad

66 421 28 13 den
106 421 15 13 31
134 421 80 13 december.
228 421 34 13 1949
273 421 91 13 avskaffades
375 421 82 16 begreppen
468 421 59 16 lagtima

66 439 28 13 och
108 439 53 13 urtima
173 439 58 15 riksdag
244 439 28 13 och
285 441 60 11 ersattes
358 443 17 9 av
388 439 86 15 vårsession,
487 439 40 13 höst-

66 456 55 13 session
129 456 28 13 och
164 459 39 10 extra
212 457 59 13 session.
280 457 104 12 Vårsessionen
392 457 35 13 skall
436 457 3 13 i
448 457 36 15 regel
492 461 35 9 vara

66 474 66 13 avslutad
140 474 28 12 den
177 474 14 12 31
202 474 33 15 maj.

87 492 50 12 Första
147 492 90 13 kammarens
247 491 78 13 ledamöter
335 492 26 13 äro
373 491 26 14 150
409 491 35 14 eller
450 491 25 14 det
482 491 45 16 högre

66 509 25 16 tal,
104 513 32 9 som
149 509 85 13 föranledes
246 513 18 10 av
277 509 87 16 stadgandet
376 509 5 13 i
393 509 21 16 6$
428 510 5 12 1
444 513 14 9 o.
465 509 9 13 4
481 509 45 13 mom.

66 527 155 16 riksdagsordningen,
232 527 28 13 och
271 527 44 16 väljas
326 527 22 13 för
358 527 30 13 åtta
396 527 20 16 år,
423 528 65 12 räknade
494 527 32 13 från

66 545 28 13 och
109 545 32 13 med
156 545 56 15 januari
228 545 60 13 månads
302 545 51 16 början
367 545 30 13 året
408 546 32 12 näst
451 545 35 13 efter
497 545 29 15 det,

66 563 46 12 under
128 563 43 12 vilket
184 563 37 13 valet
232 563 42 13 skett,
286 567 18 8 av
314 563 92 15 landstingen
416 563 28 12 och
454 563 72 13 stadsfull-

66 580 64 16 mäktige
142 580 4 13 i
160 581 18 12 de
190 581 53 15 städer,
256 584 33 10 som
301 580 13 16 ej
327 581 57 15 deltaga
396 581 88 15 ilandsting.
498 581 28 13 För

65 598 23 13 val
102 598 20 13 till
137 598 51 13 Första
197 599 85 12 kammaren
292 599 16 12 är
318 599 35 12 riket
362 599 54 12 indelat
425 599 4 12 i
440 599 16 12 19
466 599 60 12 valkret-

65 619 27 10 sar.
107 616 94 13 Stockholms
214 616 32 13 stad
260 616 28 13 och
301 616 84 16 Göteborgs
399 616 33 13 stad
441 617 52 15 utgöra
501 620 25 9 var

65 633 23 13 för
96 634 22 15 sig
126 637 18 9 en
152 634 67 13 valkrets.
228 634 55 13 Annan
291 634 38 15 stad,
337 638 33 9 som
378 634 13 15 ej
398 634 64 15 deltager
468 634 4 13 i
478 634 48 13 lands-

64 651 36 16 ting,
118 651 49 13 tillhör
183 655 56 10 samma
255 652 63 13 valkrets
330 655 33 10 som
376 652 24 13 det
414 652 112 15 landstingsom-

65 669 39 16 råde,
117 669 30 13 vari
157 670 51 12 staden
218 669 39 14 förut
267 669 50 16 ingått.
327 669 95 16 Indelningen
432 669 4 14 i
447 670 79 12 valkretsar

65 687 79 13 innehålles
161 687 3 13 i
181 687 69 16 vallagen.
266 687 28 13 För
307 687 38 16 varje
359 687 62 13 valkrets
435 687 43 16 väljes
490 687 36 13 efter

65 705 105 15 folkmängden
186 705 41 13 inom
243 705 32 13 dess
288 705 60 13 område
360 709 19 9 en
391 705 101 16 riksdagsman
503 705 23 13 för

65 725 31 11 vart
112 723 31 13 fullt
159 723 24 15 tal,
199 723 103 13 motsvarande
313 723 29 16 !/,;
352 727 18 9 av
380 723 44 13 rikets
434 723 91 15 folkmängd.

64 740 104 14 Valkretsarna
182 740 55 14 indelas
252 741 4 13 i
271 741 30 13 åtta
316 745 67 11 grupper,
394 741 47 13 vilken
452 741 74 15 indelning

64 758 77 13 fastställes
155 758 4 14 i
174 758 70 16 vallagen.
259 759 42 15 Varje
316 758 15 14 år
344 759 46 13 under
400 759 62 13 oktober
472 758 53 14 månad

64 776 37 13 skall
115 776 41 13 inom
169 780 18 9 en
202 780 18 9 av
234 777 65 12 nämnda
312 780 63 12 grupper
388 777 69 12 förrättas
471 777 22 12 val
503 777 23 12 för

64 794 99 15 nästföljande
177 794 111 16 åttaårsperiod.
304 794 28 13 Det
344 794 39 13 antal
396 794 100 16 riksdagsmän
507 794 19 13 de

64 812 72 13 särskilda
144 812 99 13 valkretsarna
250 812 41 13 skola
299 814 30 11 utse
336 812 87 13 bestämmes
430 812 44 15 enligt
481 816 44 9 ovan-

64 829 65 13 nämnda
142 833 42 9 norm
199 833 18 10 av
231 830 83 15 Konungen
328 832 31 11 vart
374 830 30 12 10:e
416 830 16 13 år
444 830 25 15 (K.
481 830 43 15 kung.

64 847 51 13 härom
129 846 24 17 ?”/;
167 847 46 15 1952),
224 848 40 12 dock
275 848 34 13 med
320 847 89 16 vidtagande
418 851 18 10 av
443 848 29 12 den
478 847 47 16 jämk-

64 865 40 15 ning,
116 869 32 9 som
160 865 83 13 föranledes
254 869 18 9 av
283 866 27 12 här
320 869 38 10 ovan
365 865 65 13 nämnda
437 865 7 13 6
450 866 4 15 $
464 865 8 13 4
479 869 45 9 mom.

63 887 19 9 av
92 883 150 16 riksdagsordningen
255 883 26 16 (K.
292 883 45 16 kung.
349 884 28 12 den
389 883 18 13 24
419 883 28 16 maj
461 883 34 13 1957
507 891 18 2 —

63 901 33 13 SFS
106 905 17 9 nr
131 901 31 15 162,
169 901 19 13 K.
196 901 44 16 kung.
250 901 28 13 den
287 901 16 13 12
310 901 29 16 maj
348 901 33 13 1961
390 901 23 15 (nr
421 901 32 16 112)
466 909 17 2 —
496 901 28 13 enl.

63 918 49 14 vilken
122 919 111 15 sammanlagda
245 919 55 13 antalet
310 919 10 13 f.
330 923 14 9 n.
355 920 43 15 utgör
412 919 36 16 151).
462 919 63 13 Valbara

63 937 27 12 äro
97 936 5 14 i
109 936 114 14 kommunernas
236 937 74 13 allmänna
316 937 119 15 angelägenheter
447 937 77 13 röstberät-

63 954 49 16 tigade
123 955 35 12 män
169 955 29 12 och
207 955 67 14 kvinnor,
281 959 33 8 som
321 955 62 15 uppnått
391 955 17 12 23
416 955 23 13 års
446 955 44 13 ålder.

85 972 49 13 Andra
145 972 91 13 kammarens
248 972 77 13 ledamöter
337 973 41 12 skola
391 973 20 12 till
424 973 54 12 antalet
491 976 34 10 vara

63 989 28 14 230
100 990 34 13 eller
144 990 23 13 det
178 990 45 16 högre
232 990 20 13 tal
262 994 32 9 som
304 990 82 13 föranledes
397 994 17 9 av
424 991 87 15 stadgandet
520 990 5 13 i

65 1008 16 12 15
89 1008 22 15 $3
119 1011 14 10 0.
141 1008 9 12 4
159 1012 45 9 mom.
213 1008 152 16 riksdagsordningen,
373 1008 43 13 valda
423 1008 23 13 för
453 1012 18 9 en
479 1008 20 13 tid
507 1012 18 9 av

63 1025 30 16 fyra
101 1025 20 16 år,
128 1026 64 12 räknade
198 1026 32 13 från
235 1026 29 12 och
270 1026 33 13 med
307 1026 57 15 januari
371 1026 61 13 månads
438 1026 50 15 början
494 1026 30 13 året

63 1044 33 12 näst
107 1043 36 13 efter
154 1043 28 15 det,
195 1043 46 13 under
252 1044 43 12 vilket
307 1044 37 12 valet
355 1044 41 12 skett.
410 1044 28 12 För
449 1044 42 12 dessa
502 1044 22 12 val

63 1061 16 12 är
87 1061 37 13 riket
132 1061 54 13 indelat
195 1061 3 13 i
208 1061 17 13 28
234 1061 83 13 valkretsar.
327 1061 28 13 För
363 1061 39 16 varje
410 1061 63 13 valkrets
481 1061 43 16 väljes

62 1078 36 14 efter
104 1079 106 15 folkmängden
217 1079 40 13 inom
264 1079 32 13 dess
303 1079 60 13 område
370 1083 17 9 en
394 1079 101 16 riksdagsman
502 1079 23 13 för

63 1098 31 12 vart
106 1096 32 14 fullt
151 1097 24 15 tal,
188 1097 103 13 motsvarande
305 1097 30 15 2/2,
348 1101 17 9 av
378 1097 43 13 rikets
433 1097 91 16 folkmängd.

64 1114 51 13 Rikets
131 1114 74 16 indelning
222 1115 4 13 i
242 1115 80 13 valkretsar
338 1115 79 18 innehålles
433 1115 4 13 i
454 1115 69 15 vallagen.

63 1132 43 16 Varje
116 1132 24 13 län
152 1133 42 15 utgör
204 1136 18 9 en
232 1133 67 15 valkrets,
311 1135 41 11 utom
362 1130 80 18 Älvsborgs
453 1133 28 14 län,
492 1137 32 9 som

62 1151 16 12 är
85 1150 39 13 delat
131 1150 4 13 i
142 1150 8 13 2
158 1150 59 16 kretsar,
224 1150 70 16 varjämte
301 1150 65 16 följande
373 1151 48 13 städer
427 1151 40 12 bilda
473 1154 24 9 var
502 1151 22 13 sin

63 1168 68 13 valkrets:
142 1168 12 15 1)
163 1168 91 16 Stockholm,
263 1168 14 15 2)
286 1168 62 16 Malmö,
357 1168 104 16 Hälsingborg,
469 1168 55 13 Lands-

63 1185 48 13 krona
121 1186 27 12 och
158 1186 48 15 Lund,
216 1186 14 15 3)
240 1186 81 15 Göteborg.
331 1186 29 13 Det
370 1186 39 13 antal
419 1186 105 16 riksdagsmän,

63 1203 39 16 varje
109 1203 62 13 valkrets
178 1204 34 15 äger
218 1205 36 14 utse,
262 1204 77 13 fastställes
345 1204 23 13 för
373 1204 39 15 varje
417 1204 106 15 fyraårsperiod

62 1225 18 9 av
92 1221 85 15 Konungen
189 1221 26 15 (K.
229 1221 43 16 kung.
287 1221 57 16 härom,
358 1225 16 9 se
384 1221 32 14 SFS
426 1225 17 9 nr
454 1220 71 16 128/1960

62 1246 11 2 —
73 1239 45 13 enl.
128 1239 48 13 vilken
184 1239 111 16 sammanlagda
302 1239 54 13 antalet
364 1240 42 15 utgör
413 1239 28 13 232
447 1239 24 13 för
478 1239 46 16 perio-

62 1256 29 13 den
105 1256 92 15 1961-1964).
211 1257 56 13 Valrätt
276 1257 89 13 tillkommer
374 1261 45 9 envar
428 1257 52 13 svensk
490 1261 33 9 man

62 1274 28 13 och
98 1274 59 16 kvinna,
164 1278 32 9 som
203 1277 48 11 senast
259 1275 45 13 under
311 1275 121 15 nästföregående
439 1275 85 13 kalenderår

62 1292 32 15 fyllt
104 1292 16 13 21
132 1292 20 16 år,
162 1292 38 13 dock
209 1292 13 16 ej
229 1293 32 15 den,
269 1296 32 9 som
308 1293 29 13 står
344 1293 46 12 under
397 1293 126 15 förmynderskap.

62 1310 64 13 Valbara
135 1311 27 12 äro
172 1311 34 12 män
213 1310 28 13 och
249 1310 67 16 kvinnor,
323 1314 32 9 som
362 1310 62 16 uppnått
431 1311 17 12 23
455 1310 23 14 års
484 1311 40 13 ålder

62 1330 37 10 samt
110 1328 28 15 äga
148 1328 52 13 valrätt
211 1328 40 13 inom
263 1328 81 13 valkretsen
350 1328 39 16 eller,
396 1329 27 12 där
429 1328 41 16 fråga
476 1329 16 12 är
499 1332 24 9 om

62 1345 37 15 stad,
105 1349 31 9 som
143 1345 48 13 består
198 1350 18 8 av
223 1346 34 13 flera
264 1346 84 15 valkretsar,
354 1346 40 13 inom
400 1346 48 15 någon
455 1350 17 9 av
478 1347 45 12 dessa.

83 1363 58 12 Genom
150 1367 18 8 en
176 1363 16 13 år
202 1363 33 13 1941
246 1363 75 16 företagen
329 1364 62 15 ändring
399 1364 4 12 i
411 1364 7 15 $
427 1364 17 12 30
452 1364 71 15 riksdags-

62 1380 81 16 ordningen
153 1380 26 13 har
188 1380 75 16 möjlighet
273 1381 52 13 beretts
334 1383 21 11 att
364 1381 24 13 vid
397 1381 31 16 krig
437 1381 34 13 eller
480 1381 44 16 krigs-

61 1398 33 13 fara
104 1398 80 16 uppskjuta
194 1398 24 13 val
228 1398 21 13 till
260 1399 82 15 riksdagen,
353 1399 39 13 såväl
403 1399 20 13 till
435 1399 46 13 första
491 1403 32 9 som

61 1416 46 13 andra
114 1416 90 13 kammaren,

82 1433 97 14 Gemensamt
192 1434 24 13 för
229 1433 39 14 båda
282 1434 86 13 kamrarnas
381 1434 81 13 ledamöter
475 1434 48 16 gäller,

61 1453 21 11 att
88 1451 203 16 riksdagsmannabefattning
298 1452 28 13 kan
333 1453 52 12 utövas
390 1452 52 13 endast
448 1456 18 9 av
472 1452 52 13 svensk

61 1469 100 16 medborgare.

585 320 26 13 Till
626 320 39 14 båda
678 320 79 14 kamrarna
770 321 25 13 ske
810 321 41 13 valen
865 321 34 13 med
912 321 113 16 proportionellt

563 338 56 14 valsätt.

584 356 79 13 Allmänna
676 356 23 14 val
712 356 21 13 till
747 357 50 12 Andra
811 356 86 14 kammaren
910 356 38 16 ägde
962 360 32 10 rum
1009 356 16 14 år

565 374 35 13 1960
607 374 28 13 och
642 374 43 16 avsåg
692 374 71 16 perioden
772 374 95 13 1961—1964.

585 392 92 13 Beträffande
690 393 98 15 ersättningen
810 393 15 12 för
839 392 186 16 riksdagsmannauppdra-

563 411 30 14 gets
603 410 92 15 fullgörande
705 410 38 13 hava
753 410 108 13 bestämmelser
871 410 42 16 givits
923 410 3 13 i
937 414 18 9 en
965 414 18 9 av
993 410 32 13 Ko-

563 431 58 12 nungen
631 428 28 13 och
668 428 77 15 riksdagen
754 428 16 13 år
781 428 33 13 1941
825 428 64 13 samfällt
898 428 66 13 beslutad
973 428 51 16 stadga

563 445 28 13 den
602 446 16 12 21
631 446 36 13 febr.
682 446 32 13 1941
729 446 38 14 (SFS
777 450 18 9 nr
803 446 25 15 98)
835 446 33 13 med
881 446 40 13 ändr.
934 448 48 11 senast
995 446 29 13 den

565 463 16 13 16
592 463 31 13 dec.
638 463 36 13 1960
686 463 24 15 (nr
722 464 38 14 701).
774 464 107 14 Riksdagsman
895 463 63 15 åtnjuter
970 464 55 12 arvode

564 480 31 13 från
611 480 28 13 och
655 481 33 12 med
704 481 28 12 den
748 481 33 15 dag,
797 481 19 13 då
831 481 30 12 han
875 483 40 13 tager
926 481 38 15 plats
974 481 4 13 i
989 481 35 13 riks-

563 498 47 16 dagen
624 498 20 13 till
660 498 28 13 och
703 499 32 12 med
750 499 29 12 den
791 499 32 15 dag,
835 498 19 13 då
866 499 158 15 riksdagsmannaupp-

563 516 50 16 draget
625 516 62 16 upphör.
700 516 60 13 Arvode
772 516 41 16 utgår
824 516 33 13 med
869 516 52 16 26,964
932 516 21 14 kr.
969 517 23 12 för
1004 516 20 14 år.

562 534 104 13 Traktamente
679 534 42 15 utgår
733 534 46 13 under
789 534 26 16 tid,
825 534 19 13 då
854 534 78 16 riksdagen
941 534 46 13 håller
996 538 29 9 ses-

563 552 37 15 sion,
614 552 33 13 med
660 552 54 15 belopp
724 552 103 13 motsvarande
837 552 27 13 585
875 552 21 13 kr.
906 552 24 13 för
940 552 53 13 månad
1004 552 21 13 till

563 569 106 16 riksdagsman,
679 573 32 9 som
719 570 16 12 är
742 569 50 14 bosatt
798 569 19 16 på
824 570 49 15 längre
880 569 62 14 avstånd
949 570 18 13 än
974 569 51 16 sjuttio

562 587 77 13 kilometer
651 587 85 16 fågelvägen
746 587 33 13 från
788 587 84 16 riksdagens
882 587 32 14 hus.
925 588 54 12 Annan
989 587 36 14 riks-

563 605 70 15 dagsman
644 606 19 12 än
676 609 20 9 nu
710 607 46 14 sagts,
770 605 48 13 vilken
828 606 16 12 är
853 605 50 13 bosatt
912 605 20 16 på
942 605 49 16 längre
1000 609 25 9 av-

562 622 44 14 stånd
621 623 18 13 än
653 623 57 13 femton
724 623 77 13 kilometer
815 623 85 15 fågelvägen
910 623 33 13 från
952 623 73 15 riksdags-

563 640 47 16 huset,
621 640 24 13 må
654 644 19 9 av
682 640 136 16 kanslideputerade
826 640 95 14 tillerkännas
928 641 97 13 traktamente

563 658 33 13 med
606 658 43 16 högst
658 658 65 13 nämnda
733 658 59 16 belopp.
805 658 108 16 Riksdagsman
926 659 34 15 äger
970 658 18 16 på
1000 659 24 13 det

563 676 80 13 allmännas
656 676 81 13 bekostnad
750 676 65 16 företaga
828 680 39 9 resor
877 676 7 13 å
895 676 56 16 statliga
962 676 28 13 och
999 680 25 9 en-

562 694 47 13 skilda
621 694 81 15 järnvägar.
716 694 112 16 Riksdagsman,
838 698 33 9 som
882 695 5 2 är
904 694 119 13 bosatt
955 686 16 31 å
972 694 51 13 annan

563 714 23 11 ort
595 712 18 12 än
624 712 26 13 där
658 712 77 15 riksdagen
742 712 45 13 hålles,
798 713 34 14 äger
837 712 54 15 jämväl
898 712 24 13 vid
930 712 94 16 begagnande

563 733 18 9 av
595 732 44 11 annat
653 730 80 13 färdmedel
748 731 19 12 än
781 730 4 13 i
799 730 46 13 första
856 730 55 15 stycket
921 732 39 14 sagts
970 730 19 16 på
1000 730 24 13 det

563 747 81 13 allmännas
653 747 82 13 bekostnad
746 751 31 9 resa
787 748 20 12 till
817 747 28 13 och
855 747 32 14 från
898 748 77 15 riksdagen
986 749 38 12 samt

563 765 46 13 under
619 765 84 13 sessionstid
713 765 53 13 mellan
776 765 108 16 riksdagsorten
891 765 29 13 och
927 765 80 14 hemorten.

583 783 112 16 Riksdagsman,
704 787 32 9 som
744 783 55 13 tillhört
807 783 76 16 riksdagen
892 783 44 13 minst
944 783 7 13 8
960 783 20 16 år,
989 784 34 15 äger

562 801 28 13 rätt
601 801 20 13 till
631 801 66 15 pension,
710 805 15 9 se
734 801 33 13 SFS
776 801 57 16 464/47,
843 801 57 16 507/51,
909 801 57 15 788/51,
975 800 48 17 96/54,

564 818 51 16 170/57
622 822 14 10 o.
643 817 57 17 701/60.

583 836 90 13 Kamrarnas
685 837 55 12 talmän
753 836 54 13 erhålla
820 836 47 13 under
878 836 27 16 tid,
918 836 19 13 då
947 836 77 16 riksdagen

562 853 46 14 håller
617 854 60 16 session,
690 854 113 16 tilläggsarvode
812 854 34 13 med
856 854 55 16 belopp
920 854 104 13 motsvarande

564 872 41 16 1,124
614 872 22 13 kr.
647 872 24 13 för
680 872 59 13 månad.

670 906 89 19 FÖRSTA
772 909 142 16 KAMMAREN

719 939 104 16 Stockholms
830 939 39 16 stad

656 963 126 18 (Mandattiden
793 963 48 18 utgår
852 963 18 15 år
882 963 48 18 1969)

561 993 98 18 Andersson,
665 992 49 16 Ebon
721 992 55 16 Maria
782 992 76 19 Isabella,
863 993 58 17 Fil.L.,
926 992 98 18 Socionom,

583 1016 24 16 fd.
615 1016 123 18 Bibliotekarie,
756 1016 57 18 KNO,
830 1016 27 18 96;
872 1016 20 15 62
908 1016 42 19 (adr.
966 1016 58 16 Stock-

583 1040 59 18 holm).

562 1064 65 18 Strand,
636 1063 41 16 Axel
687 1063 82 19 Wilhelm,
779 1063 185 19 Riksgäldsfullmäktig
974 1063 49 19 [211],

584 1088 55 15 Förste
654 1089 32 14 vice
700 1087 65 19 talman,
779 1088 27 18 93;
820 1087 20 15 62
854 1087 42 18 (adr.
910 1087 113 18 Stockholm).

561 1111 102 18 Lundström,
679 1111 37 15 Nils
731 1111 61 19 Birger,
806 1111 93 18 Redaktör,
912 1111 27 18 04;
950 1111 20 15 62
980 1111 42 19 (adr.

583 1135 92 18 Bromma).

561 1159 98 18 Lindström,
677 1158 38 16 Ulla
733 1158 74 19 Gunilla,
825 1158 11 16 f.
855 1158 74 19 Wohlin,
947 1158 75 16 Statsråd

584 1182 37 19 [48],
631 1183 26 17 09;
667 1182 20 15 62
696 1182 42 19 (adr.
748 1182 110 18 Stockholm).

561 1206 93 19 Hernelius,
662 1206 45 15 John
716 1206 56 18 Allan,
781 1207 44 17 J.K.,
836 1206 92 18 Redaktör,
937 1206 52 18 RVO,
999 1206 24 18 11;

583 1230 20 15 62
612 1229 42 19 (adr.
664 1229 112 19 Stockholm).

560 1254 90 18 Anderson,
665 1253 39 15 Carl
720 1253 63 18 Albert,
799 1253 80 16 Direktör
895 1253 48 19 [501],
958 1253 27 19 99;
1001 1254 20 15 62

582 1277 42 18 (adr.
634 1277 112 18 Stockholm).

560 1301 75 18 Hanson,
643 1301 30 15 Per
683 1301 46 18 Olof,
740 1301 71 18 Pol.M.,
821 1301 93 18 Redaktör,
923 1301 25 18 18;
955 1301 20 15 62
980 1301 43 19 (adr.

581 1324 103 19 Vällingby).

561 1349 99 17 Johansson,
669 1349 48 15 Knut
726 1348 71 19 Brynolf
804 1348 69 18 Martin,
880 1348 142 19 Förbundsordf.,

585 1372 25 18 11;
620 1372 19 15 62
648 1372 43 18 (adr.
700 1371 134 19 Johanneshov).

562 1395 96 19 Holmberg,
667 1395 65 18 Yngve,
740 1396 45 17 J.K.,
795 1395 111 18 Partisekret.,
916 1396 26 17 25;
952 1395 20 15 62
979 1395 44 19 (adr.

584 1418 113 19 Stockholm).

562 1443 55 18 Kling,
631 1442 39 16 Erik
684 1443 80 17 Herman,
779 1442 75 16 Statsråd
866 1442 37 19 [48],
918 1443 24 17 13;
952 1443 20 15 62
981 1443 42 18 (adr.

585 1466 111 19 Stockholm).

526 1511 36 17 260
