1044 1570
83 42 130 24 [142—143]

84 157 61 24 [142]

484 44 116 23 Riksdagen.

100 195 49 35 V.
199 193 289 48 Riksdagen,
520 193 110 37 dess
662 193 328 37 Ombudsmän

415 248 88 36 och
535 247 139 36 Verk.

235 325 144 27 Riksdagen.

101 367 67 16 Lagtima
181 367 58 16 riksdag
251 367 53 15 skall,
295 357 9 30 i
317 367 40 13 kraft
370 371 19 9 av
401 367 45 13 rikets
458 367 78 16 regerings-

82 385 42 16 form,
136 385 108 13 sammanträda
256 385 41 16 varje
308 385 16 12 år
335 385 28 12 den
376 388 17 10 10
404 385 57 16 januari
467 385 37 16 eller,
512 388 24 10 om

83 403 61 15 helgdag
151 403 18 12 då
177 403 72 15 inträffar,
256 403 46 15 dagen
310 402 68 13 därefter.

101 421 50 12 Första
162 420 86 13 kammarens
260 420 72 13 ledamöter
343 421 25 12 äro
381 423 25 13 150
418 420 26 13 och
456 420 46 16 väljas
513 420 23 13 för

83 438 32 13 åtta
125 438 20 16 år,
154 438 64 13 räknade
228 438 32 13 från
270 438 26 13 och
306 438 33 13 med
348 438 58 16 januari
415 438 60 13 månads
485 438 51 16 början

83 456 31 13 året
123 457 33 12 näst
166 456 36 12 efter
211 456 30 15 det,
251 456 45 12 under
306 456 44 12 vilket
360 455 39 13 valet
408 456 44 15 skett,
459 459 19 9 av
489 456 47 12 lands-

84 474 55 15 tingens
148 473 79 13 ledamöter
236 473 27 13 och
271 473 58 12 särskilt
338 473 61 13 utsedda
409 473 70 13 elektorer
487 473 22 13 för
518 473 18 13 de

82 491 54 16 städer,
145 495 31 9 som
185 491 13 16 ej
208 491 57 15 deltaga
274 490 5 13 i
288 490 77 16 landsting.
384 491 28 12 För
420 491 25 13 val
454 491 22 12 till
485 491 51 13 Första

83 510 83 12 kammaren
174 510 16 11 är
197 509 38 12 riket
243 508 54 13 indelat
305 508 5 13 i
319 512 16 13 19
343 508 85 14 valkretsar.
445 509 91 12 Stockholms

82 527 34 13 stad
124 527 26 12 och
159 527 80 15 Göteborgs
247 527 33 12 stad
289 528 51 14 utgöra
348 530 27 9 var
382 526 22 13 för
412 526 22 16 sig
442 530 17 9 en
468 526 67 13 valkrets.

83 545 51 12 Annan
144 544 37 16 stad,
191 548 31 9 som
231 544 13 16 ej
254 544 63 16 deltager
326 544 5 13 i
340 544 76 16 landsting,
427 544 47 13 tillhör
481 548 55 9 samma

83 562 64 13 valkrets
158 566 31 9 som
200 562 25 13 det
236 562 143 15 landstingsområde,
391 562 32 12 vari
434 562 51 13 staden
497 562 39 13 förut

82 580 53 16 ingått.
157 580 41 12 Flera
210 580 148 15 landstingsområden
371 580 49 12 kunna
432 580 104 13 sammanföras

82 598 5 12 i
100 602 18 9 en
131 598 69 15 valkrets;
213 601 33 9 men
259 598 13 15 ej
286 597 24 13 må
323 597 139 16 landstingsområde
475 597 39 13 delas
520 590 12 30 å
528 597 17 15 |

82 615 47 13 skilda
140 615 86 13 valkretsar.
247 615 93 16 Indelningen
351 615 4 13 i
367 615 80 13 valkretsar
458 615 78 13 innehålles

83 634 5 12 i
98 633 70 16 vallagen.
189 633 28 13 För
227 633 41 16 varje
279 633 64 13 valkrets
353 633 45 16 väljes
409 633 37 13 efter
456 633 80 16 folkmäng-

83 652 27 12 den
122 651 39 13 inom
173 651 31 13 dess
216 651 58 13 område
286 655 17 9 en
314 651 99 16 riksdagsman
425 651 22 13 för
458 653 33 11 vart
502 651 34 13 fullt

83 669 25 16 tal,
115 669 103 13 motsvarande
226 669 28 15 '/:so
261 672 19 9 av
286 669 45 12 rikets
336 669 88 15 folkmängd.
434 669 102 13 Valkretsarna

82 687 55 12 indelas
144 687 5 12 i
156 687 31 12 åtta
194 690 67 12 grupper,
268 686 48 13 vilken
323 686 73 16 indelning
403 686 78 13 fastställes
494 686 5 13 i
506 686 30 13 val-

83 704 45 16 lagen.
147 704 43 16 Varje
198 704 16 13 år
222 704 46 13 under
275 704 81 16 september
364 704 54 13 månad
426 704 36 13 skall
470 704 40 13 inom
518 708 17 9 en

83 726 18 9 av
110 722 63 13 nämnda
182 725 62 13 grupper
252 722 69 12 förrättas
330 722 24 12 val
362 722 22 12 för
393 722 96 16 nästföljande
499 722 37 13 åtta-

83 740 77 16 årsperiod.
183 740 29 13 Det
226 740 40 12 antal
279 740 99 15 riksdagsmän
391 740 18 12 de
423 739 70 14 särskilda
506 740 30 12 val-

82 758 76 12 kretsarna
172 758 40 12 skola
227 759 32 11 utse
273 757 87 13 bestämmes
374 757 46 16 enligt
434 758 102 12 ovannämnda

83 779 41 9 norm
135 779 19 9 av
165 775 80 16 Konungen
256 776 33 12 vart
300 779 30 9 10:e
341 775 16 13 år
369 775 24 16 (K.
404 775 43 16 kung.
457 775 49 13 härom
514 774 22 16 "/

84 793 46 16 1931).
153 793 70 13 Ledamot
236 796 19 9 av
268 793 51 12 Första
332 793 88 15 kammaren,
433 797 32 9 som
477 793 31 13 icke
521 794 16 12 är

83 811 50 12 bosatt
141 810 8 13 å
158 812 28 14 ort,
194 811 27 12 där
229 810 58 16 riksdag
295 810 49 16 bålles,
353 810 65 16 åtnjuter
426 814 19 9 av
453 810 84 13 statsmedel

83 828 93 13 resekostnad
188 828 21 13 till
220 828 27 13 och
258 828 32 13 från
301 828 76 16 riksdagen
388 830 38 11 samt
437 828 5 13 i
453 829 83 15 dagtrakta-

83 848 49 11 mente
145 850 16 12 32
174 846 28 16 kr.,
214 846 46 13 vilket
272 846 127 16 dagtraktamente
411 846 13 16 ej
436 846 23 13 får
465 846 72 16 överstiga

83 864 96 16 sammanlagt
191 867 41 13 4,500
243 864 22 13 kr.
285 864 52 13 Annan
349 864 63 13 ledamot
423 868 19 9 av
454 864 82 13 kammaren

83 882 53 13 undfår
143 882 5 12 i
155 882 126 15 dagtraktamente
289 885 17 13 24
314 882 27 16 kr.,
348 882 37 13 dock
392 882 96 15 sammanlagt
495 882 42 16 högst

84 903 41 12 3,400
134 900 22 12 kr.
174 900 76 15 Därjämte
259 900 33 15 äger
301 899 103 16 riksdagsman,
414 903 32 9 som
454 900 45 12 under
508 900 29 15 lag-

84 917 36 13 tima
129 917 59 16 riksdag
197 917 36 13 efter
243 917 63 17 beviljad
317 917 62 16 ledighet
388 917 60 13 besöker
458 918 79 15 hemorten,

83 936 23 12 att
115 939 19 9 av
143 935 84 13 statsmedel
235 935 45 13 undfå
289 935 80 16 ersättning
378 935 22 13 för
408 935 46 13 därav
463 935 74 13 föranledd

83 953 99 15 resekostnad,
195 953 38 12 dock
246 953 22 12 för
281 953 43 15 högst
337 957 8 9 2
358 957 39 9 resor
410 953 37 13 fram
461 953 26 13 och
502 953 35 13 åter.

84 971 63 13 Valbara
159 972 25 11 äro
195 972 34 11 män
241 971 27 13 och
281 971 62 12 kvinnor
354 974 31 10 som
397 971 33 16 fyllt
443 974 16 12 35
472 971 16 12 år
499 972 38 12 samt

84 990 26 14 äga
120 989 27 12 och
158 988 44 13 minst
212 992 8 12 3
231 988 16 13 år
256 988 31 13 före
296 988 39 13 valet
346 989 24 15 ägt
378 988 73 16 fastighet,
460 989 77 15 taxerings-

83 1006 71 13 värderad
164 1006 21 13 till
194 1006 87 13 åtminstone
290 1009 50 13 50,000
349 1006 22 13 kr.
379 1006 34 13 eller
421 1006 27 13 ock
457 1006 22 13 till
489 1008 47 11 staten

84 1024 49 13 skatta
145 1025 38 11 samt
194 1024 46 13 under
251 1024 45 15 sagda
308 1024 22 13 tid
341 1024 57 13 skattat
409 1024 22 13 för
442 1024 64 13 inkomst
518 1028 19 9 av

85 1042 44 12 minst
140 1045 41 12 3,000
190 1042 58 12 kronor.

102 1059 49 13 Andra
160 1060 86 12 kammarens
254 1059 73 13 ledamöter
334 1060 26 12 äro
369 1063 30 12 230,
408 1059 43 13 valda
459 1059 23 13 för
489 1063 18 9 en
516 1059 21 13 tid

84 1081 19 9 av
111 1077 33 16 fyra
152 1077 21 16 år,
182 1077 63 13 räknade
253 1077 33 13 från
294 1077 27 13 och
330 1077 33 13 med
371 1077 57 16 januari
436 1078 61 12 månads
505 1078 33 12 bör-

84 1095 24 16 jan
119 1095 31 13 året
160 1096 33 11 näst
203 1094 37 14 efter
249 1095 29 15 det,
290 1095 45 13 under
345 1095 45 12 vilket
400 1095 39 13 valet
449 1095 44 13 skett.
509 1095 28 13 För

84 1113 41 12 dessa
131 1112 24 13 val
161 1114 16 11 är
182 1113 38 12 riket
225 1112 55 13 indelat
286 1112 4 13 i
297 1113 17 12 28
321 1113 84 16 valkretsar,
411 1116 31 10 som
448 1113 39 16 välja
493 1113 44 13 minst

84 1134 8 12 3
97 1130 100 16 riksdagsmän
202 1134 32 9 var.
248 1130 43 16 Varje
297 1130 63 13 valkrets
365 1130 36 13 skall
407 1130 42 13 alltså
454 1131 19 12 ha
478 1134 18 9 en
501 1131 36 13 folk-

84 1148 58 16 mängd,
152 1152 32 9 som
194 1148 4 13 i
208 1148 38 16 regel
255 1149 43 14 utgör
307 1147 30 16 3/z3
347 1152 19 9 av
376 1148 44 13 rikets
430 1148 107 13 invånarantal.

84 1166 51 12 Rikets
150 1166 73 15 indelning
238 1166 5 12 i
258 1166 81 12 valkretsar
353 1166 78 13 innehålles
446 1166 5 13 i
466 1166 71 16 vallagen.

84 1183 44 16 Varje
137 1183 24 13 län
171 1185 42 14 utgör
223 1187 17 9 en
250 1183 68 16 valkrets,
329 1185 41 11 utom
380 1182 78 17 Älvsborgs
468 1184 28 15 län,
506 1188 31 9 som

84 1202 16 12 är
112 1201 40 13 delat
165 1201 5 13 i
182 1205 8 9 2
203 1201 61 16 kretsar,
277 1201 72 16 varjämte
361 1201 64 16 följande
438 1202 48 12 städer
498 1202 39 12 bilda

84 1223 26 8 var
118 1219 22 13 sin
149 1219 68 13 valkrets:
227 1219 13 16 1)
249 1219 88 15 Stockholm,
347 1219 13 16 2)
370 1219 57 16 Malmö,
437 1219 100 16 Hälsingborg,

84 1237 94 13 Landskrona
184 1237 27 12 och
218 1237 46 15 Lund,
272 1237 12 16 3)
292 1237 77 16 Göteborg.
385 1237 29 13 Det
420 1237 41 13 antal
466 1237 71 16 riksdags-

84 1255 38 15 män,
132 1255 40 16 varje
181 1254 64 13 valkrets
254 1256 33 14 äger
295 1256 36 13 utse,
341 1255 78 13 fastställes
427 1255 23 13 för
454 1255 41 16 varje
500 1255 38 16 fyra-

84 1272 73 16 årsperiod
167 1276 19 9 av
197 1272 80 16 Konungen
288 1272 24 17 (K.
320 1273 44 15 kung.
374 1273 52 12 härom
436 1273 23 15 '"/5
470 1273 46 16 1928).

102 1290 50 13 Andra
162 1290 91 13 kammarens
263 1290 79 13 ledamöter
352 1291 58 15 åtnjuta
420 1294 56 9 samma
486 1292 51 11 ersätt-

83 1307 35 16 ning
131 1312 31 9 som
176 1308 51 13 Första
240 1308 95 13 kammarens.
349 1315 18 2 —
380 1308 57 13 Valrätt
451 1308 87 13 tillkommer

83 1329 44 9 envar
139 1326 53 12 svensk
200 1329 34 9 man
243 1326 27 13 och
279 1326 58 15 kvinna,
347 1330 31 9 som
386 1327 48 12 senast
444 1326 45 13 under
499 1328 39 11 näst-

83 1343 86 16 föregående
181 1343 84 13 kalenderår
278 1344 32 16 fyllt
324 1347 16 12 23
353 1344 21 15 år,
386 1344 37 13 dock
435 1344 13 16 ej
461 1344 33 15 den,
506 1348 31 9 som

83 1361 31 12 står
126 1361 46 13 under
184 1361 120 16 förmynderskap
316 1361 33 13 eller
361 1362 16 12 är
389 1361 4 13 i
403 1362 133 15 konkurstillstånd,

83 1379 13 15 ej
109 1378 43 13 heller
164 1379 32 15 den,
207 1382 31 9 som
245 1380 16 11 är
268 1383 19 8 av
294 1379 72 13 allmänna
373 1379 98 16 fattigvården
478 1380 59 12 omhän-

83 1396 69 16 dertagen
160 1396 23 13 för
191 1396 66 16 varaktig
265 1396 91 17 försörjning,
364 1397 33 13 eller
405 1397 32 15 den,
446 1401 30 9 som
485 1398 15 12 är
506 1397 31 13 från

83 1414 73 13 valrätten
167 1414 72 13 utesluten
249 1414 19 16 på
278 1415 46 15 grund
335 1418 18 9 av
363 1415 53 12 honom
426 1415 53 12 ådömd
489 1415 49 13 straff-

83 1432 60 15 påföljd,
153 1432 13 16 ej
175 1432 44 13 heller
228 1432 93 16 värnpliktig,
332 1436 30 9 som
372 1432 31 13 icke
412 1432 65 16 fullgjort
485 1433 18 13 de
513 1433 25 13 ho-

83 1453 35 9 nom
133 1451 10 11 t.
158 1453 13 9 o.
181 1453 19 10 m.
215 1450 74 15 utgången
302 1454 19 9 av
331 1450 97 13 sistförflutna
438 1450 100 14 kalenderåret

554 325 76 16 åliggande
644 325 159 16 värnpliktsövningar.
826 325 63 13 Valbara
900 326 26 12 äro
936 326 34 12 män
980 325 26 13 och

554 343 67 15 kvinnor,
629 347 30 9 som
667 344 27 15 äga
701 343 54 13 valrätt
761 343 39 13 inom
806 343 81 13 valkretsen
893 343 38 15 eller,
936 343 26 13 där
966 343 41 16 fråga

554 362 16 12 är
578 365 25 9 om
611 361 38 15 stad,
658 365 32 9 som
699 361 49 13 består
754 365 19 9 av
780 361 36 13 flera
823 361 85 16 valkretsar,
915 360 40 14 inom
960 361 46 16 någon

554 382 19 10 av
580 379 46 12 dessa.

572 396 28 13 Till
608 396 37 13 båda
653 396 77 13 kamrarna
738 396 26 13 ske
771 396 42 13 valen
821 396 33 13 med
862 396 110 16 proportionellt
977 396 31 13 val-

554 415 35 12 sätt.

572 432 77 13 Allmänna
657 432 25 13 val
691 431 22 13 till
721 432 50 12 Andra
780 432 83 13 kammaren
872 432 54 13 skedde
934 433 48 12 senast
992 432 15 12 år

555 450 40 15 1928,
603 449 41 13 vilka
652 450 24 12 val
684 449 37 15 gälla
729 449 23 13 för
760 449 68 16 perioden
837 453 96 12 1929—1932.

673 484 75 17 Första
762 484 122 18 kammaren.

694 520 115 18 Stockholms
820 521 48 17 stad.

636 549 125 22 (Mandattiden
774 550 49 22 utgår
835 550 19 17 år
868 550 58 22 1937.)

554 579 85 20 Klefbeck,
655 581 51 15 Ernst
718 581 66 19 Alarik,
797 581 78 21 Kyrkoh.
888 579 53 22 [713],
954 582 11 15 f.
980 582 28 17 66;

579 605 22 15 29
614 603 42 21 (adr.
669 603 112 21 Stockholm).

554 628 82 21 Trygger,
649 628 56 19 Ernst,
719 628 121 16 Univ.kansler
853 626 52 22 [716],
918 629 12 15 f.
944 627 27 20 57;
986 629 21 15 29

578 651 42 20 (adr.
634 650 111 21 Stockholm).

554 675 83 19 Stendahl,
656 676 45 19 Sten,
722 676 112 16 Grosshandl.
850 674 53 22 [968],
919 676 11 16 f.
945 675 27 20 76;
986 676 22 16 29

578 698 42 21 (adr.
634 697 111 22 Stockholm).

555 722 72 20 Lindley,
646 723 70 16 Charles
730 723 65 19 Gustaf,
809 723 28 16 Sv.
850 724 159 20 transportarbetar-

579 747 100 15 förbundets
698 747 143 19 förtroendeman,
860 747 12 16 f.
889 747 27 19 65;
931 747 22 15 29
966 745 42 21 (adr.

579 768 121 23 Äppelviken).

555 793 77 19 Forssell,
646 794 39 16 Carl
698 794 95 19 Abraham,
802 794 88 16 Professor
898 792 53 22 [723],
961 795 10 15 f.
981 794 28 18 81;

580 818 21 16 29
614 816 43 21 (adr.
671 815 112 22 Stockholm).

555 841 81 21 Hagman,
655 842 46 15 Emil
720 841 62 20 Oskar,
801 842 105 16 Kanslichef
922 839 29 23 [96
958 839 23 23 bl,
998 842 10 15 f.

580 866 27 18 80;
622 866 22 15 29
657 863 42 22 (adr.
712 863 100 21 Ulvsunda).

555 893 32 12 von
599 888 65 21 Sydow,
684 889 55 16 Adolf
755 889 83 21 Hjalmar,
852 890 42 15 Led.
907 895 21 10 av
941 890 68 15 Arbets-

580 912 48 17 rådet
640 911 40 22 [89],
693 913 12 16 f.
719 913 27 19 62;
761 913 22 16 29
795 911 42 21 (adr.
851 911 111 22 Stockholm).

555 936 76 21 Löfgren,
647 937 52 20 Jonas
718 937 50 18 Eliel,
788 937 80 15 Advokat
886 935 53 22 [194],
955 937 12 15 f.
981 935 27 20 72;

580 961 22 15 29
614 959 43 21 (adr.
670 958 112 22 Stockholm).

555 983 60 19 Ström,
634 984 40 16 Otto
693 984 78 19 Fredrik,
788 984 88 16 Redaktör
890 982 53 23 [501],
957 985 10 15 f.
981 984 28 17 80;

580 1008 22 16 29
615 1006 43 21 (adr.
671 1005 122 24 Äppelviken).

556 1031 81 19 Carlsson,
650 1032 45 19 Olof,
709 1032 42 16 Led.
765 1038 21 9 av
795 1030 164 22 Försäkringsrådet
967 1029 40 23 [91],

579 1056 11 15 f.
604 1054 28 20 72;
647 1055 21 16 30
681 1053 42 22 (adr.
736 1054 112 21 Stockholm).

555 1078 75 19 Nerman,
649 1080 51 18 Ture,
720 1079 32 16 Fil.
772 1079 28 19 K.,
816 1079 127 19 Skriftställare,
956 1080 11 15 f.
981 1079 28 18 86;

580 1103 22 16 30
614 1101 43 21 (adr.
670 1101 112 21 Stockholm).

555 1126 85 21 Branting,
659 1127 63 20 Georg,
740 1127 14 20 J.
774 1127 28 19 K.,
822 1127 85 19 Advokat,
920 1127 12 15 f.
945 1125 29 20 87;
987 1127 21 15 31

579 1149 42 21 (adr.
635 1148 113 22 Stockholm).

557 1188 129 24 [143—144]

604 1220 114 17 Stockholms
731 1220 32 17 län
776 1220 32 17 och
823 1220 84 22 Uppsala
920 1221 39 17 län.

636 1249 125 21 (Mandattiden
774 1250 49 22 utgår
835 1250 19 17 år
869 1249 57 23 1938.)

556 1280 62 19 Möller,
632 1281 44 15 Fritz
690 1281 69 18 Gustav,
769 1279 67 21 (förutv.
845 1279 88 21 Statsråd),
943 1282 67 15 Redak-

580 1306 31 17 tör,
625 1305 10 15 f.
650 1304 27 19 84;
692 1304 21 16 30
726 1302 42 22 (adr.
782 1303 111 21 Stockholm).

556 1328 57 18 Borell,
632 1329 42 15 Karl
694 1328 62 16 Gustaf
773 1329 85 18 Theodor,
872 1329 70 15 Hhövd.
955 1326 53 22 [216],

579 1352 12 15 f.
605 1352 28 19 69;
648 1352 21 16 30
682 1350 41 21 (adr.
737 1350 176 23 Saltsjö-Storängen).

556 1375 37 18 Leo,
606 1376 83 20 Henning
702 1376 81 19 Vilhelm,
798 1376 115 19 Sekreterare,
927 1375 12 16 f.
948 1376 28 19 85;
986 1376 22 16 30

579 1398 42 20 (adr.
636 1397 86 23 Lidingö).

555 1422 99 19 Wahlmark,
674 1423 39 16 Carl
732 1423 71 19 Primus,
820 1424 23 15 fd.
857 1424 89 20 Typograf
956 1421 53 23 [505],

579 1447 12 15 f.
605 1446 27 19 83;
647 1447 22 15 30
681 1444 42 22 (adr.
737 1445 86 22 Uppsala).

526 1494 34 15 146
