1052 1568
97 64 147 34 [142-143]

97 177 61 25 [142]

115 215 48 36 V.
214 215 289 48 Riksdagen,
535 216 110 37 dess
677 217 329 38 Ombudsmän

428 270 89 36 och
548 270 140 37 Verk.

248 347 144 28 Riksdagen.

114 389 66 16 Lagtima
193 389 59 16 riksdag
264 389 53 16 skall,
308 379 9 33 i
330 389 40 13 kraft
383 393 18 9 av
414 389 45 14 rikets
471 390 78 16 regerings-

94 406 42 17 form,
148 407 109 13 sammanträda
269 407 40 16 varje
321 407 16 13 år
348 407 28 13 den
389 411 17 10 10
417 407 57 17 januari
480 408 38 16 eller,
525 412 24 9 om

95 425 61 16 helgdag
163 425 18 13 då
189 425 73 16 inträffar,
269 425 45 16 dagen
322 425 68 13 därefter.

113 443 49 12 Första
174 443 87 13 kammarens
272 443 72 13 ledamöter
356 444 25 12 äro
393 446 26 13 150
430 443 27 13 och
469 443 47 17 väljas
526 444 22 13 för

94 460 33 13 åtta
136 460 21 16 år,
166 460 64 13 räknade
240 460 32 13 från
282 461 26 12 och
318 461 33 12 med
361 461 57 15 januari
427 461 61 13 månads
497 461 51 16 början

94 478 31 13 året
135 479 33 12 näst
177 478 37 13 efter
223 478 29 16 det,
262 478 46 13 under
317 478 45 13 vilket
373 478 38 13 valet
420 479 44 15 skett,
472 482 19 10 av
501 478 47 14 lands-
556 485 2 3 |

94 496 57 15 tingens
160 496 79 13 ledamöter
247 496 27 13 och
283 496 58 13 särskilt
350 496 61 13 utsedda
421 496 70 14 elektorer
500 496 22 14 för
530 497 18 13 de

93 514 54 15 städer,
156 517 31 9 som
197 514 13 16 ej
219 513 58 16 deltaga
286 514 4 12 i
300 514 77 16 landsting.
396 514 28 13 För
433 514 24 13 val
466 514 22 13 till
497 515 51 13 Första

93 531 84 13 kammaren
186 532 16 12 är
209 531 37 13 riket
254 531 55 13 indelat
317 531 4 13 i
330 535 17 12 19
355 531 85 14 valkretsar,
457 532 90 14 Stockholms

93 549 33 13 stad
134 549 27 13 och
170 549 80 16 Göteborgs
258 549 33 13 stad
300 551 51 14 utgöra
360 553 26 10 var
394 550 22 13 för
423 550 22 16 sig
453 554 17 9 en
479 550 68 14 valkrets,

93 567 52 13 Annan
154 567 38 16 stad,
202 571 31 9 som
242 567 12 16 ej
264 567 64 16 deltager
337 567 5 13 i
351 567 76 17 landsting,
438 568 48 13 tillhör
492 572 55 9 samma

92 585 65 13 valkrets
168 589 31 9 som
210 585 25 13 det
247 585 143 16 landstingsområde,
402 585 32 13 vari
445 586 51 13 staden
508 586 39 13 förut

92 602 53 16 ingått.
167 602 41 13 Flera
220 603 149 16 landstingsområden
381 603 50 13 kunna
442 604 105 13 sammanföras

92 620 5 13 i
110 624 18 9 en
141 620 69 16 valkrets;
223 624 33 9 men
269 621 13 16 ej
296 621 24 13 må
334 620 139 17 landstingsområde
486 621 39 13 delas
538 622 9 13 å

92 638 46 13 skilda
150 638 85 13 valkretsar.
256 638 93 16 Indelningen
361 638 5 13 i
377 639 81 13 valkretsar
469 639 78 13 innehålles

92 656 5 13 i
108 656 70 16 vallagen.
199 656 28 13 För
237 656 41 16 varje
289 656 64 13 valkrets
364 656 45 17 väljes
419 657 37 13 efter
467 657 79 16 folkmäng-

92 674 28 13 den
132 674 39 13 inom
182 674 32 13 dess
225 674 59 13 område
295 678 18 9 en
324 674 99 16 riksdagsman
435 674 22 13 för
468 676 33 12 vart
513 674 33 14 fullt

93 691 25 16 tal,
125 692 102 13 motsvarande
235 693 29 14 '/150
270 696 19 9 av
296 692 44 13 rikets
346 692 88 16 folkmängd.
444 692 102 14 Valkretsarna

91 709 55 14 indelas
153 710 5 12 i
165 710 32 13 åtta
204 713 67 13 grupper,
278 710 47 13 vilken
333 710 73 16 indelning
413 710 78 14 fastställes
504 710 5 14 i
516 711 30 13 val-

91 727 46 16 lagen.
156 728 43 16 Varje
208 728 15 12 år
231 728 46 13 under
284 728 82 16 september
374 728 53 13 månad
436 728 36 13 skall
480 728 40 14 inom
528 733 17 9 en

91 749 19 9 av
118 746 64 12 nämnda
190 749 62 13 grupper
261 745 69 14 förrättas
339 746 24 13 val
371 746 22 13 för
402 746 97 16 nästföljande
508 747 37 13 åtta-

91 763 77 16 årsperiod.
192 763 28 13 Det
234 763 40 13 antal
288 763 99 16 riksdagsmän
400 764 18 13 de
431 764 71 13 särskilda
516 764 29 13 val-

90 781 75 13 kretsarna
180 781 40 13 skola
235 783 32 11 utse
282 781 87 13 bestämmes
383 781 45 16 enligt
443 783 102 12 ovannämnda

90 802 42 10 norm
142 802 19 10 av
173 799 80 16 Konungen
264 800 33 12 vart
308 803 31 9 10:e
349 799 16 13 år
377 799 24 16 (K.
412 799 44 17 kung.
464 800 51 13 härom
523 799 21 16 "/;

91 817 46 16 1931).
160 817 70 13 Ledamot
244 821 18 9 av
275 817 52 13 Första
339 817 89 16 kammaren,
441 821 31 10 som
485 818 31 13 icke
529 819 16 12 är

90 834 49 13 bosatt
148 834 8 13 å
165 836 27 15 ort,
202 835 26 13 där
235 835 59 16 riksdag
302 834 49 17 hålles,
361 835 64 16 åtnjuter
433 839 19 9 av
460 836 85 13 statsmedel

89 852 94 13 resekostnad
195 852 21 13 till
227 853 27 12 och
264 852 33 13 från
308 853 76 16 riksdagen
395 854 38 12 samt
444 853 5 13 i
460 853 84 16 dagtrakta-

90 872 48 11 mente
151 874 17 12 32
181 870 27 16 kr.,
221 870 45 13 vilket
278 871 128 15 dagtraktamente
418 871 13 16 ej
444 871 22 13 får
472 872 72 15 överstiga

89 888 97 16 sammanlagt
197 891 41 13 4,500
249 888 23 13 kr.
292 889 52 13 Annan
355 889 64 13 ledamot
430 893 19 9 av
460 889 84 13 kammaren

89 906 53 13 undfår
149 906 5 13 i
161 906 126 15 dagtraktamente
295 910 17 12 24
320 906 27 16 kr.,
354 906 37 13 dock
398 907 96 16 sammanlagt
502 907 42 16 högst

90 927 41 12 3,400
139 924 23 12 kr.
180 924 75 16 Därjämte
265 925 33 15 äger
306 924 104 16 riksdagsman,
420 928 32 9 som
460 925 46 13 under
515 925 28 16 lag-

89 941 36 13 tima
135 941 58 16 riksdag
202 941 36 14 efter
248 942 64 16 beviljad
323 942 61 16 ledighet
394 942 60 13 besöker
463 943 80 16 hemorten,

88 960 24 12 att
121 963 19 9 av
148 960 84 12 statsmedel
241 960 45 13 undfå
294 960 81 16 ersättning
384 960 22 13 för
414 960 46 13 därav
468 960 75 14 föranledd

88 977 99 16 resekostnad,
201 977 37 13 dock
251 978 22 12 för
286 978 43 15 högst
342 982 8 9 2
364 982 38 9 resor
415 978 38 13 fram
466 979 27 12 och
507 978 36 14 åter.

89 995 63 13 Valbara
164 996 25 12 äro
200 996 34 12 män
246 996 27 12 och
286 995 62 13 kvinnor
359 999 31 10 som
402 996 33 16 fyllt
448 999 16 13 35
477 996 17 13 år
505 998 38 12 samt

88 1014 27 15 äga
125 1013 27 13 och
162 1013 44 13 minst
217 1017 8 12 3
236 1013 15 13 år
261 1013 30 13 före
301 1013 39 14 valet
351 1014 24 15 ägt
382 1013 74 17 fastighet,
464 1014 78 16 taxerings-

88 1031 71 13 värderad
168 1031 21 13 till
198 1031 88 13 åtminstone
295 1034 50 13 50,000
354 1031 21 13 kr.
384 1031 34 13 eller
426 1032 27 12 ock
463 1032 21 12 till
494 1033 48 12 staten

87 1048 50 13 skatta
149 1050 38 11 samt
199 1049 45 12 under
256 1049 44 16 sagda
312 1049 22 13 tid
345 1049 57 13 skattat
413 1049 23 13 för
447 1049 64 14 inkomst
523 1054 19 9 av

88 1066 45 13 minst
144 1070 40 12 3,000
194 1066 58 13 kronor.

106 1084 49 13 Andra
163 1084 87 13 kammarens
258 1084 73 14 ledamöter
338 1085 26 13 äro
372 1088 31 13 230,
412 1085 43 13 valda
463 1085 23 13 för
493 1089 18 9 en
520 1085 21 13 tid

88 1105 18 9 av
115 1102 32 16 fyra
156 1102 21 16 år,
185 1102 64 13 räknade
257 1102 32 13 från
298 1102 27 13 och
333 1102 34 13 med
375 1102 58 17 januari
440 1103 61 13 månads
509 1103 33 13 bör-

87 1119 25 17 jan
123 1120 30 13 året
164 1121 33 12 näst
207 1120 36 13 efter
253 1120 29 16 det,
293 1120 46 14 under
349 1120 44 13 vilket
404 1121 39 13 valet
453 1121 44 13 skett.
513 1121 28 13 För

87 1137 41 13 dessa
134 1137 24 14 val
164 1139 16 12 är
186 1138 37 13 riket
229 1138 54 13 indelat
289 1138 5 13 i
301 1138 16 13 28
324 1138 85 16 valkretsar,
415 1142 31 10 som
452 1139 39 16 välja
496 1139 45 13 minst

87 1159 8 12 3
100 1155 100 16 riksdagsmän
205 1160 32 9 var.
251 1156 44 16 Varje
300 1156 64 13 valkrets
369 1156 36 13 skall
410 1156 42 14 alltså
457 1157 19 13 ha
482 1161 17 9 en
505 1157 36 13 folk-

86 1174 58 15 mängd,
155 1177 32 9 som
196 1173 5 13 i
211 1173 38 16 regel
258 1175 43 14 utgör
310 1173 31 16 3/23
350 1178 19 9 av
379 1174 45 13 rikets
434 1174 106 14 invånarantal.

87 1191 51 13 Rikets
153 1191 73 16 indelning
241 1191 5 13 i
261 1191 81 14 valkretsar
356 1192 78 13 innehålles
449 1192 5 13 i
469 1192 71 17 vallagen.

86 1209 44 16 Varje
140 1208 23 14 län
173 1211 43 14 utgör
225 1213 18 9 en
252 1209 69 16 valkrets,
331 1211 41 12 utom
383 1208 78 18 Älvsborgs
471 1210 28 16 län,
509 1214 31 10 som

86 1228 16 12 är
114 1226 40 14 delat
166 1227 5 13 i
184 1231 8 9 2
206 1227 60 16 kretsar,
280 1227 71 16 varjämte
364 1228 63 16 följande
440 1229 49 12 städer
501 1228 39 14 bilda

85 1248 27 9 var
120 1244 21 14 sin
151 1244 68 14 valkrets:
229 1245 13 16 1)
252 1245 87 16 Stockholm,
349 1245 13 17 2)
372 1245 58 17 Malmö,
440 1246 100 16 Hälsingborg,

85 1262 95 14 Landskrona
186 1263 26 13 och
219 1263 47 16 Lund,
273 1263 13 16 3)
294 1263 77 16 Göteborg.
387 1264 29 13 Det
422 1263 41 14 antal
469 1264 71 16 riksdags-

85 1281 39 15 män,
134 1280 40 17 varje
183 1280 63 14 valkrets
255 1282 34 14 äger
297 1282 36 14 utse,
343 1281 78 14 fastställes
429 1281 23 13 för
456 1282 41 16 varje
501 1282 39 16 fyra-

85 1298 74 16 årsperiod
169 1302 18 9 av
198 1298 80 16 Konungen
290 1299 24 16 (K.
322 1299 44 16 kung.
376 1300 52 12 härom
437 1299 24 16 21/s
471 1300 47 16 1932).

103 1316 50 13 Andra
163 1316 91 13 kammarens
264 1316 80 14 ledamöter
354 1317 58 16 åtnjuta
422 1321 55 9 samma
488 1319 51 12 ersätt-

84 1333 35 16 ning
132 1337 31 9 som
177 1334 51 13 Första
241 1334 96 13 kammarens.
350 1341 18 3 —
381 1334 58 14 Valrätt
453 1335 86 13 tillkommer

84 1351 44 13 envaf
140 1351 53 13 svensk
202 1355 33 9 man
244 1352 27 12 och
281 1352 58 16 kvinna,
348 1356 31 9 som
388 1354 48 11 senast
445 1353 45 13 under
500 1354 39 12 näst-

84 1368 86 16 föregående
182 1369 84 13 kalenderår
279 1369 32 17 fyllt
324 1373 17 12 23
354 1370 21 15 år,
387 1370 37 13 dock
437 1370 13 16 ej
463 1371 32 15 den,
508 1374 31 10 som

83 1386 31 13 står
127 1387 45 12 under
184 1387 120 16 förmynderskap
317 1387 33 13 eller
362 1389 16 11 är
390 1388 5 12 i
404 1388 134 16 konkurstillstånd,

84 1404 13 16 ej
109 1404 44 13 heller
164 1404 33 16 den,
207 1408 31 9 som
245 1405 17 12 är
268 1408 19 10 av
294 1405 73 13 allmänna
374 1405 98 16 fattigvården
479 1406 60 13 omhän-

83 1421 69 17 dertagen
161 1422 22 13 för
191 1422 67 16 varaktig
265 1422 91 17 försörjning,
365 1423 33 13 eller
406 1423 32 16 den,
447 1427 31 9 som
486 1425 15 12 är
507 1424 31 13 från

83 1439 73 13 valrätten
166 1440 72 13 utesluten
249 1440 19 16 på
278 1441 47 15 grund
335 1444 19 9 av
364 1441 53 13 honom
427 1441 53 13 ådömd
490 1442 49 13 straff-

82 1457 61 17 påföljd,
153 1457 13 17 ej
174 1457 45 14 heller
227 1458 95 16 värnpliktig,
332 1462 31 10 som
372 1458 32 14 icke
413 1459 65 16 fullgjort
486 1460 18 12 de
513 1460 25 13 ho-

82 1479 35 9 nom
132 1477 11 11 t.
157 1479 13 9 o.
181 1480 19 9 m.
214 1476 75 16 utgången
289 1466 29 30 av
331 1476 98 14 sistförflutna
438 1477 100 14 kalenderåret

558 355 1 3 |
568 348 76 17 åliggande
657 349 159 16 värnpliktsövningar.
840 350 62 13 Valbara
913 351 26 12 äro
950 351 34 12 män
994 350 27 14 och

568 366 67 17 kvinnor,
641 370 32 10 som
680 368 27 15 äga
714 367 55 13 valrätt
774 367 39 14 inom
819 368 81 13 valkretsen
906 368 38 16 eller,
949 368 27 13 där
980 368 41 16 fråga

567 385 17 12 är
592 388 24 9 om
624 385 38 16 stad,
672 389 31 9 som
712 385 49 13 består
767 389 19 9 av
793 385 36 14 flera
836 386 86 16 valkretsar,
928 386 40 13 inom
973 386 48 16 någon

567 406 19 9 av
593 403 46 12 dessa.

585 420 27 13 Till
621 420 38 13 båda
666 420 77 14 kamrarna
750 421 26 13 ske
784 421 42 13 valen
834 421 33 13 med
874 421 111 17 proportionellt
990 421 31 14 val-

567 439 35 12 sätt.

585 456 77 13 Allmänna
670 456 25 13 val
704 456 21 13 till
734 457 49 13 Andra
792 457 84 13 kammaren
885 457 53 13 skedde
947 459 49 12 senast
1005 458 16 13 år

568 477 40 12 1932,
617 473 39 13 vilka
664 473 25 14 val
696 474 38 16 gälla
742 474 22 13 för
772 474 68 16 perioden
850 476 96 15 1933—1936.

685 526 75 18 Första
773 527 122 18 kammaren.

704 563 115 18 Stockholms
831 564 47 18 stad.

647 592 124 21 (Mandattiden
785 593 48 22 utgår
846 594 18 17 år
879 593 57 23 1937.)

565 627 84 20 Klefbeck,
666 629 51 16 Ernst
729 630 65 19 Alarik,
808 630 77 21 Kyrkoh.
899 628 52 23 [713],
965 631 11 16 f.
990 631 28 18 66;

589 653 22 15 29
624 651 42 21 (adr.
680 652 111 21 Stockholm).

554 687 2 9 |
564 675 82 22 Trygger,
660 677 55 19 Ernst,
729 678 121 16 Univ.kansler
862 676 53 22 [716],
928 679 11 15 f.
954 677 28 21 57;
996 679 22 15 29

588 699 42 21 (adr.
657 699 98 22 Stockholm).

564 723 82 20 Stendahl,
665 725 46 19 Sten,
731 725 113 16 Grosshandl.
859 723 53 23 [968],

587 746 42 21 (adr.
643 747 111 21 Stockholm).

563 771 73 20 Lindley,
654 772 71 16 Charles
739 773 65 19 Gustaf,
818 773 27 16 Sv.
859 774 159 20 transportarbetar-

587 796 100 16 förbundets
706 797 143 19 förtroendeman,
869 798 11 15 f.
897 797 28 19 65;
940 798 22 15 29
975 796 42 21 (adr.

587 816 120 24 Äppelviken).

562 842 78 20 Forssell,
653 844 40 16 Carl
705 844 94 20 Abraham,
808 845 88 16 Professor
904 843 53 22 [723],
967 846 10 15 f.
987 845 28 20 81;

587 868 21 15 29
621 865 43 22 (adr.
678 866 111 21 Stockholm).

562 890 80 21 Hagman,
662 892 45 15 Emil
726 892 62 19 Oskar,
808 892 104 17 Kanslichef
928 890 29 23 [96
964 891 23 22 b],
1003 894 12 15 f.

586 915 28 18 80;
628 915 22 15 29
663 913 42 21 (adr.
718 914 100 20 Ulvsunda).

562 938 75 21 Löfgren,
653 939 52 21 Jonas
724 939 50 19 Eliel,
794 940 80 16 Advokat
892 938 53 22 [194],
961 941 12 15 f.
987 939 27 21 72;

586 963 22 15 29
620 961 42 22 (adr.
676 962 111 21 Stockholm).

561 985 59 20 Ström,
640 987 48 23 Otto
699 987 77 20 Fredrik,
793 988 88 15 Redaktör
895 986 53 23 [501],
962 989 10 15 f.
986 988 28 20 80;

585 1010 22 16 29
620 1009 43 21 (adr.
676 1009 122 23 Äppelviken).

560 1033 82 19 Carlsson,
655 1034 45 19 Olof,
714 1035 42 16 Led.
770 1041 20 10 av
800 1035 164 21 Försäkringsrådet
973 1034 40 22 [91],

583 1058 12 15 f.
609 1056 27 21 72;
651 1058 22 16 30
685 1056 42 21 (adr.
741 1057 112 22 Stockholm).

559 1080 76 20 Nerman,
654 1082 50 20 Ture,
724 1082 32 17 Fil.
776 1083 28 19 K.,
819 1083 128 20 Skriftställare,
960 1084 11 15 f.
985 1083 28 20 86;

584 1106 22 16 30
618 1104 43 21 (adr.
675 1105 111 21 Stockholm).

559 1128 85 22 Branting,
663 1130 63 21 Georg,
744 1130 14 21 J.
777 1131 28 19 K.,
825 1131 85 20 Advokat,
924 1132 11 15 f.
949 1130 27 20 87;
991 1131 21 16 31

583 1151 42 22 (adr.
639 1152 112 22 Stockholm).

559 1176 62 21 Bagge,
636 1177 53 16 Gösta
702 1178 57 19 Adolf,
773 1178 88 16 Professor
869 1176 52 23 [721],
931 1179 11 16 f.
952 1179 28 19 82;
990 1179 22 16 32

582 1200 42 21 (adr.
638 1200 111 21 Stockholm).

928 726 12 16 f.
954 725 28 20 76;
996 727 22 15 29

559 1257 129 25 [143—144]

606 1289 114 18 Stockholms
733 1290 32 17 län
778 1290 31 18 och
826 1291 83 22 Uppsala
921 1291 39 18 län.

638 1318 124 22 (Mandattiden
776 1320 49 22 utgår
837 1320 18 17 år
870 1320 57 22 1938.)

557 1354 63 19 Möller,
637 1356 45 15 Fritz
696 1356 69 19 Gustav,
779 1355 75 17 Statsråd
867 1354 40 23 [52],
920 1358 12 15 f.
946 1357 28 19 84;
988 1357 22 17 30

580 1377 42 21 (adr.
636 1378 112 21 Stockholm).

557 1402 57 18 Borell,
633 1403 43 15 Karl
695 1403 62 16 Gustaf
774 1404 85 19 Theodor,
873 1404 70 16 Hhövd.
956 1402 53 22 [216],

580 1426 11 16 f.
606 1426 27 19 69;
648 1426 22 16 30
682 1424 42 22 (adr.
738 1426 175 22 Saltsjö-Storängen).

556 1449 99 19 Wahlmark,
674 1450 39 16 Carl
729 1451 71 19 Primus,
813 1452 23 15 fd.
850 1452 92 20 Typograf,
955 1452 12 16 f.
981 1452 27 19 83;

581 1474 22 15 30
616 1471 42 22 (adr.
672 1472 86 23 Uppsala).

527 1521 34 15 148
