1070 1574
96 208 62 25 [148]

499 68 115 22 Riksdagen.

113 254 48 34 V.
211 252 288 47 Riksdagen,
531 252 110 36 dess
673 251 326 37 Ombudsmän

427 311 88 37 och
546 311 138 36 Verk.

246 395 144 28 Riksdagen.

112 444 82 16 Riksdagen
203 443 43 16 skall,
255 444 4 12 i
267 444 40 12 kraft
313 448 19 8 av
338 444 45 12 rikets
389 444 115 15 regeringsform,
510 447 37 9 sam-
553 433 1 17 |

94 462 76 12 manträda
181 462 40 15 varje
231 462 17 12 år
257 462 27 12 den
297 465 16 9 10
324 462 56 14 januari
386 462 39 13 eller,
431 465 23 9 om
462 461 59 16 helgdag
528 461 19 12 då

93 480 74 15 inträffar,
175 480 46 15 dagen
229 480 68 12 därefter.
308 479 80 16 Riksdagen
398 479 35 13 skall
440 483 34 9 vara
480 479 67 12 avslutad

94 498 28 12 den
131 501 16 12 31
158 497 79 13 december.
254 501 33 12 1949
299 497 91 13 avskaffades
400 497 79 16 begreppen
487 496 60 17 lagtima

93 516 26 12 och
134 516 53 12 urtima
200 515 57 16 riksdag
271 516 26 12 och
311 516 61 12 ersattes
385 519 19 9 av
416 515 83 15 vårsession,
509 515 39 12 höst-

93 533 54 13 session
156 534 26 12 och
191 534 41 12 extra
242 533 57 13 session.
309 533 100 12 Vårsessionen
417 533 36 12 skall
459 533 5 12 i
470 532 36 16 regel
513 536 34 9 vara

94 552 67 12 avslutad
170 551 28 13 den
208 555 16 12 31
235 551 34 15 maj.

112 572 49 13 Första
173 572 86 12 kammarens
270 572 74 12 ledamöter
355 573 25 11 äro
393 575 25 12 150
429 572 27 12 och
468 571 46 16 väljas
526 571 22 13 för

94 590 32 15 åtta
136 590 21 16 år,
166 590 64 13 räknade
239 590 32 12 från
281 590 27 12 och
318 590 32 12 med
360 589 58 17 januari
426 589 61 13 månads
496 589 51 16 början

94 608 31 12 året
134 609 33 12 näst
176 608 37 12 efter
221 608 31 15 det,
261 608 46 12 under
315 608 47 12 vilket
372 607 38 13 valet
419 608 45 15 skett,
473 611 18 9 av
500 607 48 13 lands-

95 626 48 15 tingen
157 626 27 12 och
197 625 132 16 stadsfullmäktige
342 625 4 13 i
359 625 18 13 de
390 625 54 16 städer,
455 629 31 9 som
487 615 24 33 ej
511 625 37 16 del-

94 645 33 14 taga
140 643 4 13 i
160 643 79 16 landsting.
257 643 27 13 För
298 643 23 13 val
334 643 23 13 till
369 643 51 13 Första
435 643 83 13 kammaren
532 644 16 11 är

93 662 38 12 riket
144 661 55 13 indelat
213 661 4 13 i
232 665 16 12 19
261 661 87 13 valkretsar.
370 661 92 13 Stockholms
475 661 33 13 stad
521 661 27 12 och

94 680 81 15 Göteborgs
187 679 33 13 stad
233 680 51 14 utgöra
297 683 27 9 var
335 679 23 12 för
370 679 21 15 sig
404 683 17 9 en
432 679 69 12 valkrets.
519 679 29 12 An-

94 701 28 9 nan
135 697 39 16 stad,
187 701 32 9 som
231 697 13 16 ej
258 697 65 15 deltager
334 697 3 12 i
348 697 78 15 landsting,
435 697 50 12 tillhör
492 700 56 9 samma

94 715 64 13 valkrets
169 719 30 9 som
211 715 25 12 det
247 715 145 15 landstingsområde,
403 715 32 12 vari
446 715 51 12 staden
508 714 40 13 förut

93 733 53 16 ingått.
168 732 94 16 Indelningen
279 732 4 13 i
300 733 81 12 valkretsar
396 732 79 13 innehålles
493 732 5 13 i
518 732 30 13 val-

94 751 46 15 lagen.
157 751 28 12 För
200 751 41 16 varje
256 750 65 13 valkrets
337 750 45 16 väljes
398 751 37 12 efter
445 750 103 16 folkmängden

93 769 40 12 inom
147 769 32 12 dess
190 769 60 12 område
261 772 17 9 en
289 768 100 16 riksdagsman
401 768 23 13 för
434 770 34 11 vart
479 768 34 13 fullt
523 768 26 15 tal,

94 787 102 12 motsvarande
209 786 29 16 !/1so
251 790 18 9 av
280 786 46 13 rikets
338 786 89 16 folkmängd.
446 786 102 13 Valkretsarna

93 805 56 12 indelas
156 804 5 13 i
169 805 31 12 åtta
208 808 68 12 grupper,
283 804 48 13 vilken
339 804 74 16 indelning
420 804 79 13 fastställes
506 804 5 13 i
519 804 30 13 val-

94 822 47 16 lagen.
156 823 43 15 Varje
212 822 16 13 år
241 822 46 13 under
299 822 60 13 oktober
372 822 53 13 månad
438 822 37 13 skall
482 822 40 13 inom
531 826 17 9 en

94 844 18 9 av
121 841 64 12 nämnda
193 844 63 13 grupper
263 840 70 13 förrättas
342 840 24 13 val
374 840 23 13 för
405 840 97 16 nästföljande
511 840 37 13 åtta-

94 858 78 16 årsperiod.
192 858 28 13 Det
234 858 41 13 antal
287 858 100 16 riksdagsmän
402 858 17 13 de
433 858 72 13 särskilda
519 858 30 13 val-

94 877 76 12 kretsarna
184 876 41 13 skola
240 878 31 11 utse
286 876 87 13 bestämmes
387 876 45 15 enligt
446 876 103 13 ovannämnda

94 898 41 9 norm
145 898 19 9 av
175 894 81 16 Konungen
267 895 34 12 vart
312 898 30 9 10:e
353 894 16 13 år
379 894 25 15 (K.
415 894 43 16 kung.
468 894 47 13 härom
525 883 24 34 2/s

96 912 46 16 1952).
161 912 64 13 Valbara
239 913 25 12 äro
277 912 5 12 i
294 912 112 13 kommunernas
419 912 74 13 allmänna
507 916 42 11 ange-

94 930 84 15 lägenheter
186 930 123 16 röstberättigade
318 931 34 11 män
362 930 26 12 och
398 930 68 15 kvinnor,
476 934 31 9 som
513 934 43 12 upp-

94 948 33 13 nått
137 951 17 12 23
165 948 23 12 års
198 948 45 13 ålder.

112 966 49 13 Andra
175 966 87 12 kammarens
276 965 73 13 ledamöter
361 965 40 13 skola
414 965 22 13 till
449 965 55 13 antalet
515 969 34 9 vara

94 988 27 11 230
133 984 33 12 eller
178 984 25 12 det
212 984 43 16 högre
264 984 20 12 tal
293 987 31 9 som
333 983 79 13 föranledes
421 987 19 9 av
449 983 86 16 stadgandet
544 983 5 13 i

95 1005 16 12 13
122 1002 6 15 $
142 1005 8 12 3
160 1005 43 9 mom.
217 1001 147 16 riksdagsordningen,
378 1002 43 12 valda
434 1001 22 13 för
469 1005 17 9 en
500 1002 21 12 tid
531 1005 18 9 av

93 1019 33 16 fyra
140 1019 21 16 år,
174 1020 64 12 räknade
250 1019 32 13 från
295 1020 27 12 och
336 1019 33 13 med
382 1019 58 16 januari
448 1019 60 13 månads
517 1019 33 13 bör-

93 1037 25 16 jan
129 1037 31 13 året
170 1039 34 11 näst
214 1037 37 13 efter
260 1037 30 16 det,
301 1037 46 13 under
356 1037 46 13 vilket
413 1037 38 13 valet
461 1037 45 13 skett.
522 1037 28 13 För

93 1056 42 12 dessa
142 1055 24 13 val
165 1051 23 25 är
194 1055 39 13 riket
240 1055 54 13 indelat
302 1055 4 12 i
314 1055 16 12 28
338 1055 86 13 valkretsar.
437 1055 28 13 För
471 1055 41 16 varje
519 1055 30 13 val-

94 1073 39 13 krets
139 1073 46 16 väljes
191 1073 37 13 efter
233 1073 102 15 folkmängden
341 1073 40 12 inom
387 1073 32 12 dess
425 1073 59 12 område
490 1077 17 8 en
513 1073 36 12 riks-

93 1091 70 15 dagsman
158 1083 31 30 för
188 1083 32 30 vart
232 1091 33 12 fullt
271 1091 25 15 tal,
301 1091 102 12 motsvarande
407 1090 29 16 !/230
441 1091 67 12 avrikets
513 1091 36 13 folk-

94 1109 58 15 mängd.
168 1109 51 12 Rikets
228 1109 73 15 indelning
311 1108 5 13 i
326 1108 81 13 valkretsar
416 1109 79 12 innehålles
505 1108 4 13 i
520 1109 30 12 val-

94 1127 46 15 lagen.
154 1127 43 15 Varje
204 1126 23 13 län
235 1128 43 14 utgör
284 1130 17 9 en
309 1126 70 16 valkrets,
386 1128 41 11 utom
436 1124 77 18 Älvsborgs
521 1126 28 16 län,

93 1148 32 9 som
133 1145 16 12 är
156 1144 40 13 delat
204 1144 3 13 i
217 1148 7 9 2
232 1144 62 16 kretsar,
302 1144 72 16 varjämte
382 1144 63 16 följande
453 1144 49 13 städer
510 1144 39 13 bilda

94 1166 27 9 var
128 1162 21 13 sin
158 1162 70 13 valkrets:
238 1163 11 15 1)
259 1162 90 16 Stockholm,
357 1163 13 15 2)
380 1162 59 16 Malmö,
448 1162 101 16 Hälsingborg,

94 1180 95 13 Landskrona
200 1180 27 13 och
240 1180 46 16 Lund,
299 1180 13 16 3)
325 1180 78 16 Göteborg.
421 1180 28 13 Det
461 1180 41 13 antal
512 1180 37 13 riks-

94 1199 75 15 dagsmän,
178 1198 41 16 varje
228 1198 64 13 valkrets
301 1199 34 15 äger
344 1200 37 14 utse,
390 1198 78 13 fastställes
478 1198 23 13 för
509 1199 40 15 varje

94 1216 107 16 fyraårsperiod
210 1220 19 9 av
237 1216 79 16 Konungen
327 1216 25 16 (K.
361 1217 43 15 kung.
414 1216 50 13 härom
471 1215 26 16 ?/;
504 1217 45 15 1952).

94 1234 58 13 Valrätt
162 1234 88 13 tillkommer
259 1238 45 9 envar
312 1234 53 13 svensk
374 1238 33 9 man
416 1234 27 13 och
452 1234 59 15 kvinna,
518 1238 31 9 som

93 1254 50 11 senast
152 1252 46 13 under
206 1252 119 16 nästföregående
332 1252 85 13 kalenderår
423 1252 33 16 fyllt
463 1256 16 9 21
486 1252 21 15 år,
512 1252 38 13 dock

94 1270 14 16 ej
115 1270 33 15 den,
155 1274 31 8 som
193 1270 31 13 står
230 1270 46 12 under
282 1270 125 16 förmynderskap.
417 1270 63 13 Valbara
485 1271 25 12 äro
515 1274 34 9 män

94 1288 26 13 och
131 1287 68 16 kvinnor,
209 1292 31 9 som
250 1288 64 16 uppnått
324 1292 17 12 23
352 1288 23 13 års
385 1288 40 13 ålder
434 1289 38 12 samt
482 1289 27 14 äga
520 1288 29 13 val-

94 1307 31 11 rätt
135 1305 40 13 inom
185 1306 82 12 valkretsen
278 1306 40 15 eller,
328 1306 27 12 där
364 1306 40 15 fråga
414 1307 17 11 är
440 1310 24 8 om
461 1298 51 30 stad,
518 1310 31 9 som

94 1324 50 12 består
154 1327 18 9 av
182 1323 36 13 flera
228 1324 87 15 valkretsar,
324 1324 39 12 inom
373 1324 47 15 någon
430 1327 19 9 av
459 1324 46 12 dessa.

112 1341 54 13 Genom
177 1345 16 8 en
204 1341 16 13 år
231 1345 32 12 1941
274 1342 73 15 företagen
358 1342 62 15 ändring
430 1342 4 12 i
436 1331 8 30 $
441 1342 30 15 30
477 1341 72 16 riksdags-

94 1359 79 15 ordningen
187 1359 27 13 har
228 1359 76 16 möjlighet
320 1359 54 13 beretts
390 1361 22 11 att
428 1359 25 13 vid
468 1359 33 16 krig
515 1359 35 12 eller

94 1377 70 15 krigsfara
174 1377 79 16 uppskjuta
264 1377 23 12 val
299 1377 24 12 till
331 1377 81 16 riksdagen,
422 1376 41 14 såväl
472 1377 24 13 till
504 1377 45 13 första

94 1398 30 9 som
135 1394 45 13 andra
189 1395 88 12 kammaren.

112 1412 92 13 Gemensamt
214 1413 22 12 för
245 1413 37 12 båda
292 1413 85 12 kamrarnas
385 1412 80 13 ledamöter
462 1405 59 30 gäller,
527 1405 22 30 att

93 1430 203 16 riksdagsmannabefattning
308 1431 27 12 kan
347 1432 52 11 utövas
408 1430 51 13 endast
469 1434 19 9 av
496 1430 53 13 svensk

94 1448 99 15 medborgare.

113 1465 29 13 Till
156 1466 38 12 båda
208 1466 77 12 kamrarna
299 1466 25 12 ske
338 1466 42 13 valen
394 1466 33 13 med
439 1466 111 16 proportionellt

96 1483 61 13 valsätt.

539 1526 9 13 -

581 395 77 13 Allmänna
666 395 24 13 val
699 395 24 13 till
730 395 50 13 Andra
789 396 84 12 kammaren
882 396 54 13 skedde
944 397 50 12 senast
1001 395 16 13 år

564 417 40 13 1952,
613 414 23 12 för
645 414 68 16 perioden
724 414 95 16 1953—1956.

581 432 93 13 Beträffande
678 432 97 15 ersättningen
781 433 22 11 för
809 431 209 16 riksdagsmannauppdragets

553 452 1 8 |
563 449 90 16 fullgörande
662 450 37 12 hava
709 450 108 13 bestämmelser
825 450 44 15 givits
877 449 3 13 i
887 453 17 9 en
911 453 19 9 av
936 450 80 14 Konungen

563 468 26 12 och
598 468 75 15 riksdagen
684 468 16 12 år
707 471 33 12 1941
749 467 62 13 samfällt
820 467 65 13 beslutad
892 467 51 15 stadga
951 468 22 13 (21
980 467 37 13 febr.

564 489 33 12 1941
612 485 33 13 med
658 485 40 13 ändr.
713 486 48 12 senast
776 485 45 16 1954).
838 485 105 15 Riksdagsman
952 484 67 16 åtnjuter

563 503 53 13 arvode
631 503 33 13 från
680 503 27 13 och
721 503 32 13 med
767 503 28 13 den
809 503 33 16 dag,
856 502 19 13 då
889 503 29 12 han
929 504 41 14 tager
979 503 38 15 plats

563 521 4 12 i
581 521 76 16 riksdagen
671 521 22 13 till
705 521 27 13 och
742 521 32 13 med
784 521 28 13 den
821 521 32 15 dag,
863 521 19 12 då
891 521 125 15 riksdagsmanna-

564 539 79 16 uppdraget
653 539 60 16 upphör.
724 539 64 13 Arvodet
797 539 57 15 utgöres
860 542 18 9 av
885 538 98 16 grundarvode
990 538 27 13 och

564 556 150 16 kostnadsersättning.
728 556 102 13 Grundarvode
844 556 42 16 utgår
899 556 33 13 med
946 560 40 12 9,000
996 556 21 13 kr.

554 573 1 13 |
563 574 22 13 för
598 574 20 13 år.
634 574 152 16 Kostnadsersättning
798 574 42 16 utgår
849 574 32 13 med
891 577 40 13 3,000
940 574 21 13 kr.
971 574 22 12 för
1002 574 16 12 år

553 590 2 17 |
563 596 24 9 om
600 592 97 16 riksdagsman
711 593 16 12 är
739 592 48 13 bosatt
796 592 39 13 inom
844 593 23 12 ort
876 592 26 12 där
910 592 58 16 riksdag
974 591 44 13 hålles

563 611 37 12 samt
614 610 40 16 eljest
668 610 32 13 med
715 611 40 15 8,000
768 610 22 13 kr.
804 610 22 13 för
835 610 20 12 år.
872 610 105 15 Riksdagsman
984 611 34 14 äger

564 628 18 16 på
595 628 25 13 det
632 628 81 12 allmännas
726 628 81 13 bekostnad
817 628 64 15 företaga
891 631 39 9 resor
939 628 8 12 å
957 627 60 16 statliga

554 648 1 4 |
563 646 27 12 och
604 646 67 12 enskilda
681 646 82 16 järnvägar.
780 646 111 15 Riksdagsman,
901 649 31 9 som
943 646 2 2 är
967 645 50 13 bosatt

564 663 8 13 å
582 667 47 9 annan
639 665 23 11 ort
672 664 18 12 än
701 664 27 12 där
737 664 76 15 riksdagen
824 663 51 16 kålles,
885 664 33 15 äger
927 663 56 16 jämväl
992 663 26 13 vid

564 682 93 15 begagnande
669 685 19 9 av
701 683 45 11 annat
758 681 80 13 färdmedel
850 682 19 12 än
881 681 5 12 i
899 681 46 12 första
959 681 58 16 stycket

554 703 1 6 |
564 701 39 14 sagts
617 699 19 16 på
650 699 25 13 det
687 699 81 13 allmännas
781 699 81 13 bekostnad
874 702 31 9 resa
915 698 24 13 till
948 699 27 12 och
985 699 32 12 från

563 717 77 16 riksdagen
652 718 39 12 samt
702 717 46 13 under
756 717 83 13 sessionstid
848 716 52 14 mellan
910 717 108 15 riksdagsorten

554 735 1 8 |
564 735 26 13 och
600 735 80 13 hemorten.

582 753 108 16 Riksdagsman,
701 756 30 9 som
741 752 55 13 tillhört
804 752 75 16 riksdagen
889 752 44 13 minst
942 752 8 13 8
959 752 20 16 år,
986 753 33 15 äger

564 772 30 12 rätt
604 771 21 12 till
634 771 63 16 pension,
707 774 15 9 se
731 770 22 13 SF
762 769 55 17 464/47,
830 770 47 16 507/51
887 774 14 9 o.
911 769 56 16 788/51.

583 789 87 12 Kamrarnas
681 788 53 13 talmän
743 788 55 13 erhålla
806 788 173 17 representationsbidrag
984 788 34 13 med

564 807 42 16 högst
615 810 42 12 5,000
667 807 21 12 kr.
697 806 22 13 för
728 806 20 13 år.

680 873 71 16 Första
763 873 132 16 kammaren.

705 907 114 18 Stockholms
831 908 46 17 stad.

555 948 1 5 |
647 940 124 22 (Mandattiden
785 940 47 22 utgår
845 940 19 17 år
878 940 57 21 1961.)

564 977 82 21 Bergvall,
660 978 45 20 John
722 977 77 19 Helmer,
817 978 23 15 fd.
854 976 96 22 Borgarråd
963 975 55 23 [501],

555 1003 1 9 |
592 1002 79 18 Talman,
685 1002 11 15 f.
710 1002 27 16 92;
751 1002 23 15 54
786 999 43 22 (adr.
842 999 114 21 Stockholm).

564 1024 66 20 Strand,
652 1026 44 15 Axel
717 1025 87 19 Wilhelm,
827 1025 191 21 Riksgäldsfullmäktig

588 1047 53 22 [211],
659 1050 59 15 Förste
735 1050 34 15 vice
786 1050 71 18 talman,
874 1049 10 16 f.
898 1049 28 19 93;
940 1050 23 15 54
975 1047 43 22 (adr.

555 1064 1 30 |
589 1071 112 21 Stockholm).

555 1096 1 26 |
564 1092 81 34 Englund,
664 1097 42 15 Erik
724 1097 89 19 Wilhelm,
830 1096 32 16 Fil.
875 1097 28 19 D.,
919 1097 15 20 J.
947 1097 17 15 K.

555 1123 1 10 I
589 1121 88 19 Aktuarie,
691 1121 11 15 f.
716 1121 27 18 89;
757 1121 23 15 54
792 1119 43 20 (adr.
849 1119 113 20 Stockholm).

555 1143 1 28 |
564 1139 85 36 Branting,
668 1145 63 20 Georg,
749 1145 14 20 J.
778 1144 27 19 K.,
826 1145 84 19 Advokat,
929 1145 63 18 NFIK,
1007 1145 11 15 f.

555 1173 1 14 I
589 1169 28 18 87;
631 1169 22 16 54
666 1167 42 21 (adr.
722 1167 114 20 Stockholm).

555 1197 1 15 |
564 1192 76 20 Ewerlöf,
653 1193 48 15 Knut
714 1193 77 15 Gerhard
802 1191 69 21 (förutv.
881 1190 110 23 Statsråd),
971 1186 24 31 J.
1002 1198 16 10 o.

589 1217 32 16 Fil.
631 1217 28 19 K.,
673 1217 87 18 Direktör,
777 1216 102 19 KmstkNO,
893 1217 55 18 KVO,
961 1216 57 16 KFinl

555 1252 1 11 I
569 1259 5 5 .
588 1241 56 18 VRO,
658 1241 10 15 f.
680 1241 27 18 90;
721 1241 23 15 54
756 1238 43 22 (adr.
813 1238 113 21 Stockholm).

555 1264 1 32 |
566 1260 58 40 Åman,
637 1265 56 16 Oskar
706 1265 64 19 Valter,
784 1264 86 19 Direktör,
884 1265 11 15 f.
905 1264 28 18 05;
943 1264 22 16 54
975 1262 43 21 (adr.

555 1297 1 19 |
590 1282 92 29 Enskede).

564 1312 52 16 Gärde
628 1312 85 19 Widemar,
732 1312 66 20 Ingrid,
815 1312 11 15 f.
840 1312 63 18 Gärde,
915 1312 14 20 J.
943 1312 27 18 K.,
985 1312 33 15 Ad-

589 1337 58 17 vokat,
661 1337 10 15 f.
687 1336 25 18 12;
726 1336 23 15 54
761 1334 42 20 (adr.
817 1334 114 20 Stockholm).

565 1359 98 20 Lindström,
681 1360 38 16 Ulla
733 1359 76 19 Gunilla,
823 1359 11 16 f.
848 1359 78 19 Wohlin,
943 1358 76 17 Statsråd

588 1382 41 22 [48],
643 1384 11 16 f.
667 1384 28 17 09;
709 1383 22 16 54
744 1381 42 21 (adr.
800 1381 112 21 Stockholm).

555 1405 1 16 |
562 1405 82 22 Aastrup,
662 1408 39 15 Nils
718 1407 64 16 Gustav
799 1407 50 19 Emil,
864 1407 87 19 Direktör,
965 1407 10 15 f.
990 1406 28 19 00;

589 1432 22 16 54
624 1430 43 21 (adr.
680 1429 113 20 Stockholm).

565 1454 74 21 Mogård,
649 1455 55 21 Johan
718 1455 54 15 Adolf
779 1454 58 19 Bertil,
847 1454 110 20 Kontr.prost
966 1451 52 22 [711],

589 1480 10 14 f.
613 1479 28 18 92;
655 1479 22 16 54
690 1477 43 21 (adr.
747 1476 112 21 Stockholm).

994 1097 24 15 fd.
