1050 1574
455 61 108 22 Riksdagen.

47 165 57 26 [142]

844 59 119 25 [142—144]

152 156 48 34 V.
228 156 234 44 Riksdagen,
489 157 90 33 dess
606 155 268 36 Ombudsmän

404 216 70 33 och
503 215 120 35 Verk.

207 286 134 27 Riksdagen.

65 330 67 16 Lagtima
145 331 58 16 riksdag
215 331 42 15 skall,
267 331 4 13 i
279 330 41 14 kraft
332 334 19 10 av
362 331 45 13 rikets
419 330 80 17 regerings-

48 347 42 16 form,
102 348 110 13 sammanträda
221 348 41 16 varje
271 349 16 12 år
296 348 28 13 den
334 351 17 10 10
359 348 58 16 januari
425 348 39 14 eller,
474 351 24 10 om

48 365 61 16 helgdag
118 365 18 13 då
144 365 74 15 inträffar,
227 366 46 16 dagen
283 365 69 13 därefter.

66 382 48 13 Första
127 383 85 12 kammarens
224 383 71 12 ledamöter
307 383 25 12 äro
346 386 25 11 150
384 382 26 13 och
422 382 47 15 väljas
478 381 21 13 för

45 403 25 8 sex
83 400 14 12 år
113 400 65 12 räknade
192 399 32 13 från
232 400 27 13 och
268 400 33 12 med
309 400 59 15 januari
376 399 61 13 månads
446 399 52 15 början

45 416 32 13 året
86 416 32 13 näst
126 417 38 12 efter
173 416 29 16 det,
211 416 46 14 under
266 417 46 13 vilket
321 417 39 13 valet
369 417 43 14 skett,
422 420 18 9 av
453 416 46 12 lands-

47 433 49 16 tingen
113 434 27 12 och
160 434 53 15 städer,
227 438 30 9 som
275 438 13 12 ej

48 450 40 16 varje
102 451 63 13 valkrets
179 451 47 16 väljes
239 451 36 13 efter
283 451 83 16 folkmängd
375 454 17 10 en
401 450 98 16 riksdagsman

48 467 21 13 för
78 469 32 11 vart
119 468 33 13 fullt
160 468 25 15 tal,
195 468 101 13 motsvarande
302 468 29 16 /;s5
337 472 18 9 av
362 468 44 13 rikets
411 467 88 16 folkmängd.

49 484 86 13 Kammaren
154 485 57 16 förnyas
224 485 32 13 med
270 489 18 9 en
305 485 67 15 sjättedel
381 485 39 16 varje
428 485 20 12 år.
466 488 33 10 1921

81 505 8 9 a
107 502 90 13 Stockholms
214 502 36 15 stad
269 502 89 16 Jönköpings
375 502 28 14 län,
422 501 78 13 Gottlands

48 518 28 14 län,
88 519 111 13 Västmanlands
209 520 27 13 län,
247 519 109 13 Västerbottens
365 519 29 14 län;
406 522 33 12 1922
449 518 51 13 Stock-

48 535 47 13 holms
112 536 28 15 län,
160 536 68 17 Blekinge
246 537 28 14 län,
293 537 53 12 Malmö
360 536 36 15 stad,
413 536 88 15 Skaraborgs

49 553 28 14 län,
91 553 88 16 Gävleborgs
193 554 22 12 län
231 555 40 11 utom
284 554 45 12 Gävle
343 553 37 16 stad;
392 557 33 11 1923
436 553 64 16 Uppsala

48 569 29 15 län,
95 570 59 13 Kalmar
168 570 43 14 södra
225 570 143 17 landstingsområde,
383 570 80 13 Malmöhus
477 570 23 12 län

48 587 42 13 utom
103 586 67 14 städerna
183 588 53 12 Malmö
248 588 27 12 och
289 587 99 16 Hälsingborg,
414 587 87 16 Hälsingborgs

49 603 36 15 stad,
101 604 79 16 Göteborgs
188 605 37 14 stad,
239 605 81 15 Jämtlands
330 605 28 15 län;
369 608 33 12 1924
415 604 86 13 Söderman-

48 620 42 14 lands
107 621 28 15 län,
150 621 60 14 Kalmar
223 626 42 9 norra
275 621 145 17 landstingsområde,
430 620 71 14 Hallands

49 638 30 15 län,
94 636 56 15 Örebro
164 639 28 15 län,
206 639 128 13 Västernorrlands
344 639 28 16 län;
385 641 33 13 1925
427 637 51 17 Östergi

49 655 41 13 lands
105 656 23 12 län
144 657 40 11 utom
201 656 97 16 Norrköpings
313 655 36 14 stad,
370 655 89 16 Kronobergs
473 655 27 14 län,

49 672 80 17 Göteborgs
142 673 26 12 och
179 673 48 13 Bohus
236 673 23 13 län
270 675 40 11 utom
322 673 79 16 Göteborgs
412 672 36 15 stad,
456 672 45 13 Gävle

49 689 33 13 stad,
104 690 85 13 Värmlands
202 690 27 16 län;
250 691 33 16 1926
299 690 98 16 Norrköpings
410 690 36 14 stad,
463 689 38 13 Kris-

50 706 71 14 tianstads
133 707 27 15 län,
171 706 78 17 Älvsborgs
267 708 28 14 län,
312 707 99 16 Kopparbergs
420 707 28 14 län,
459 707 42 12 Norr-

50 723 59 13 bottens
126 724 28 13 län.
183 724 28 13 Det
231 724 39 13 antal
285 724 18 13 de
317 724 69 13 särskilda
404 724 97 12 valkretsarna

49 741 40 12 skola
108 742 31 12 utse
156 741 87 13 bestämmes
258 742 45 15 enligt
315 741 102 13 ovannämnda
429 744 41 10 norm
479 744 18 9 av

51 757 80 16 Konungen
146 759 33 12 vart
196 762 30 9 10:e
241 759 15 12 år
272 759 24 14 (K.
312 758 44 16 kung.
370 759 50 12 bärom
429 758 17 16 "/s
456 758 46 15 1914).

51 774 72 14 Ledamot
137 779 18 9 av
170 775 50 13 Första
229 776 90 13 kammaren,
328 779 32 9 som
368 775 32 13 icke
410 775 15 13 är
434 775 49 13 bosatt
492 774 8 13 å

50 793 28 14 ort,
93 792 26 13 där
132 792 58 17 riksdag
203 793 50 14 hålles,
267 792 66 16 åtnjuter
345 796 18 9 av
372 792 85 13 statsmedel
465 795 38 9 rese-

50 808 64 14 kostnad
123 809 22 13 till
153 810 28 13 och
190 809 31 13 från
231 809 76 17 riksdagen
316 811 39 11 samt
364 809 4 13 i
375 809 127 16 dagtraktamente

50 829 18 9 20
76 826 28 15 kr.,
114 826 46 13 vilket
169 826 128 17 dagtraktamente
305 826 14 16 ej
325 826 21 13 får
353 826 72 16 överstiga
431 829 72 10 samman-

50 842 29 17 lagt
90 846 39 13 2,400
138 843 22 13 kr.
177 844 53 13 Annan
239 843 65 14 ledamot
313 848 19 8 av
341 844 84 13 kammaren
436 843 53 13 undfår
498 843 4 13 i

51 860 128 16 dagtraktamente
193 864 15 12 15
220 862 22 12 kr..
260 861 36 13 dock
305 861 96 16 sammanlagt
410 860 42 16 högst
462 860 40 14 1,800

50 877 23 13 kr.
90 877 77 16 Därjämte
180 878 35 16 äger
227 878 104 16 riksdagsman,
345 882 31 9 som
387 877 46 13 under
442 878 60 15 lagtima

50 894 58 16 riksdag
121 894 37 14 efter
170 895 65 16 beviljad
248 895 63 16 ledighet
320 895 61 13 besöker
390 895 79 14 hemorten,
480 896 22 11 att

51 915 18 9 av
82 912 85 13 statsmedel
180 912 46 13 undfå
239 912 82 17 ersättning
335 912 22 13 för
369 912 45 13 därav
426 911 77 13 föranledd

49 929 99 14 resekostnad,
163 929 37 13 dock
214 929 22 13 för
249 930 42 16 högst
305 933 7 9 2
325 933 40 9 resor
377 929 38 13 fram
427 929 27 13 och
466 928 37 14 åter.

52 945 61 13 Valbara
124 947 25 12 äro
158 947 37 14 män,
207 950 30 9 som
250 947 32 15 fyllt
293 950 16 12 35
319 947 15 12 år
341 948 38 11 samt
388 947 27 15 äga
424 946 27 13 och
458 946 44 12 minst

52 966 7 12 3
67 963 14 12 år
89 962 31 14 före
129 963 40 13 valet
179 964 24 15 ägt
210 963 72 16 fastighet,
294 963 141 16 taxeringsvärderad
447 963 22 13 till
481 963 22 12 åt-

51 980 71 12 minstone
136 983 49 12 50.000
198 980 27 14 kr..
238 981 33 11 eller
284 980 47 13 under
339 980 44 16 sagda
392 980 23 13 tid
423 980 23 13 till
453 981 49 11 staten

52 996 55 13 skattat
116 996 21 13 för
145 997 63 12 inkomst
217 1000 18 9 av
244 997 43 12 minst
296 1001 40 11 3,000
345 997 56 13 kronor.

71 1013 48 13 Andra
129 1014 85 13 kammarens
222 1014 72 13 ledamöter
303 1014 25 12 äro
337 1018 30 10 230.
378 1014 42 12 valda
430 1014 21 12 för
457 1017 17 9 en
481 1013 22 13 tid

50 1034 20 8 av
78 1030 32 16 fyra
118 1031 21 14 år,
147 1031 65 13 räknade
221 1031 32 13 från
262 1031 28 13 och
295 1031 34 13 med
337 1031 58 16 januari
404 1030 61 14 månads
471 1031 32 12 bör-

49 1047 26 16 jan
85 1048 32 12 året
126 1048 34 12 näst
168 1048 39 13 efter
216 1048 29 15 det,
255 1048 46 13 under
310 1048 47 13 vilket
367 1048 40 13 valet
415 1048 44 13 skett.
477 1048 26 12 För

51 1064 41 13 dessa
100 1065 22 12 val
130 1066 16 11 är
151 1065 37 13 riket
195 1065 55 13 indelat
259 1069 3 9 i
270 1066 82 13 valkretsar.
360 1069 30 9 som
397 1065 38 16 välja
446 1065 44 13 minst
496 1069 7 12 3

51 1081 98 15 riksdagsmän
159 1086 31 9 var.
199 1082 42 16 Varje
252 1083 62 12 valkrets
322 1082 35 13 skall
366 1082 41 13 alltså
416 1082 16 12 ha
441 1086 17 8 en
467 1082 35 12 folk-

52 1098 56 16 mängd,
117 1099 88 16 som
143 1091 16 30 i
158 1099 47 16 regel
214 1100 41 15 utgör
268 1099 29 15 3/3
310 1102 18 10 av
341 1099 44 13 rikets
398 1099 105 13 invånarantal,

52 1114 39 15 Stad,
107 1119 32 9 vars
144 1116 82 16 folkmängd
232 1117 40 15 utgör
278 1117 43 12 minst
329 1115 29 16 3/73
363 1120 19 8 av
389 1116 43 13 rikets
436 1116 68 13 invånar-

52 1132 45 14 antal,
107 1132 45 13 bildar
162 1133 89 16 följaktligen
263 1137 34 12 egen
309 1133 67 13 valkrets.
388 1133 40 13 Dock
437 1133 23 12 må
467 1132 35 16 stad,

53 1152 33 9 vars
92 1149 82 16 folkmängd
182 1151 41 12 utgör
232 1150 43 12 minst
283 1149 30 16 £/>39
321 1154 17 8 av
347 1150 44 13 rikets
398 1150 104 14 invånarantal,

53 1166 50 13 kunna
112 1166 39 13 delas
163 1167 5 12 i
178 1167 82 12 valkretsar.
271 1167 58 16 Uppgår
337 1167 106 16 sammanlagda
450 1167 54 12 antalet

54 1183 102 16 riksdagsmän,
166 1187 31 9 som
208 1183 60 13 sålunda
277 1185 42 14 utses,
329 1184 31 12 icke
369 1184 21 12 till
400 1187 28 13 230,
438 1183 36 13 skall
483 1185 21 11 ett

54 1199 73 16 behövligt
133 1201 39 12 antal
178 1204 18 9 av
203 1200 17 13 de
225 1201 82 13 folkrikaste
312 1201 97 12 valkretsarna
415 1200 39 16 välja
460 1202 45 14 ytter-

52 1217 44 15 ligare
109 1221 17 9 en
140 1217 97 16 riksdagsman
252 1221 29 10 var.
304 1218 28 12 Det
345 1218 40 12 antal
401 1217 102 16 riksdagsmän,

53 1234 40 15 varje
103 1234 62 13 valkrets
176 1235 32 15 äger
218 1236 36 13 utse,
265 1235 78 12 fastställes
353 1234 21 14 för
380 1227 41 30 varje
425 1227 80 30 fyraårspe-

52 1250 31 14 riod
94 1255 18 9 av
123 1251 84 16 Konungen.

73 1268 48 13 Andra
132 1268 90 13 kammarens
232 1268 78 14 ledamöter
320 1269 59 16 åtnjuta
388 1272 55 9 samma
453 1269 52 12 ersätt-

52 1285 35 16 ning
101 1289 31 9 som
146 1286 50 12 Första
210 1286 94 13 kammarens,
318 1293 17 2 —
348 1286 56 13 Valrätt
419 1286 86 13 tillkommer

53 1306 45 9 envar
110 1302 51 13 svensk
174 1306 33 9 man
221 1303 17 13 fr.
251 1307 14 9 o.
275 1307 19 9 m.
308 1303 101 13 kalenderåret
423 1303 33 13 näst
470 1302 35 13 efter

52 1318 29 14 det,
93 1319 71 13 varunder
178 1320 28 13 han
222 1320 32 16 fyllt
265 1324 17 12 24
292 1320 20 15 år,
322 1320 36 13 dock
367 1320 13 16 ej
391 1320 32 13 den.
433 1323 32 10 som
475 1320 30 13 står

52 1336 47 13 under
112 1336 123 17 förmynderskap
247 1337 34 13 eller
295 1338 15 12 är
322 1337 4 12 i
339 1337 136 13 konkurstillstånd.
490 1336 13 16 ej

53 1353 46 13 heller
112 1353 32 15 den,
158 1357 32 10 som
204 1354 49 13 häftar
266 1354 22 13 för
301 1354 84 15 understöd,
399 1354 46 13 vilket
459 1353 46 13 under

53 1371 62 16 löpande
123 1371 35 13 eller
167 1371 98 13 sistförflutna
273 1371 103 13 kalenderåret
385 1375 18 9 av
412 1370 94 17 fattigvårds-

54 1388 69 13 samhälle
141 1388 70 13 tilldelats
229 1388 53 14 honom
296 1388 42 16 själv,
355 1388 37 14 hans
406 1389 51 12 hustru
470 1388 36 13 eller

53 1405 98 16 minderåriga
160 1405 40 15 barn,
211 1406 35 12 eller
254 1405 33 15 den,
297 1409 30 9 som
335 1406 31 12 icke
375 1406 44 16 erlagt
428 1405 17 13 de
452 1406 54 12 honom

56 1422 59 16 påförda
127 1422 73 13 utskylder
212 1423 21 12 till
244 1424 29 11 stat
282 1422 27 13 och
320 1423 72 14 kommun,
401 1423 38 12 vilka
447 1422 59 13 förfallit

55 1439 21 13 till
84 1439 73 17 betalning
165 1439 45 13 under
216 1439 18 13 de
240 1443 7 12 3
254 1439 98 13 sistförflutna
358 1439 107 15 kalenderåren,
472 1439 34 13 eller

55 1456 95 16 värnpliktig,
163 1460 32 10 som
207 1456 31 14 icke
248 1457 65 15 fullgjort
321 1456 18 13 de
349 1457 53 13 honom
411 1458 12 12 t.
431 1460 14 10 o.
454 1460 19 9 m.
483 1457 24 12 ut-

56 1474 57 16 gången
127 1477 18 9 av
158 1473 100 14 sistförflutna
269 1473 101 14 kalenderåret
378 1473 76 18 åliggande
463 1473 44 14 värn-

393 590 28 6 nm

306 434 58 16 deltaga
379 434 4 12 i
399 433 77 16 landsting.
493 433 16 12 I!

516 284 120 17 pliktsövningar,
649 285 35 13 eller
697 284 33 16 den,
744 288 31 10 som
784 285 15 13 är
810 284 33 14 från
852 285 73 13 valrätten
935 286 32 12 ute-

514 302 49 12 sluten
575 302 18 16 på
602 302 47 16 grund
658 306 18 9 av
686 302 53 13 honom
748 302 53 13 ådömd
809 302 106 16 straffpåföljd.
933 302 33 13 Val-

516 319 25 12 bar
555 319 15 12 är
584 323 37 10 man,
635 323 30 9 som
679 319 32 15 äger
725 320 53 11 valrätt
791 320 38 12 inom
839 320 79 12 valkretsen
929 319 37 16 eller,

515 336 25 13 där
551 337 39 15 fråga
600 337 15 12 är
625 340 24 9 om
659 337 36 14 stad,
709 340 30 9 som
750 336 47 13 består
807 340 18 9 av
836 337 35 12 flera
883 336 84 16 valkretsar,

506 363 1 3 |
515 354 39 12 inom
563 353 46 16 någon
619 357 19 9 av
647 353 45 13 dessa.

533 370 28 13 Till
574 370 38 14 båda
626 371 78 13 kamrarna
717 371 24 12 ske
755 371 41 13 valen
810 371 32 13 med
857 371 110 16 proportionellt

517 388 59 12 valsätt.

533 404 77 13 Allmänna
618 404 24 13 val
651 404 23 13 till
683 403 49 14 Andra
741 404 83 13 kammaren
834 404 53 13 skedde
895 406 50 11 senast
951 405 15 13 år

519 424 36 14 1920,
566 421 39 13 vilka
613 421 24 13 val
646 421 37 17 gälla
691 421 23 13 för
723 421 67 16 perioden
801 424 93 13 1921—1924.

648 462 67 17 Första
728 462 114 18 kammaren,

652 503 115 19 Stockholms
781 504 49 19 stad.

518 536 72 18 Trygger,
603 536 57 17 Ernst,
673 536 23 15 fd.
709 536 102 18 Justitieråd
825 537 52 18 [930],
889 537 11 14 f.
909 534 27 20 57;
947 535 21 16 19

542 558 41 18 (adr.
597 558 115 18 Stockholm).

518 581 81 18 Klefbeck,
615 581 51 15 Ernst
679 581 65 18 Alarik,
757 582 80 18 Kyrkoh.
850 583 51 18 [713],
916 582 11 15 f.
939 580 28 19 66;

543 602 20 16 19
575 604 41 18 (adr.
629 604 114 19 Stockholm).

518 626 81 18 Stendahl,
615 627 48 17 Sten,
682 627 110 15 Grosshandl.
811 628 51 18 [950],
881 627 11 15 tf.
904 625 28 20 76;
945 626 22 16 19

541 649 42 18 (adr.
597 649 118 20 Stockholm).

519 672 69 18 Lindley,
595 672 70 15 Charles
672 668 67 27 Gustaf,
743 668 29 27 Sv.
777 672 191 19 transportarbetarför-

542 695 76 15 bundets
638 695 146 18 förtroendeman,
805 695 11 15 f.
836 694 27 19 65;
885 694 21 16 19
925 695 43 19 (adr.

542 717 114 20 Stockholm).

520 740 82 18 Berglund,
620 740 33 19 Jan
671 740 47 17 Erik,
738 740 70 17 Kassör,
826 740 11 15 f.
850 738 28 20 64;
893 739 20 16 19
925 740 43 20 (adr.

543 763 93 18 Enskede).

520 782 70 22 Östberg,
605 786 61 18 Johan,
682 785 23 15 fd.
719 786 160 15 Kammarrättsråd
892 786 52 19 [876],
957 786 11 15 f.

542 807 27 18 55;
584 806 20 16 19
615 808 42 19 (adr.
671 808 114 19 Stockholm).

521 830 85 18 Romanus,
624 830 39 15 Carl
681 831 97 16 Bernhard,
792 830 14 18 J.
819 835 15 10 o.
848 830 31 16 Fil.
893 831 28 18 K.,
934 831 34 15 Ad-

542 854 58 15 vokat,
613 853 11 15 f.
638 851 27 19 76;
679 852 21 16 19
712 853 42 19 (adr.
767 853 115 19 Stockholm).

520 876 58 18 Lamm,
597 876 77 15 Herman
693 876 78 18 Fredrik,
787 876 116 18 Grosshandl.,
917 877 11 14 f.
941 875 28 19 53;

545 897 20 16 19
576 899 41 18 (adr.
631 899 114 18 Stockholm).

520 921 74 18 Erikson,
612 921 62 16 Gustaf
692 922 60 17 Oskar,

544 944 42 17 (adr.
599 944 115 18 Stockholm).

521 966 55 18 Borge,
588 967 54 15 Oscar
654 967 77 16 Fredrik,
745 967 30 14 Fil.
788 967 27 17 D.,
829 967 67 15 Förest.
909 967 27 14 för
945 971 24 11 ar-

542 988 136 16 betarrörelsens
690 989 54 16 arkiv,
757 989 11 15 f.
780 988 28 18 62;
820 987 23 17 20
855 989 42 19 (adr.
910 989 60 15 Stock-

543 1012 59 18 holm).

772 922 71 17 Kassör,

868 922 10 14 f.
896 920 28 19 76;
947 920 23 16 20

522 1059 56 26 [143]
662 1064 116 19 Stockholms
793 1064 38 19 län.

523 1101 59 18 Möller,
595 1101 47 15 Fritz
658 1101 72 17 Gustav,
743 1101 163 18 Partisekreterare,
918 1102 11 14 f.
942 1100 29 19 84;

545 1123 22 16 19
579 1124 42 18 (adr.
634 1124 116 19 Stockholm).

522 1146 104 19 Lagerbjelke,
645 1147 56 18 Johan
720 1147 67 17 Gustaf,
806 1147 62 18 Greve,
883 1147 88 19 Byråchef

545 1171 50 17 [139],
608 1170 11 14 f.
631 1168 28 19 60;
674 1168 21 16 19
706 1169 41 19 (adr.
761 1167 71 21 Älvsjö).

522 1192 57 18 Borell,
598 1192 42 15 Karl
658 1192 63 15 Gustaf
737 1192 86 17 Theodor,
836 1192 70 15 Hhövd.
919 1193 53 19 [216],

545 1214 11 15 f.
569 1212 27 18 69;
609 1213 22 16 19
642 1215 43 17 (adr.
698 1215 180 18 Saltsjö-Storängen).

522 1237 99 18 Bäckström,
633 1237 55 19 Helge
702 1237 74 18 Mattias,
789 1238 23 15 fd.
826 1238 88 15 Professor
920 1239 52 18 [721],

545 1260 11 14 f.
569 1258 27 18 65;
610 1259 21 16 19
643 1260 42 19 (adr.
697 1260 113 19 Djursholm).

523 1283 54 17 Berge,
595 1283 38 15 Nils
650 1283 58 17 Adolf,
726 1283 142 17 Folkskollärare,
881 1283 12 15 f.
909 1281 28 20 69;
949 1282 23 17 20

545 1305 42 18 (adr.
600 1306 106 18 Hagalund).

523 1328 73 18 Erikson,
615 1328 72 15 Fredrik
708 1328 61 18 Arvid,
788 1328 184 19 Landstingsdirektör

545 1352 51 18 [499],
609 1351 11 15 f.
633 1349 27 18 65;
673 1350 22 16 20
707 1351 42 19 (adr.
762 1351 111 19 Stocksund).

524 1400 56 39 [144]
682 1409 85 24 Uppsala
782 1409 38 19 län.

524 1446 115 18 Reuterskiöld,
657 1446 38 15 Carl
708 1446 69 19 Ludvig
790 1446 67 19 August
869 1446 51 18 Axel,
933 1446 39 16 Pro-

546 1469 54 15 fessor
612 1469 51 19 [716],
675 1469 12 15 f.
699 1467 28 20 70;
739 1468 22 16 19
772 1469 43 20 (adr.
828 1468 89 20 Uppsala).

497 1517 30 13 131
