1045 1569
439 37 114 22 Riksdagen.

828 36 129 24 [142—143]

40 167 59 24 [142]

56 205 49 36 V.
154 204 289 47 Riksdagen,
474 204 110 38 dess
616 204 325 38 Ombudsmän

369 258 88 37 och
488 259 138 37 Verk.

190 336 143 28 Riksdagen.

56 378 67 17 Lagtima
135 378 58 16 riksdag
206 378 53 16 skall,
250 374 7 26 i
271 378 40 14 kraft
324 383 19 9 av
355 379 45 13 rikets
412 379 77 16 regerings-

37 396 42 16 form,
91 397 107 12 sammanträda
210 397 41 16 varje
262 396 16 13 år
289 397 28 12 den
330 400 17 10 10
358 397 57 16 januari
421 397 37 16 eller,
465 401 24 9 om

37 414 61 16 helgdag
105 414 18 13 då
131 414 72 16 inträffar,
210 415 46 15 dagen
264 414 67 14 därefter.

56 432 49 13 Första
116 432 86 13 kammarens
214 432 72 13 ledamöter
297 434 25 11 äro
334 436 26 12 150
371 432 27 14 och
409 433 47 16 väljas
467 433 22 13 för

38 450 31 13 åtta
79 450 21 16 år,
109 450 64 13 räknade
182 450 32 13 från
223 450 27 13 och
259 450 34 13 med
302 450 57 16 januari
368 450 60 14 månads
438 451 51 16 början

37 468 31 13 året
77 469 33 12 näst
120 468 36 13 efter
165 468 29 16 det,
204 468 46 13 under
259 468 45 13 vilket
314 468 38 13 valet
361 468 44 16 skett,
413 472 19 9 av
442 468 47 14 lands-

38 486 56 16 tingens
102 486 79 13 ledamöter
190 486 26 13 och
225 486 58 13 särskilt
292 486 61 13 utsedda
362 486 70 13 elektorer
440 486 23 14 för
471 487 18 13 de

37 504 53 16 städer,
99 508 31 9 som
139 504 13 16 ej
162 504 57 16 deltaga
228 504 4 13 i
241 504 78 16 landsting.
338 504 27 13 För
374 504 24 13 val
407 504 22 13 till
438 504 51 14 Första

37 522 83 13 kammaren
128 523 16 12 är
151 522 38 13 riket
196 522 54 13 indelat
258 522 6 13 i
272 526 16 12 19
297 522 84 14 valkretsar.
398 522 91 14 Stockholms

37 540 33 13 stad
77 540 27 13 och
113 540 80 16 Göteborgs
201 540 32 13 stad
242 541 51 15 utgöra
301 544 27 9 var
335 540 23 13 för
365 540 22 16 sig
394 544 18 9 en
421 540 67 14 valkrets.

37 558 51 13 Annan
98 558 37 16 stad,
145 561 31 10 som
185 558 12 16 ej
207 557 64 17 deltager
279 558 5 13 i
293 558 76 16 landsting,
380 558 48 13 tillhör
434 562 55 10 samma

37 575 63 14 valkrets
111 579 32 10 som
154 576 25 13 det
190 576 142 16 landstingsområde,
345 576 31 13 vari
387 576 51 13 staden
449 577 40 13 förut

36 593 53 17 ingått.
110 594 42 13 Flera
163 593 148 17 landstingsområden
324 594 49 13 kunna
384 595 105 13 sammanföras

36 611 6 13 i
54 615 18 10 en
85 611 68 17 valkrets;
166 615 33 10 men
212 612 13 16 ej
239 612 24 13 må
276 612 139 16 landstingsområde
428 612 39 14 delas
480 613 9 13 å

36 630 46 13 skilda
94 629 85 14 valkretsar.
199 630 93 16 Indelningen
304 630 5 13 i
320 630 80 13 valkretsar
411 630 78 14 innehålles

36 647 5 13 i
52 647 70 17 vallagen.
142 648 28 12 För
181 648 40 16 varje
232 648 63 13 valkrets
306 648 46 16 väljes
362 648 37 13 efter
409 648 79 16 folkmäng-

36 665 28 13 den
75 666 39 12 inom
125 666 32 13 dess
168 666 59 13 område
238 669 17 10 en
267 666 98 16 riksdagsman
377 666 22 13 för
410 668 34 11 vart
455 666 33 14 fullt

37 683 25 16 tal,
69 683 102 14 motsvarande
179 684 28 15 '/:so
214 687 19 10 av
239 684 45 13 rikets
289 684 87 16 folkmängd.
387 684 102 14 Valkretsarna

36 701 54 14 indelas
97 702 4 12 i
109 702 32 13 åtta
148 705 66 13 grupper,
221 702 48 13 vilken
276 702 73 16 indelning
356 702 78 14 fastställes
447 702 5 14 i
454 702 34 14 val-

36 719 46 17 lagen.
100 720 43 16 Varje
151 720 16 13 år
175 720 45 13 under
228 720 81 16 september
317 720 53 13 månad
378 720 37 13 skall
423 721 39 12 inom
470 724 18 10 en

36 741 19 9 av
63 737 63 13 nämnda
135 741 61 13 grupper
205 738 68 13 förrättas
282 738 24 13 val
314 738 23 13 för
345 738 97 16 nästföljande
451 738 37 13 åtta-

36 755 77 16 årsperiod.
136 755 29 13 Det
178 755 40 13 antal
231 755 100 17 riksdagsmän
344 756 18 13 de
375 756 70 13 särskilda
458 756 30 13 val-

36 773 74 13 kretsarna
125 773 40 13 skola
179 775 32 11 utse
226 773 86 13 bestämmes
327 773 45 16 enligt
386 774 102 13 ovannämnda

36 795 41 9 norm
91 795 19 9 av
122 791 80 16 Konungen
212 792 33 12 vart
256 795 31 9 10:e
297 791 16 13 år
325 791 24 16 (K.
360 791 43 16 kung.
414 792 50 13 härom
470 791 18 16 9/5

37 809 45 16 1924).
105 809 70 13 Ledamot
188 813 19 9 av
219 809 52 13 Första
284 809 88 16 kammaren,
385 813 31 9 som
429 809 31 14 icke
472 811 16 12 är

36 826 49 14 bosatt
93 826 8 13 å
110 828 27 14 ort,
147 827 26 12 där
180 827 58 16 riksdag
246 827 49 16 hålles,
304 827 65 16 åtnjuter
377 831 19 9 av
404 827 84 14 statsmedel

35 844 93 13 resekostnad
140 844 21 13 till
172 845 27 12 och
209 844 32 13 från
252 845 76 16 riksdagen
339 846 39 12 samt
388 845 5 13 i
404 845 84 16 dagtrakta-

36 864 48 11 mente
96 866 17 12 32
126 862 28 16 kr.,
166 862 45 13 vilket
223 863 127 15 dagtraktamente
362 863 13 16 ej
387 863 23 13 får
416 863 72 16 överstiga

36 880 95 16 sammanlagt
142 883 42 13 4,500
195 880 21 13 kr.
236 881 53 13 Annan
300 880 63 14 ledamot
374 884 19 10 av
404 881 84 13 kammaren

35 898 53 13 undfår
94 898 5 13 i
106 898 126 16 dagtraktamente
240 902 17 12 24
264 899 28 15 kr.,
299 898 37 14 dock
343 898 95 17 sammanlagt
446 899 42 16 högst

36 919 40 13 3,400
85 916 22 13 kr.
126 916 75 16 Därjämte
210 917 33 15 äger
252 916 103 16 riksdagsman,
365 920 31 10 som
405 917 45 13 under
459 917 29 16 lag-

36 934 36 13 tima
81 934 58 16 riksdag
148 934 37 13 efter
194 934 63 16 beviljad
268 934 62 16 ledighet
339 935 60 13 besöker
408 935 79 16 hemorten,

36 953 22 11 att
67 955 19 10 av
94 952 84 13 statsmedel
187 952 44 13 undfå
240 952 81 16 ersättning
329 952 22 13 för
359 952 46 14 därav
413 952 75 14 föranledd

35 969 98 16 resekostnad,
147 970 37 13 dock
197 970 22 13 för
232 970 42 15 högst
288 974 7 9 2
309 974 39 9 resor
361 970 37 13 fram
411 971 27 12 och
452 971 35 13 åter.

36 987 62 13 Valbara
110 988 26 12 äro
147 988 34 12 män
193 988 26 12 och
232 988 61 12 kvinnor
305 991 31 9 som
348 988 33 16 fyllt
393 991 17 12 35
423 988 16 13 år
450 989 37 12 samt

35 1005 27 15 äga
71 1005 28 13 och
108 1005 45 13 minst
164 1008 7 13 3
182 1005 15 13 år
207 1005 30 13 före
247 1005 39 13 valet
296 1006 25 15 ägt
328 1005 73 16 fastighet,
409 1006 78 16 taxerings-

35 1022 70 13 värderad
115 1022 21 13 till
145 1022 87 14 åtminstone
241 1026 50 13 50,000
299 1023 22 13 kr.
330 1023 33 13 eller
371 1023 27 13 ock
407 1023 22 13 till
439 1025 48 12 staten

35 1040 49 13 skatta
95 1042 39 11 samt
145 1041 46 13 under
202 1041 44 16 sagda
258 1041 22 13 tid
291 1041 57 13 skattat
359 1041 22 13 för
392 1041 64 13 inkomst
468 1045 18 10 av

36 1058 45 13 minst
91 1062 41 13 3,000
141 1059 58 13 kronor.

53 1082 49 13 Andra
110 1082 86 13 kammarens
204 1082 72 13 ledamöter
284 1083 25 12 äro
318 1086 31 13 230,
357 1082 44 14 valda
408 1083 23 13 för
439 1086 17 10 en
465 1083 22 13 tid

35 1103 19 9 av
61 1099 33 17 fyra
102 1100 22 16 år,
132 1100 63 13 räknade
203 1100 32 13 från
244 1100 27 13 och
279 1100 33 13 med
321 1100 57 17 januari
385 1100 61 14 månads
455 1101 32 13 bör-

34 1118 25 16 jan
69 1117 31 14 året
110 1119 33 12 näst
153 1118 36 13 efter
199 1118 29 16 det,
239 1118 45 13 under
294 1118 45 13 vilket
349 1118 39 14 valet
398 1119 44 13 skett.
457 1119 29 13 För

34 1135 41 14 dessa
81 1135 24 13 val
111 1137 16 12 är
132 1136 37 13 riket
175 1136 54 13 indelat
235 1136 5 13 i
246 1136 17 13 28
269 1136 85 16 valkretsar,
361 1140 30 9 som
397 1136 39 17 välja
442 1136 44 14 minst

35 1157 7 12 3
48 1153 98 16 riksdagsmän
152 1157 31 10 var.
198 1154 43 16 Varje
246 1154 63 13 valkrets
315 1154 36 13 skall
356 1154 42 13 alltså
403 1154 19 13 ha
427 1158 18 9 en
450 1154 36 13 folk-

34 1171 58 16 mängd,
102 1175 31 9 som
143 1171 5 13 i
158 1171 37 17 regel
205 1173 42 14 utgör
256 1171 30 16 3/23
297 1176 18 9 av
325 1172 44 13 rikets
379 1172 107 14 invånarantal.

35 1189 50 13 Rikets
100 1189 73 16 indelning
187 1189 6 13 i
208 1189 80 14 valkretsar
302 1190 78 13 innehålles
395 1190 5 13 i
415 1190 71 16 vallagen.

34 1207 43 16 Varje
87 1207 23 13 län
120 1209 43 14 utgör
172 1211 17 9 en
199 1207 68 16 valkrets,
277 1209 41 12 utom
329 1206 78 18 Älvsborgs
416 1208 28 16 län,
455 1212 31 9 som

34 1225 16 12 är
62 1224 39 14 delat
114 1225 5 13 i
132 1229 7 9 2
153 1225 60 16 kretsar,
226 1225 72 17 varjämte
310 1226 64 16 följande
386 1226 49 13 städer
447 1226 39 13 bilda

33 1246 27 10 var
68 1243 21 13 sin
98 1243 68 13 valkrets:
176 1243 13 16 1)
199 1243 87 17 Stockholm,
296 1244 13 16 2)
319 1243 57 16 Malmö,
385 1243 101 17 Hälsingborg,

34 1260 93 14 Landskrona
133 1261 27 13 och
167 1261 46 16 Lund,
220 1261 13 16 3)
241 1261 77 16 Göteborg.
333 1262 29 12 Det
369 1261 40 14 antal
414 1262 72 16 riksdags-

34 1279 38 15 män,
81 1279 41 16 varje
130 1279 64 13 valkrets
203 1280 33 15 äger
244 1280 36 15 utse,
290 1279 78 14 fastställes
376 1279 22 13 för
403 1280 40 16 varje
448 1280 38 16 fyra-

34 1296 73 16 årsperiod
117 1300 19 9 av
146 1297 84 16 Konungen,

51 1314 50 13 Andra
111 1314 91 13 kammarens
212 1314 78 14 ledamöter
301 1315 58 16 åtnjuta
368 1318 56 10 samma
433 1316 53 12 ersätt-

33 1331 35 17 ning
80 1336 31 9 som
124 1332 52 13 Första
189 1333 95 13 kammarens.
297 1340 19 2 —
328 1333 58 13 Valrätt
399 1333 87 13 tillkommer

32 1353 45 10 envar
88 1350 53 13 svensk
149 1354 34 9 man
192 1351 27 12 och
228 1350 58 17 kvinna,
295 1354 31 10 som
335 1352 48 12 senast
391 1351 46 13 under
447 1352 39 12 näst-

33 1368 85 16 föregående
130 1368 84 13 kalenderår
226 1368 33 17 fyllt
272 1372 16 12 23
301 1369 21 16 år,
334 1369 38 13 dock
383 1369 13 16 ej
409 1369 33 16 den,
455 1373 31 9 som

33 1386 31 13 står
75 1386 46 13 under
133 1386 119 17 förmynderskap
264 1386 33 14 eller
310 1388 16 12 är
337 1387 5 13 i
351 1387 134 16 konkurstillstånd,

33 1404 13 16 ej
58 1404 44 13 heller
113 1404 32 16 den,
156 1408 31 9 som
194 1406 16 11 är
217 1408 18 9 av
242 1404 73 14 allmänna
321 1404 98 16 fattigvården
426 1405 60 13 omhän-

33 1422 68 16 dertagen
110 1422 22 13 för
139 1422 67 16 varaktig
213 1422 91 17 försörjning,
312 1422 34 13 eller
353 1423 32 15 den,
394 1426 31 10 som
432 1424 17 12 är
454 1423 31 13 från

33 1439 72 14 valrätten
115 1440 73 13 utesluten
198 1440 19 17 på
226 1440 47 16 grund
283 1444 19 10 av
311 1441 54 13 honom
375 1440 53 14 ådömd
437 1441 49 13 straff-

33 1458 60 16 påföljd,
103 1458 13 16 ej
124 1458 44 13 heller
177 1458 93 17 värnpliktig,
280 1462 31 9 som
321 1458 31 13 icke
361 1458 64 17 fullgjort
433 1459 18 13 de
460 1459 25 13 ho-

508 341 34 10 nom
556 339 11 12 t.
582 341 13 10 o.
605 342 19 9 m.
638 338 74 16 utgången
722 342 19 9 av
750 338 98 14 sistförflutna
857 338 101 14 kalenderåret

508 356 75 16 åliggande
597 356 157 16 värnpliktsövningar.
778 356 61 13 Valbara
851 357 25 12 äro
887 358 34 11 män
931 357 27 12 och

508 374 66 16 kvinnor,
581 378 31 9 som
619 375 27 15 äga
653 374 54 13 valrätt
712 374 40 13 inom
757 374 81 13 valkretsen
843 374 38 16 eller,
886 375 27 12 där
917 374 41 16 fråga

507 393 17 12 är
531 396 24 9 om
563 392 38 16 stad,
611 396 31 9 som
652 392 48 13 består
706 396 19 9 av
732 392 35 14 flera
774 392 85 16 valkretsar,
865 392 40 13 inom
910 392 48 16 någon

507 413 19 9 av
533 410 46 13 dessa.

525 427 28 14 Till
560 427 38 14 båda
605 428 77 13 kamrarna
689 428 26 13 ske
722 428 42 13 valen
772 428 33 13 med
813 428 109 17 proportionellt
927 428 31 14 val-

507 446 35 13 sätt.

525 463 76 13 Allmänna
610 463 24 13 val
643 463 21 13 till
673 464 49 13 Andra
731 463 83 14 kammaren
823 464 53 13 skedde
885 465 48 13 senast
942 464 16 13 år

508 481 39 16 1928,
556 481 39 13 vilka
603 481 25 14 val
636 481 37 17 gälla
681 481 22 14 för
711 481 67 17 perioden
789 485 95 13 1929—1932.

625 517 74 17 Första
712 517 122 18 kammaren.

645 547 114 18 Stockholms
770 548 47 17 stad.

588 576 123 22 (Mandattiden
725 578 48 22 utgår
785 578 19 17 år
818 578 57 22 1929.)

507 607 84 20 Klefbeck,
607 608 51 16 Ernst
670 609 64 19 Alarik,
749 609 76 21 Kyrkoh.
839 607 51 23 [713],
904 610 11 15 f.
929 610 28 19 66;

531 632 21 16 21
565 630 42 22 (adr.
621 631 110 21 Stockholm).

507 657 22 15 H.
539 656 41 16 Exc.
589 655 77 22 Trygger
673 654 28 23 [5],
711 657 11 16 f.
732 656 28 20 57;
768 657 21 16 21
797 655 41 22 (adr.
846 656 111 21 Stockholm).

507 679 71 21 Lindley,
596 681 71 16 Charles
680 681 65 19 Gustaf,
759 681 27 17 Sv.
800 682 158 20 transportarbetar-

530 705 100 16 förbundets
648 705 142 20 förtroendeman,
810 706 11 15 f.
838 706 27 18 65;
880 706 21 15 21
914 704 43 21 (adr.

530 725 121 24 Äppelviken).

507 751 84 22 Berglund,
608 753 31 20 Jan
659 752 46 20 Erik,
725 753 64 16 Kassör
808 751 40 22 [88],
865 754 11 15 f.
893 754 27 18 64;
935 753 21 16 21

529 774 42 21 (adr.
585 775 90 21 Enskede).

506 798 82 20 Stendahl,
607 800 45 19 Sten,
672 800 111 16 Grosshandl.
800 798 51 23 [968],
868 801 11 16 f.
894 800 26 20 76;
935 801 21 16 21

529 822 42 21 (adr.
585 822 109 21 Stockholm).

506 846 88 22 Thorberg,
601 848 55 20 Johan
665 848 53 15 Arvid
724 848 80 21 Justinus,
813 848 143 21 Landsorganisa-

530 871 66 16 tionens
603 869 98 23 ordf.[501],
709 872 11 16 f.
730 870 26 21 77;
764 872 21 16 21
795 870 41 21 (adr.
844 871 111 21 Stockholm).

506 899 31 12 von
549 894 65 21 Sydow,
633 896 54 15 Adolf
704 896 81 21 Hjalmar,
800 896 41 16 Led.
855 902 20 10 av
887 897 69 15 Arbets-

530 918 47 17 rådet
589 917 39 22 [89],
642 920 11 15 f.
667 920 27 18 62;
709 920 20 15 21
743 918 42 21 (adr.
799 918 110 22 Stockholm).

506 942 96 21 Magnuson,
621 943 40 16 Paul
680 944 52 19 Knut,
752 944 89 19 Fabrikör,
860 945 11 15 f.
892 943 27 20 76;
934 944 21 16 24

529 965 41 21 (adr.
584 965 110 21 Stockholm).

506 989 95 21 Ljunglund,
620 991 78 15 Leonard
711 991 76 15 Kristian
800 991 73 19 Vinfrid,
887 991 69 16 Huvud-

529 1014 80 16 redaktör
621 1012 52 23 [950],
687 1015 11 15 f.
712 1013 27 20 67;
754 1015 21 15 26
788 1013 42 21 (adr.
844 1013 111 22 Stockholm).

506 1036 94 22 Cederborg,
619 1038 56 19 Allan,
695 1038 82 16 Direktör
795 1036 52 23 [877],
867 1039 11 16 f.
892 1039 27 19 68;
934 1039 21 16 28

528 1060 42 21 (adr.
583 1060 111 21 Stockholm).

505 1084 75 21 Testrup,
601 1086 42 15 Erik
662 1086 73 16 Mathias
754 1086 78 21 Hjalmar
847 1086 107 20 Gustafsson,

529 1106 71 20 Överste
613 1107 52 23 [310],
679 1110 11 16 f.
704 1109 27 20 78;
745 1110 22 16 28
776 1109 42 21 (adr.
828 1109 126 21 Kristianstad).

506 1147 127 25 [143—144]

551 1179 115 18 Stockholms
678 1180 32 17 län
722 1180 32 17 och
770 1180 83 22 Uppsala
865 1181 39 18 län.

583 1208 124 22 (Mandattiden
721 1210 48 22 utgår
782 1210 18 17 år
815 1210 56 22 1930.)

504 1239 62 20 Möller,
579 1241 45 15 Fritz
637 1241 68 19 Gustav,
715 1239 67 22 (förutv.
791 1240 87 21 Statsråd),
888 1242 67 15 Redak-

528 1266 30 17 tör,
571 1265 11 15 f.
596 1264 28 19 84;
638 1265 22 15 22
672 1263 42 21 (adr.
728 1263 110 22 Stockholm).

504 1287 110 21 Lagerbjelke,
624 1289 56 20 Johan
693 1289 64 19 Gustaf,
768 1289 60 19 Greve,
837 1289 23 16 fd.
870 1288 87 22 Byråchef

528 1310 51 22 [211],
592 1313 12 15 f.
618 1312 27 19 60;
659 1312 22 16 22
694 1311 41 21 (adr.
749 1310 70 24 Älvsjö).

503 1335 118 19 Reuterskiöld,
640 1336 39 16 Carl
695 1336 68 21 Ludvig
775 1337 66 21 August
853 1337 49 19 Axel,
915 1338 39 15 Pro-

527 1360 54 16 fessor
593 1357 52 23 [717],
658 1360 11 16 f.
683 1359 27 20 70;
724 1361 22 15 22
758 1358 42 22 (adr.
814 1359 86 22 Uppsala).

504 1382 97 20 Wahlmark,
620 1384 39 16 Carl
675 1384 70 20 Primus,
759 1385 91 21 Typograf,
864 1385 11 16 f.
889 1385 27 19 83;
931 1385 22 16 22

527 1405 41 22 (adr.
582 1406 85 22 Uppsala).

503 1430 135 22 Hammarskjöld,
651 1432 47 15 Knut
710 1432 77 21 Hjalmar
796 1432 83 19 Leonard,
889 1433 64 15 Lands-

527 1455 76 21 hövding
615 1453 52 22 [476],
680 1456 11 16 f.
705 1456 27 19 62;
747 1456 22 15 22
781 1454 42 22 (adr.
837 1454 85 23 Uppsala).

477 1503 33 15 143
