1064 1574
441 52 106 22 Riksdagen.

67 171 56 25 [142]
196 161 46 34 VV.
272 161 221 43 Riksdagen

827 51 121 33 [142—244]

498 190 7 13 ,
532 163 91 32 dess
650 161 267 36 Ombudsmän

385 213 70 33 och
486 212 118 35 Verk.

195 293 134 28 Riksdagen.

55 338 66 16 Lagtima
134 338 57 16 riksdag
204 338 41 15 skall,
255 338 5 13 i
268 338 41 14 kraft
320 342 19 9 av
350 339 45 13 rikets
407 338 80 17 regerings-

38 355 42 15 form,
91 355 110 14 sammanträda
210 356 41 16 varje
260 356 15 13 år
285 356 28 12 den
323 359 16 9 10
347 356 59 16 januari
413 356 39 14 eller,
462 359 24 10 om

38 373 61 16 helgdag
108 372 17 13 då
133 372 74 16 inträffar,
216 372 46 17 dagen
271 372 69 14 därefter.

56 390 48 13 Första
117 390 85 13 kammarens
214 390 71 13 ledamöter
305 393 16 10 äro
335 393 25 12 150
372 390 27 12 och
410 389 46 16 väljas

37 407 32 13 åtta
82 407 15 12 år,
109 407 63 13 räknade
182 407 31 13 från
222 407 27 13 och
257 407 33 13 med
298 407 58 16 januari
364 407 60 13 månads
434 407 50 12 början

37 424 31 13 året
77 424 32 13 näst
116 424 38 13 efter
162 424 29 15 det,
200 424 46 13 under
255 424 45 13 vilket
308 424 39 13 valet
356 424 43 15 skett,
409 428 17 9 av
438 424 47 12 lands-

39 442 56 15 tingens
103 440 79 14 ledamöter
191 442 26 12 och
225 441 59 13 särskilt
292 441 61 13 utsedda
362 441 72 13 elektorer
440 441 22 13 för
467 440 18 13 de
494 452 1 3 |

38 458 53 15 städer,
100 462 30 9 som
140 459 13 15 ej
164 458 57 17 deltaga
231 459 3 12 i
245 459 76 15 landsting.
334 459 28 12 För
370 459 24 13 val
403 459 23 12 till
435 459 50 12 Första
494 459 1 9 |

38 475 84 13 kammaren
136 476 16 12 är
164 475 38 13 riket
214 475 57 13 indelat
279 476 5 12 i
293 475 86 14 valkretsar.
396 475 90 13 Stockholms

38 492 33 13 stad
78 492 26 14 och
113 492 80 16 Göteborgs
202 492 33 13 stad
244 494 50 15 utgöra
300 497 26 9 var
336 493 22 13 för
363 493 22 16 sig
393 497 18 9 en
417 492 68 14 valkrets.

39 510 52 13 Annan
101 509 38 16 stad,
147 514 31 9 som
187 510 13 16 ej
210 510 160 17 deltager
271 502 16 31 i
286 510 83 17 landsting,
375 511 49 12 tillhör
430 513 55 10 samma

38 527 65 13 valkrets
115 531 30 9 som
157 527 25 13 det
190 527 146 17 landstingsområde,
344 528 33 13 vari
386 527 51 14 staden
447 527 39 13 förut
495 538 1 3 |

38 545 53 16 ingått.
109 544 41 13 Flera
163 544 151 17 landstingsområden
322 545 51 13 kunna
381 545 106 13 sammanföras

39 562 4 13 i
52 565 18 9 en
83 561 70 16 valkrets;
166 566 33 9 men
213 562 13 17 ej
240 563 23 12 må
276 562 140 16 landstingsområde
430 562 40 13 delas
481 562 5 12 i

38 578 48 14 skilda
98 578 61 14 kretsar.
177 578 96 18 Indelningen
285 580 4 13 i
301 579 81 13 valkretsar
393 579 93 14 innehålles
474 572 16 30 i

39 596 72 16 vallagen,
128 597 27 12 För
169 597 39 16 varje
222 597 63 12 valkrets
299 597 45 16 väljes
357 597 36 13 efter
404 596 83 16 folkmängd

39 617 17 9 en
64 614 98 15 riksdagsman
172 613 20 13 för
201 615 32 11 vart
242 614 32 12 fullt
283 614 23 15 tal,
316 614 100 13 motsvarande
428 614 29 15 1/59
469 617 18 9 av

39 630 44 13 rikets
92 630 87 16 folkmängd.
192 630 102 14 Valkretsarna
302 630 56 14 indelas
366 631 6 13 i
380 631 31 13 åtta
420 634 68 13 grupper,

39 647 49 13 vilken
97 647 76 16 indelning
181 647 78 14 fastställes
268 647 4 13 i
281 648 72 16 vallagen.
368 648 85 13 Kammaren
461 648 27 13 för-

40 668 35 12 nyas
88 664 32 13 med
130 668 17 9 en
157 665 66 13 åttondel
231 665 39 16 varje
277 665 21 13 år.
314 665 29 13 Det
350 666 39 12 antal
396 665 18 13 de
420 665 77 13 särskilda
489 658 12 30 |

40 681 96 13 valkretsarna
146 681 40 13 skola
195 683 31 12 utse
238 682 86 13 bestämmes
334 682 45 16 enligt
387 681 111 14 ovannämnda
485 674 16 31 |

39 702 42 10 norm
95 702 18 9 av
127 698 80 16 Konungen
222 700 33 12 vart
271 703 30 9 10:e
315 699 16 13 år
347 699 24 15 (K.
386 699 44 16 kung.
439 699 49 13 härom
497 697 1 5 |

40 715 17 17 5/5
67 716 46 15 1914).
127 715 70 14 Ledamot
206 720 19 9 av
235 716 50 13 Första
294 716 89 15 kammaren,
392 720 32 9 som
432 716 32 13 icke
473 716 16 13 är

40 733 49 13 bosatt
99 733 7 12 å
116 734 27 14 ort,
154 733 26 13 där
188 733 59 16 riksdag
253 733 48 15 hålles,
309 733 65 16 åtnjuter
380 737 18 9 av
404 732 85 14 statsmedel

39 749 95 14 resekostnad
147 749 22 14 till
181 751 27 12 och
217 750 32 13 från
258 750 77 17 riksdagen
344 752 38 12 samt
392 751 3 12 i
405 751 84 16 dagtrakta-

39 768 49 12 mente
103 770 15 12 32
131 767 28 15 kr.,
170 767 46 14 vilket
225 767 127 17 dagtraktamente
360 768 14 16 ej
383 768 22 13 får
417 767 72 16 överstiga

40 784 95 16 sammanlagt
148 787 41 13 4,500
201 785 22 12 kr.
240 785 52 13 Annan
304 785 64 13 ledamot
377 789 19 9 av
405 785 84 13 kammaren

41 801 54 13 undfår
101 801 4 13 i
111 801 127 15 dagtraktamente
245 806 16 12 24
268 803 27 14 kr.,
302 802 36 13 dock
344 802 96 16 sammanlagt
447 802 41 16 högst

42 822 39 12 3,400
90 818 22 13 kr.
125 818 76 16 Därjämte
211 820 33 15 äger
252 819 104 16 riksdagsman,
365 824 31 9 som
406 819 46 14 under
460 819 28 16 lag-

40 836 37 13 tima
85 835 58 16 riksdag
151 835 37 14 efter
198 836 63 16 beviljad
270 836 64 16 ledighet
343 837 60 13 besöker
409 836 79 15 hemorten,

41 854 22 11 att
73 857 18 9 av
100 853 84 13 statsmedel
193 853 45 13 undfå
248 854 81 16 ersättning
335 854 22 13 för
363 854 45 13 därav
414 853 76 14 föranledd

40 870 98 15 resekostnad,
153 870 36 13 dock
203 870 22 13 för
238 871 42 16 högst
294 874 7 9 2
314 875 39 9 resor
365 871 38 14 fram
415 871 27 13 och
454 871 36 13 åter.

43 887 62 13 Valbara
118 887 25 13 äro
156 888 33 12 män
202 888 27 13 och
240 888 67 14 kvinnor,
318 892 31 9 som
361 888 32 16 fyllt
404 892 16 13 35
430 888 15 13 år
452 889 38 12 samt

42 905 27 15 äga
82 904 27 13 och
119 905 44 12 minst
173 909 6 11 3
187 905 16 12 år
210 905 30 13 före
249 906 39 12 valet
298 905 24 16 ägt
329 905 72 16 fastighet,
412 906 78 15 taxerings-

43 921 70 13 värderad
126 921 22 13 till
159 921 88 14 åtminstone
256 926 49 12 50.000
314 922 27 15 kr.,
349 923 34 12 eller
392 922 46 14 under
446 922 44 16 sagda

43 938 21 13 tid
74 938 22 13 till
103 940 48 11 staten
159 939 57 12 skattat
222 939 21 13 för
249 939 63 13 inkomst
317 943 18 9 av
340 940 44 12 minst
389 944 40 11 3,000
434 940 56 12 kronor.

61 955 48 13 Andra
118 956 86 13 kammarens
212 956 72 13 ledamöter
293 957 24 12 äro
327 960 29 12 230,
367 957 42 12 valda
419 957 44 12 fören
469 957 21 13 tid

42 976 19 9 av
70 972 31 16 fyra
110 973 16 12 år,
138 973 65 12 räknade
211 973 32 13 från
252 973 27 13 och
285 973 33 13 med
326 973 58 16 januari
392 973 61 13 månads
459 974 32 12 bör-

41 989 25 16 jan
76 990 33 12 året
117 991 33 11 näst
158 989 38 13 efter
206 990 29 15 det,
244 990 46 13 under
299 990 47 13 vilket
355 991 40 12 valet
403 991 44 12 skett.
464 991 27 12 För

42 1006 41 12 dessa
90 1006 23 13 val
121 1007 15 12 är
141 1006 36 13 riket
185 1006 54 14 indelat
248 1007 3 12 i
259 1007 82 15 valkretsar,
348 1011 31 9 som
386 1008 38 15 välja
434 1007 44 13 minst
484 1011 6 12 3

42 1023 98 16 riksdagsmän
149 1027 32 9 var.
189 1023 42 17 Varje
242 1024 62 13 valkrets
312 1024 35 13 skall
355 1025 41 12 alltså
404 1024 18 13 ba
429 1028 19 9 en
456 1024 35 13 folk-

42 1040 53 15 mängd.
108 1040 88 16 som
134 1032 17 31 i
150 1040 46 16 regel
204 1041 41 15 utgör
257 1041 29 15 3/3
299 1044 18 10 av
330 1041 44 13 rikets
386 1041 105 13 invånarantal.

43 1056 110 14 Valkretsarnas
166 1057 40 13 antal
219 1058 16 12 är
248 1058 21 12 28.
287 1058 44 16 Varje
342 1058 24 13 län
378 1058 41 16 utgör
431 1062 18 9 en
461 1058 30 13 val-

42 1074 45 16 krets,
100 1075 42 12 utom
156 1072 79 19 -Älvsborgs
248 1075 28 15 län,
285 1078 31 10 som
325 1075 16 13 är
350 1075 40 13 delat
399 1075 5 13 i
413 1079 7 8 2
429 1075 63 16 kretsar,

42 1091 72 16 varjämte
127 1091 65 16 följande
206 1091 48 13 städer
267 1091 40 14 bilda
319 1096 27 9 var
359 1093 22 12 sin
394 1092 72 13 valkrets:
477 1093 13 15 1)

42 1108 90 16 Stockholm,
145 1109 13 15 2)
173 1108 58 16 Malmö,
245 1109 103 17 Hälsingborg,
360 1109 95 14 Landskrona
464 1110 27 13 och

43 1125 47 16 Lund,
100 1127 13 15 3)
123 1125 77 17 Göteborg.
215 1126 27 13 Det
252 1127 38 12 antal
300 1127 102 15 riksdagsmän,
413 1127 39 16 varje
462 1127 30 13 val-

42 1143 39 12 krets
95 1143 32 15 äger
141 1145 35 13 utse,
188 1143 78 13 fastställes
277 1143 21 13 för
308 1143 40 16 varje
357 1144 106 16 fyraårsperiod
473 1142 27 15 av
488 1138 11 27 |

46 1160 84 15 Konungen.
500 1166 1 13 |

61 1182 49 13 Andra
120 1182 90 13 kammarens
219 1182 78 13 ledamöter
308 1183 57 15 åtnjuta
376 1186 54 10 samma
441 1183 60 13 ersätt-
492 1175 12 30 |

42 1199 35 16 ning
91 1203 30 9 som
135 1199 50 13 Första
199 1200 94 12 kammarens.
305 1206 18 3 —
335 1200 57 12 Valrätt
406 1200 86 13 tillkommer

42 1220 44 9 envar
95 1216 51 13 svensk
155 1220 32 9 man
197 1217 27 13 och
233 1216 61 16 kvinna,
303 1220 31 10 som
343 1218 48 12 senast
400 1216 46 14 under
453 1217 39 13 näst-

42 1233 85 17 föregående
140 1233 85 14 kalenderår
239 1234 32 16 fyllt
286 1238 16 12 23
315 1234 20 14 år,
347 1234 36 13 dock
395 1234 13 16 ej
418 1235 32 13 den,
461 1238 31 9 som

42 1251 30 12 står
87 1251 45 13 under
144 1250 122 17 förmynderskap
274 1251 27 13 eller
317 1252 16 12 är
341 1251 5 12 i
355 1251 136 16 konkurstillstånd,

42 1267 13 16 ej
69 1267 45 13 heller
127 1267 32 15 den,
173 1272 32 9 som
217 1268 15 13 är
242 1272 18 9 av
269 1268 19 13 all
325 1272 19 9 na
352 1268 100 17 fattigvården
462 1272 39 14 om-
490 1264 13 26 |

43 1284 98 17 händertagen
150 1285 22 13 för
181 1285 68 17 varaktig
256 1285 93 16 försörjning,
357 1286 35 13 eller
399 1286 94 16 värnpliktig,

43 1302 35 13 eller
90 1302 33 15 den,
137 1306 31 9 som
180 1303 16 12 är
207 1303 32 12 från
249 1303 73 12 valrätten
332 1303 74 13 utesluten
418 1304 18 15 på
445 1303 47 16 grund

43 1323 18 9 av
70 1319 53 13 honom
133 1319 53 13 ådömd
195 1319 105 17 straffpåföljd.
318 1320 63 13 Valbara
390 1320 25 13 äro
423 1320 34 13 män
466 1320 26 13 och
501 1323 1 3 |

42 1336 70 16 kvinnor,
124 1340 31 9 som
168 1337 27 15 äga
209 1337 54 12 valrätt
275 1337 40 13 inom
328 1337 80 13 valkretsen
421 1338 37 13 eller,
467 1336 35 20 där
491 1329 12 31 |

42 1354 40 15 fråga
92 1354 16 12 är
117 1357 24 9 om
151 1355 36 14 stad,
193 1357 31 10 som
234 1354 47 13 består
291 1357 19 10 av
320 1354 35 13 flera
364 1354 84 17 valkretsar,
453 1354 40 13 inom
501 1357 1 12 |

44 1370 47 17 någon
102 1374 18 9 av
129 1370 46 14 dessa.
501 1370 1 8 I

60 1393 28 13 Till
102 1393 37 13 båda
154 1393 77 14 kamrarna
245 1394 24 13 ske
283 1394 41 13 valen
338 1394 33 13 med
384 1394 118 17 proportionell:
494 1385 12 32 |

35 1403 68 30 valsätt.
501 1407 2 10 |

60 1433 77 13 Allmänna
146 1433 23 13 val
179 1433 23 13 till
210 1433 49 13 Andra
269 1434 82 12 kammaren
361 1433 53 14 skedde
423 1435 49 12 senast
473 1414 12 43 år
491 1418 12 30 |

45 1453 36 14 1921,
92 1450 38 13 vilka
143 1450 24 13 val
180 1451 37 16 gälla
229 1450 22 13 för
259 1450 85 14 återstoden
354 1454 18 10 av
381 1451 67 16 perioden
460 1454 32 13 1921

43 1471 59 12 —1924.

633 294 67 18 Första
713 294 113 18 kammaren,

638 342 114 19 Stockholms
766 343 49 18 stad.

503 378 81 19 Kleibeck,
599 379 52 15 Ernst
664 379 64 19 Alarik,
742 380 79 19 Kyrkoh.
834 381 51 18 [713],
900 381 11 15 f.
923 379 28 20 66;

525 400 22 16 21
559 401 42 19 (adr.
614 402 114 20 Stockholm).

504 424 22 15 H.
539 424 43 16 Exc.
599 425 67 19 Trygger
684 427 29 18 [5],
732 426 10 15 f.
758 424 27 20 57;
800 424 22 17 21
835 426 42 19 (adr.
890 426 61 15 Stock-

526 448 60 18 holm).

503 470 70 19 Lindley,
580 470 69 16 Charles
656 471 67 18 Gustaf,
728 466 29 28 Sv.
759 471 193 19 transportarbetarför-

526 493 76 15 bundets
622 494 147 18 förtroendeman,
789 494 11 15 f.
820 493 28 20 65;
867 493 22 16 21
909 495 42 19 (adr.

526 516 114 19 Stockholm).

504 538 61 19 Clason,
578 539 76 17 Samuel,
666 539 78 16 Statsråd
757 541 40 19 [52],
810 540 11 15 f.
836 538 27 20 67;
875 539 21 16 21
910 540 42 20 (adr.

527 561 113 22 Stockholm).

505 585 82 18 Berglund,
605 585 33 18 Jan
656 585 47 17 Erik,
723 585 70 18 Kassör,
811 586 11 15 f.
835 583 27 20 64;
874 584 22 17 21
910 587 42 19 (adr.

528 607 94 19 Enskede).

505 630 79 19 Stendahl,
596 630 48 18 Sten,
663 630 111 16 Grosshandl.
793 632 51 18 [950],
863 631 11 15 f.
890 629 27 20 76;
930 630 21 16 21

528 653 43 18 (adr.
583 652 118 21 Stockholm).

506 676 83 18 Thorberg,
607 675 56 18 Johan
682 676 55 14 Arvid
752 675 83 19 Justinus,
848 676 105 20 Landsorga-

529 698 108 15 nisationens
649 698 43 15 ordf.
702 700 40 18 [90],
755 699 11 14 f.
774 697 28 20 77;
811 697 22 17 21
842 699 42 19 (adr.
893 700 61 15 Stock-

529 721 59 18 holm).

507 743 114 18 Hederstierna,
634 742 38 16 Carl
686 743 72 16 Fredrik
769 744 87 17 Wilhelm,
865 742 89 18 Överståt-

529 767 65 14 hållare
607 767 51 18 [474],
672 766 11 15 f.
696 765 26 16 61;
735 765 20 16 21
769 767 43 18 (adr.
824 767 114 19 Stockholm).

507 789 51 18 Wahl,
571 789 62 15 Gustaf
645 789 57 17 Adolf,
715 789 86 18 Direktör,
814 790 11 14 f.
838 788 27 20 78;
878 789 20 16 21
912 790 42 20 (adr.

530 812 116 18 Stockholm).

506 834 59 19 Lamm,
584 835 77 15 Herman
680 834 77 19 Fredrik,
774 835 116 19 Grosshandl.,
903 836 11 15 f.
928 834 26 20 53;

528 856 23 16 21
563 857 42 19 (adr.
618 857 114 19 Stockholm).

508 883 31 12 von
557 880 60 18 Sydow,
636 880 51 15 Adolf
700 880 85 19 Hjalmar,
798 881 41 15 Led.
852 885 22 11 av
886 881 69 15 Arbets-

530 903 50 15 rådet
593 903 40 19 [89],
646 903 11 15 f.
669 901 28 19 62;
708 901 21 16 21
742 902 42 22 (adr.
798 903 115 20 Stockholm).

509 962 119 25 [I43—144]

549 994 115 19 Stockholms
679 995 33 18 län
727 995 32 19 och
779 996 85 23 Uppsala
879 996 38 19 län.

510 1031 59 19 Möller,
581 1032 47 15 Fritz
638 1032 72 18 Gustav,
722 1033 96 18 Redaktör,
826 1034 11 14 f.
846 1032 28 19 84;
882 1032 23 16 22
914 1034 42 19 (adr.

531 1055 116 19 Stockholm).

509 1077 104 19 Lagerbjelke,
632 1078 56 18 Johan
707 1078 66 18 Gustaf,
792 1079 62 18 Greve,
869 1079 88 19 Byråchef

532 1101 51 19 [139],
595 1100 11 15 f.
618 1099 28 19 60;
658 1099 22 16 22
693 1101 41 18 (adr.
748 1099 71 21 Älvsjö).

509 1123 54 18 Berge,
582 1123 37 15 Nils
637 1123 57 18 Adolf,
713 1124 141 17 Folkskollärare,
867 1125 11 15 f.
895 1123 27 20 69;
935 1124 22 16 22

532 1145 42 19 (adr.
587 1146 105 18 Hagalund).

510 1168 115 18 Reuterskiöld,
643 1168 38 15 Carl
694 1168 68 19 Ludvig
776 1169 66 19 August
855 1169 50 18 Axel,
919 1170 38 16 Pro-

532 1191 54 15 fessor
598 1192 52 18 [716],
662 1191 11 15 f.
685 1189 28 20 70;
725 1190 22 16 22
760 1192 42 18 (adr.
815 1192 90 19 Uppsala).

509 1213 68 19 Ekman,
590 1214 38 15 Carl
640 1214 68 17 Gustaf,
721 1214 152 19 Riksgäldsfullm.
886 1217 52 18 [211],
947 1216 11 15 f.

532 1235 27 19 72;
571 1235 22 16 22
606 1237 43 19 (adr.
662 1236 113 22 Stockholm).

510 1259 99 19 Weahlmark,
625 1259 38 15 Carl
681 1260 74 18 Primus,
767 1260 93 20 Typograf,
872 1261 12 15 f.
897 1259 27 20 83;
936 1260 23 16 22

533 1282 42 18 (adr.
588 1282 90 20 Uppsala).

511 1305 133 18 Hammarskjöld,
654 1305 49 15 Knut
712 1305 79 18 Hjalmar
799 1306 86 17 Leonard,
894 1306 64 16 Lands-

532 1328 77 19 hövding
621 1328 50 21 [476],
685 1328 11 15 f.
708 1326 28 19 62;
747 1326 23 16 22
782 1328 42 19 (adr.
838 1328 90 20 Uppsala).

511 1350 49 18 Julin,
578 1350 56 18 Johan
650 1351 80 18 Hjalmar
744 1351 76 18 Teodor,
833 1351 72 16 Notarie
918 1353 41 18 [97],

533 1373 12 15 f.
557 1371 27 19 80;
596 1371 23 16 22
631 1373 42 19 (adr.
686 1373 114 19 Stockholm).

511 1395 58 19 Borell,
586 1396 42 15 Karl
647 1396 62 16 Gustaf
725 1396 87 18 Theodor,
825 1397 70 16 Hhövd.
908 1398 52 19 [216],

534 1418 11 15 f.
558 1416 27 19 69;
596 1417 23 16 22
630 1419 44 19 (adr.
687 1419 179 20 Saltsjö-Storängen).

512 1441 45 18 Fehr,
570 1441 63 16 Martin
646 1442 89 18 Nikolaus,
749 1442 88 16 Professor
849 1443 51 21 [820],
912 1443 11 15 f.
931 1441 28 20 85;

533 1462 23 17 23
568 1464 42 19 (adr.
623 1464 116 20 Stockholm).

484 1512 28 14 141
