1258 1906
569 62 117 34 Riksdagen
1122 64 65 19 7—7b

59 264 13 30 I
135 262 181 38 Riksdagen

53 381 12 32 17
137 394 27 15 100
173 394 16 15 12
197 394 98 15 Stockholm.
302 394 32 15 Tel.
341 394 47 15 08-14
395 394 19 15 20
420 394 24 15 20.
723 391 46 18 visas,
778 391 69 15 förutom
855 391 5 15 i
868 391 120 16 nedanstående
995 391 102 20 förteckning
1104 393 38 15 över
1149 392 38 16 riks-

723 413 60 20 dagens
790 413 93 19 ledamöter,
892 414 40 15 även
940 414 51 15 under
999 414 35 15 avd.
1042 419 19 10 nr
1068 414 15 16 8.
1091 414 96 16 Statskalen-

723 435 39 16 dern
769 435 81 16 redovisar
856 436 110 15 ledamöterna
973 436 4 15 i
984 436 31 16 den
1022 436 119 20 ordningsföljd
1148 437 4 15 i
1159 437 28 15 vil-

723 458 30 15 ken
764 458 19 15 de
793 459 17 14 är
820 461 82 17 upptagna
911 458 5 15 i
926 458 31 16 den
967 463 19 10 av
997 458 84 20 riksdagen
1091 459 96 19 upprättade

723 480 126 20 förteckningen.
855 477 86 19 Årssiffror
947 480 44 16 inom
998 484 73 16 parentes
1078 481 86 16 betecknar
1169 481 18 16 ti-

723 502 54 20 digare
784 502 111 20 ledamotskap
902 507 19 11 av
928 503 84 19 riksdagen
1019 504 36 18 (FK
1064 510 14 5 =
1087 503 50 16 första
1144 504 43 15 kam-

723 529 60 14 maren,
791 525 30 15 AK
831 532 13 5 =
854 525 50 15 andra
911 525 99 18 kammaren,
1018 526 14 15 R
1041 533 14 5 =
1065 525 96 20 riksdagen).

60 448 150 21 Regeringsformen
228 448 31 16 den
277 449 18 15 28
314 448 38 16 febr.
373 448 37 15 1974
428 448 25 19 (nr
473 448 34 17 152;
525 448 79 19 omtryckt

61 466 45 28 1979:
109 466 40 28 933;
159 471 61 15 ändrad
229 473 52 13 senast
292 471 43 15 1979:
342 471 41 18 933).
393 470 170 19 Riksdagsordningen
573 470 30 15 den

59 494 19 15 28
91 493 39 16 febr.
146 494 37 15 1974
195 494 26 18 (nr
235 493 34 18 153;
282 493 79 19 omtryckt
376 493 88 17 1979:934;
477 492 62 15 ändrad
551 495 53 12 senast

62 516 44 16 1979:
112 516 42 19 934).
160 516 55 19 Vallag
220 515 32 16 den
258 516 8 15 8
272 515 33 16 dec.
313 515 38 16 1972
356 516 26 18 (nr
387 515 37 17 620;
430 515 78 19 omtryckt
516 515 44 15 1979:
567 515 37 17 456;

60 538 62 16 ändrad
129 541 52 13 senast
190 538 44 15 1979:
243 538 49 19 1101).

723 568 136 19 Partiställningen
867 568 4 15 i
878 568 82 19 riksdagen

136 603 91 20 Riksdagen
237 603 40 16 skall
287 603 120 16 sammanträda
417 603 22 16 till
450 603 65 20 lagtima
525 603 75 16 riksmöte
994 600 48 15 Antal
1049 600 88 25 ledamöter

135 625 43 20 varje
184 626 18 15 år
208 626 21 19 på
235 626 31 19 dag
273 626 5 15 i
284 626 90 19 september
380 626 38 15 eller
425 626 67 15 oktober
499 630 34 11 som
540 626 60 15 riksda-
678 645 3 2 .
785 645 3 2 4
833 645 3 2 3
944 622 50 15 Manl.
1007 618 15 29 —
1032 622 65 16 Kvinnl.
1118 622 53 15 Totalt

135 653 30 15 gen
172 648 28 16 har
205 648 68 16 bestämt
279 648 26 16 vid
312 649 70 15 närmast
388 648 98 20 föregående
492 648 65 20 lagtima
562 648 38 16 riks-
646 645 172 15 Socialdemokratiska
825 645 77 19 riksdags-

135 671 47 15 möte.
189 671 71 19 Lagtima
265 671 75 15 riksmöte
345 675 35 11 som
386 671 29 15 har
419 670 53 16 inletts
477 671 51 15 under
533 670 67 20 augusti,
666 672 72 15 gruppen
745 665 20 31 =
779 689 3 3 -
851 689 3 3 E
945 667 27 15 112
1031 667 19 15 42
1121 667 28 15 154

135 693 90 20 september
233 693 37 16 eller
278 693 68 16 oktober
354 693 40 15 skall
403 693 69 16 avslutas
480 696 53 12 senast
542 693 31 15 den
582 694 16 15 31
646 689 85 16 Moderata
738 689 133 20 samlingspartiet
943 684 30 30 44
1031 689 19 15 20
1129 689 20 15 64

136 715 31 20 maj
177 715 72 20 följande
258 716 21 15 år.
289 715 91 20 Riksdagen
390 715 32 16 kan
431 720 27 11 om
467 715 91 20 synnerliga
567 715 33 16 skäl
741 734 3 3 3

135 738 85 20 föreligger
224 738 74 19 förlänga
303 738 87 18 riksmötet,
396 738 42 15 dock
444 738 51 19 längst
500 738 22 15 till
528 738 30 15 och
564 738 37 15 med
634 730 127 29 Centerpartiet
954 734 18 15 st
1033 734 17 15 16
1126 730 21 27 173

136 760 31 16 den
176 761 16 15 15
198 760 40 20 juni.
636 753 107 27 Folkpartiet
954 757 18 15 29
1041 757 9 15 9
1130 757 18 15 38

157 782 91 20 Riksdagen
257 782 29 16 har
294 783 29 15 349
333 782 92 16 ledamöter.
436 782 116 16 Ledamöterna
561 782 40 20 väljs
646 779 123 20 Vänsterpartiet
776 779 137 16 kommunisterna
922 775 20 31 —
956 779 16 15 15
1042 779 8 15 5
1130 779 19 15 20

135 804 51 16 direkt
196 804 27 16 vid
234 807 21 13 ett
265 805 42 15 enda
317 804 62 16 tillfälle
389 804 25 16 för
425 809 19 11 en
455 804 56 20 period
522 809 19 11 av
551 807 23 13 tre
584 805 17 15 år
941 798 50 36 257
1033 798 21 36 PR
943 806 246 24 3

135 827 88 19 (ordinarie
229 827 37 19 val).

156 849 24 15 Av
191 849 86 15 mandaten
288 850 17 14 är
315 849 30 16 310
355 849 41 15 fasta
406 849 141 18 valkretsmandat,
558 849 43 15 vilka

716 852 23 30 Pi
786 852 37 30 tuell
835 852 66 30 fördelni
963 857 57 15 kvinnliga
1054 857 67 15 ledamöter
1150 857 4 4 ii

136 871 69 16 fördelas
212 871 59 16 mellan
278 871 59 19 partier
343 872 21 19 på
370 871 79 20 grundval
456 876 20 10 av
483 871 117 16 valresultatet
588 867 15 28 i
740 862 71 11 FÖCENENS
828 857 15 37 I
871 862 51 14 EENEE
934 862 74 10 BYS
1016 862 26 14 EA
1052 857 36 37 STR
1089 861 49 11 NIST
1150 862 41 10 Star

165 893 3 3 7
544 893 3 3 5
588 893 3 3 5
726 880 78 19 partierna

135 898 43 15 varje
188 893 73 16 valkrets.
272 894 64 15 Antalet
346 893 41 16 fasta
397 893 136 16 valkretsmandat
543 898 4 11 i
558 898 43 15 varje
1060 912 3 3 S

135 916 69 15 valkrets
211 916 84 15 fastställes
303 916 25 15 för
335 918 22 13 tre
365 916 17 15 år
390 916 4 15 i
402 916 58 15 sänder
467 916 21 19 på
495 916 78 19 grundval
581 920 19 11 av
679 935 3 2 A
786 935 2 2 s
1033 913 65 15 Kvinnl.
1121 913 66 15 Procent

135 943 20 11 en
164 938 88 20 beräkning
261 942 19 11 av
289 938 108 15 förhållandet
406 938 58 15 mellan
473 938 60 15 antalet
541 938 59 15 röstbe-
647 935 172 15 Socialdemokratiska
826 935 77 19 riksdags-

135 960 77 20 rättigade
223 960 5 15 i
240 960 88 16 valkretsen
340 960 31 16 och
382 960 60 16 antalet
453 960 132 19 röstberättigade
596 960 4 15 i
666 955 73 30 gruppen
1032 957 18 15 42
1120 958 35 17 21,3

135 982 36 16 hela
178 982 39 16 riket
224 982 48 20 enligt
279 983 73 15 närmare
359 982 99 16 föreskrifter
465 982 4 15 i
476 982 78 20 vallagen.
647 980 85 15 Moderata
738 979 133 20 samlingspartiet
1032 980 20 14 20
1120 980 8 15 IL

156 1001 59 23 Övriga
225 1005 66 15 mandat
301 1005 17 15 är
328 1004 170 20 utjämningsmandat,
509 1004 42 16 vilka
561 1005 40 15 först
614 997 17 33 —
647 1002 115 19 Centerpartiet
1034 1002 17 15 16
1120 1002 35 18 21,9

135 1027 70 15 fördelas
212 1027 59 15 mellan
278 1027 59 19 partier
343 1027 21 19 på
370 1027 79 20 grundval
456 1032 20 10 av
482 1027 107 16 valresultatet
596 1027 5 15 i
647 1020 97 29 Folkpartiet
1042 1024 9 15 9
1121 1024 34 18 23,7

135 1049 36 16 hela
178 1049 39 16 riket
224 1049 31 16 och
262 1049 69 16 därefter
337 1049 67 16 tillföres
411 1049 91 16 valkretsar.
647 1046 123 20 Vänsterpartiet
777 1046 137 16 kommunisterna
1043 1047 8 15 $
1120 1047 36 17 25,0

157 1072 30 15 För
192 1071 43 20 varje
241 1072 66 15 mandat
313 1076 34 11 som
353 1072 41 19 parti
400 1071 30 16 fått
436 1074 42 13 utses
484 1071 4 16 i
494 1071 106 16 vederböran-
1015 1066 14 36 AG
1087 1066 64 36 ARA

135 1094 20 16 de
160 1094 68 15 valkrets
234 1099 19 10 en
259 1094 144 19 riksdagsledamot
408 1094 49 19 enligt
462 1094 98 15 föreskrifter
565 1099 35 10 som

135 1116 82 16 meddelas
224 1116 5 15 i
236 1116 77 20 vallagen.

157 1138 40 16 Parti
203 1143 35 11 som
244 1138 28 16 har
278 1138 28 16 fått
312 1138 62 16 mindre
380 1139 20 15 än
407 1138 34 20 fyra
447 1141 66 17 procent
519 1143 20 11 av
545 1139 56 15 röster-
969 1154 9 3 sg

135 1165 21 11 na
166 1160 24 16 får
199 1161 32 15 inte
241 1161 42 15 delta
293 1161 4 15 i
307 1160 185 20 mandatfördelningen.
503 1161 57 15 Partiet
569 1161 31 15 kan
649 1151 26 24 7a
728 1154 151 20 Kammarens
890 1153 125 21 ledamöter

135 1183 43 15 dock
185 1183 16 15 få
209 1183 66 15 mandat
282 1183 4 15 i
294 1183 68 15 valkrets
370 1183 29 15 där
406 1183 27 15 det
440 1183 29 15 har
476 1183 29 15 fått
513 1183 48 15 minst
568 1183 33 15 tolv

135 1208 67 16 procent
208 1210 20 10 av
235 1206 76 14 rösterna.
727 1203 64 14 Talman

157 1227 214 20 Riksdagsmannauppdrag
387 1227 32 15 kan
435 1228 57 15 utövas
508 1227 57 16 endast
581 1232 19 10 av
649 1225 85 19 Bengtsson
741 1225 37 15 Sten
786 1224 46 16 Bertil
840 1224 89 19 Ingemund,
938 1224 23 18 19,
968 1225 19 14 79
994 1229 6 10 s

135 1249 58 16 svensk
201 1249 111 20 medborgare,
321 1254 35 11 som
365 1250 17 15 är
391 1249 66 20 myndig
466 1249 31 16 och
506 1252 81 17 upptagen
596 1249 4 16 i
796 1268 4 3 i

135 1272 82 19 röstlängd
224 1272 53 15 såsom
284 1271 127 20 röstberättigad.
728 1268 52 15 Förste
787 1272 31 11 vice
824 1267 59 15 talman

156 1294 87 15 Allmänna
250 1294 25 15 val
283 1294 40 19 ägde
330 1296 53 13 senast
391 1299 34 10 rum
435 1294 38 15 1979
481 1294 30 15 och
518 1294 49 19 avsåg
574 1299 26 14 pe-
648 1290 86 15 Troedsson
741 1290 80 19 Ingegerd,
828 1290 24 17 29,
859 1290 19 15 79
886 1294 15 10 m

135 1316 56 15 rioden
201 1316 103 15 1979—1982.

157 1337 102 17 Beträffande
272 1337 151 20 riksdagsledamots
436 1337 86 20 ersättning
534 1337 29 16 har
574 1338 26 15 be-
728 1332 51 15 Andre
785 1336 31 11 vice
823 1332 58 15 talman

135 1360 99 16 stämmelser
243 1362 53 13 senast
306 1360 46 19 givits
362 1360 5 15 i
377 1360 152 19 ersättningsstadga
540 1360 31 15 den
584 1360 16 15 17
649 1354 66 15 Larsson
723 1354 37 15 Lars
766 1354 81 18 Thorsten,
856 1354 22 18 13,
886 1354 19 15 79
912 1358 8 11 c

135 1382 34 16 dec.
178 1383 35 15 1971
222 1383 25 18 (nr
256 1382 44 19 1197)
306 1382 26 16 för
337 1382 94 20 riksdagens
437 1382 89 16 ledamöter
532 1382 68 19 (ändrad
769 1397 32 4 OR

135 1407 53 13 senast
197 1405 44 15 1977:
250 1405 49 18 1036).
307 1404 151 20 Riksdagsledamot
466 1404 68 20 åtnjuter
541 1404 60 16 arvode
727 1397 55 19 Tredje
788 1401 31 11 vice
826 1397 59 15 talman

135 1426 36 17 från
176 1427 31 15 och
213 1427 37 15 med
256 1427 79 19 ingången
341 1431 20 11 av
366 1427 32 15 den
404 1427 65 18 månad,
475 1427 21 15 då
502 1427 31 15 han
540 1427 39 15 skall
585 1429 16 13 ta
650 1419 73 15 Eriksson
730 1419 37 15 Karl
774 1419 43 18 Erik,
824 1419 25 18 25,
856 1419 19 15 76
882 1418 18 20 fp

135 1449 41 20 plats
187 1449 4 16 i
203 1449 90 20 riksdagen,
304 1449 42 16 dock
357 1449 14 19 ej
382 1449 26 16 för
418 1449 23 16 tid
452 1449 50 16 innan
513 1449 32 15 han
556 1449 45 16 blivit

135 1472 76 18 ledamot,
221 1471 23 16 till
255 1472 30 15 och
296 1472 36 15 med
342 1472 80 19 utgången
433 1476 19 11 av
463 1472 31 15 den
504 1472 65 18 månad,
580 1472 21 15 då

135 1494 223 20 riksdagsmannauppdraget
364 1494 69 19 upphör.
441 1494 65 15 Arvode
512 1494 45 19 utgår
564 1494 37 15 med
649 1488 28 23 7b
728 1494 116 17 Stockholms
852 1493 98 18 kommuns
958 1493 78 18 valkrets

135 1516 60 20 belopp
205 1516 25 16 för
239 1516 59 15 månad
307 1521 35 11 som
352 1519 89 13 motsvarar
449 1516 23 15 tio
481 1516 91 16 tolftedelar
581 1521 19 10 av

135 1538 49 16 lönen
195 1538 23 16 till
230 1538 134 20 statstjänsteman
376 1538 4 15 i
392 1538 81 16 löneklass
485 1539 11 14 F
507 1538 24 15 25.
543 1538 57 16 Därtill
650 1539 53 15 Palme
709 1539 41 15 Sven
750 1534 45 27 Olof
801 1538 72 16 Joachim
880 1539 25 15 JK
911 1538 17 15 fd
935 1538 118 18 Statsminister,
1060 1538 24 18 27,
1090 1538 36 19 (FK
1132 1538 60 15 58—68

135 1560 97 15 tillkommer
238 1565 20 10 en
265 1560 166 19 kostnadsersättning
437 1565 35 10 som
479 1561 45 18 utgår
531 1560 37 15 med
575 1560 26 15 be-
670 1561 30 15 AK
707 1561 67 19 69—70)
781 1561 17 14 71
807 1560 107 19 (Stockholm)
921 1565 7 10 s

135 1582 40 20 lopp
182 1582 113 16 motsvarande
301 1582 26 15 för
333 1583 17 14 år
357 1582 56 15 räknat
420 1583 20 14 70
446 1582 14 15 94
467 1587 19 10 av
493 1582 27 15 det
526 1582 27 15 vid
560 1583 41 15 årets
650 1583 69 15 Bohman
730 1583 23 15 Bo
763 1583 50 15 Gösta
822 1583 25 15 JK
858 1582 75 19 Statsråd,
946 1583 22 18 11,
979 1583 38 18 (AK
1028 1583 60 15 58—69
1099 1582 28 15 FK
1137 1582 26 19 70)
1173 1582 17 15 71

135 1604 59 20 ingång
201 1604 75 20 gällande
283 1604 106 19 basbeloppet
396 1604 49 19 enligt
452 1604 47 19 lagen
506 1609 27 10 om
541 1604 59 15 allmän
670 1605 107 19 (Stockholm)
784 1610 15 10 m

135 1626 94 19 försäkring.
236 1626 44 15 Båda
285 1626 81 20 beloppen
371 1627 18 14 är
393 1626 154 20 beskattningsbara.
552 1626 48 15 Trak-
650 1627 83 16 Hernelius
738 1627 42 16 John
786 1628 46 14 Allan
838 1627 25 15 JK
869 1627 152 19 Bankofullmäktig,
1030 1627 22 18 11,
1059 1627 35 19 (FK
1100 1627 67 19 62—70)
1173 1627 17 15 71

135 1651 69 13 tamente
212 1648 45 20 utgår
264 1648 51 16 under
321 1648 28 18 tid,
357 1648 21 16 då
385 1648 76 16 riksmöte
469 1649 54 19 pågår,
530 1648 37 16 med
574 1648 26 16 be-
670 1649 107 20 (Stockholm)
784 1650 46 15 UU:s
837 1649 41 16 ordf.
885 1654 15 10 m

135 1670 40 20 lopp
182 1670 113 16 motsvarande
301 1671 9 14 2
316 1671 31 15 910
353 1670 18 16 kr
378 1670 25 16 för
410 1670 60 16 månad
477 1670 23 16 till
507 1670 94 20 riksdagsle-
650 1672 78 15 Lindkvist
735 1672 53 15 Oskar
794 1671 69 16 William
870 1671 80 20 Org.chef,
957 1672 24 18 21,
988 1672 38 19 (AK
1032 1672 62 15 61—64
1099 1671 68 19 66—70)
1173 1671 17 15 71

135 1692 56 16 damot
196 1697 35 11 som
237 1693 18 15 är
260 1693 52 15 bosatt
318 1692 65 16 utanför
389 1695 21 13 ett
415 1692 72 19 område,
494 1697 34 11 som
534 1693 67 19 begrän-
670 1694 107 19 (Stockholm)
784 1699 7 11 s

136 1719 24 11 sas
168 1719 20 11 av
195 1720 20 10 en
223 1715 48 15 cirkel
280 1715 36 15 med
324 1715 20 15 70
351 1715 27 15 km
386 1715 44 15 radie
438 1715 31 16 och
477 1715 37 16 med
522 1715 78 20 riksdags-
650 1717 105 15 Hermansson
762 1717 106 15 Carl-Henrik
875 1717 30 15 PM
912 1716 17 16 fd
936 1716 80 19 Chefred.,
1026 1717 22 18 17,
1055 1716 38 19 (AK
1100 1716 67 19 63—70)
1173 1716 18 15 71

136 1737 45 16 huset
187 1742 35 11 som
229 1737 109 20 medelpunkt.
346 1737 151 20 Riksdagsledamot
504 1738 37 19 äger
547 1738 21 19 på
575 1737 26 16 det
670 1739 107 19 (Stockholm)
790 1739 124 19 Vänsterpartiet
927 1738 146 16 kommunisternas
1086 1739 107 19 gruppledare

134 1760 89 16 allmännas
234 1761 89 15 bekostnad
334 1760 72 20 företaga
416 1765 48 11 resor.
476 1760 122 20 Riksdagsleda-
670 1762 32 19 vpk

134 1785 33 13 mot
174 1784 17 14 är
197 1783 21 19 på
225 1783 93 19 riksdagens
324 1783 90 15 bekostnad
421 1783 165 19 grupplivförsäkrad.
650 1784 67 19 Lidgard
726 1784 44 15 Hans
778 1784 48 15 Bertil
835 1784 73 19 Ingemar
914 1784 31 18 JK,
955 1784 22 18 16,
985 1784 36 18 (FK
1028 1784 68 18 65—70)
1104 1784 17 14 71
1131 1783 62 19 (Stock-

155 1805 93 15 Utskottens
256 1805 99 15 ordförande
363 1805 31 15 och
403 1805 34 15 vice
446 1805 99 15 ordförande
553 1805 46 15 redo-
670 1806 51 19 holm)
727 1806 85 15 Moderata
817 1805 141 20 samlingspartiets
963 1805 106 20 gruppledare
1074 1806 51 15 JuU:s
1130 1805 41 15 ordf.
1177 1810 15 10 m

616 1843 21 17 39
