1258 1904
58 54 79 18 30-30b

567 55 110 23 Riksdagen

57 143 26 24 30
94 139 33 37 =
140 146 128 26 Riksdagen

139 183 55 19 Riksg.
204 184 12 14 1.
224 184 22 14 Pa
254 184 30 14 100
293 184 19 14 12
319 184 99 14 Stockholm.
426 184 31 14 Tel.
465 184 61 15 08-786
532 184 22 15 40
560 184 21 15 00

57 214 151 20 Regeringsformen
226 215 30 14 den
274 215 20 15 28
312 215 38 15 febr.
370 215 41 15 1974
429 216 24 17 (nr
472 215 35 17 152;
525 215 79 19 omtryckt

59 237 46 15 1994:
113 237 52 17 1483).
177 237 169 19 Riksdagsordningen
356 238 31 14 den
397 237 21 15 28
429 237 37 15 febr.
480 237 40 15 1974
531 238 25 17 (nr
568 238 35 16 153;

56 259 80 19 omtryckt
145 259 46 15 1995:
199 260 20 14 272;
255 260 48 14 ändrad
312 262 52 13 senast
375 260 45 15 1997:
430 260 42 17 160).
481 260 55 19 Vallag
544 260 30 14 den
585 260 18 14 17

57 282 39 19 april
105 282 40 14 1997
153 282 25 17 (nr
186 282 35 17 157;
229 282 59 15 ändrad
297 282 46 15 1997:
351 282 44 18 227).

57 326 91 19 Riksdagen
156 328 16 13 är
179 326 26 15 det
212 326 65 15 främsta
284 327 123 18 representativa
414 329 104 16 statsorganet
525 326 25 15 för
557 331 46 10 sven-

57 349 28 14 ska
89 348 55 15 folket.
150 348 92 19 Riksdagen
247 348 51 15 stiftar
302 349 31 19 lag,
338 349 70 14 beslutar
412 353 27 10 om
444 349 40 14 skatt
489 349 23 14 till
518 351 50 12 staten
573 349 30 14 och

56 371 96 15 bestämmer
159 371 29 14 hur
194 373 59 13 statens
260 371 52 15 medel
320 371 40 15 skall
367 371 86 15 användas.

78 393 92 19 Riksdagen
178 392 52 16 består
237 398 19 10 av
264 393 31 15 349
303 393 91 17 ledamöter,
402 393 47 15 valda
456 393 51 15 direkt
514 398 19 10 av
541 393 50 15 folket
599 393 4 15 i

56 415 80 15 allmänna
143 415 30 15 val.
181 415 83 15 Ordinarie
272 415 99 19 riksdagsval
378 417 38 17 äger
422 420 34 10 rum
463 418 34 12 vart
503 415 50 19 fjärde
561 415 16 15 år
584 415 20 19 på

56 437 49 19 tredje
116 437 81 19 söndagen
209 437 4 15 i
224 438 90 18 september
324 437 62 15 månad.
398 438 86 14 Allmänna
494 438 25 14 val
530 438 23 14 till
564 438 39 14 riks-

56 460 52 18 dagen
115 460 39 18 ägde
161 462 53 12 senast
220 464 35 10 rum
261 460 31 14 den
300 460 19 14 18
326 460 90 19 september
424 460 41 14 1994
471 460 31 14 och
508 464 46 10 avser
560 460 43 14 tiden

57 482 40 14 intill
106 482 36 14 dess
151 486 19 10 en
180 482 58 19 nyvald
247 482 63 19 riksdag
320 482 58 15 samlas
387 482 40 15 efter
436 482 98 19 riksdagsval
543 482 30 15 den
583 482 20 15 20

57 504 89 19 september
155 504 45 15 1998.

79 526 29 15 För
117 526 98 19 riksdagsval
225 527 17 14 är
250 526 40 15 riket
298 526 59 15 indelat
367 527 4 14 i
380 526 21 15 29
410 526 89 15 valkretsar.
509 527 24 14 Av
542 527 20 14 de
572 527 31 14 349

56 548 158 19 riksdagsmandaten
224 550 16 13 är
249 549 32 14 310
290 549 41 14 fasta
340 549 138 17 valkretsmandat,
489 553 35 10 som
534 549 69 14 fördelas

56 571 59 14 mellan
126 571 106 15 valkretsarna
242 571 40 15 efter
292 571 58 15 antalet
361 571 129 19 röstberättigade
502 571 3 15 i
517 571 43 19 varje
570 571 33 15 val-

56 593 46 15 krets.
110 593 44 15 Inom
161 593 43 19 varje
210 593 68 15 valkrets
284 593 71 15 tillfaller
361 593 84 15 mandaten
451 593 20 15 de
477 593 5 15 i
488 593 115 19 riksdagsvalet

56 615 94 19 deltagande
156 616 77 21 partierna
238 616 120 19 proportionellt
364 615 20 20 på
389 616 77 19 grundval
472 620 19 10 av
497 616 106 14 valresultatet

57 638 44 14 inom
108 638 93 14 valkretsen.
209 638 61 19 Övriga
277 638 20 15 39
304 638 65 15 mandat
376 639 16 14 är
399 638 161 19 utjämningsmandat
568 643 35 10 som

56 660 70 15 fördelas
135 660 18 15 så
162 663 21 12 att
192 660 43 19 varje
244 660 48 19 partis
302 660 120 19 sammanlagda
432 660 41 15 antal
482 660 58 19 platser
550 660 4 15 i
564 660 38 15 riks-

56 682 52 19 dagen
114 682 17 15 så
136 684 37 13 nära
179 687 36 10 som
220 682 63 19 möjligt
289 687 53 10 svarar
347 685 33 12 mot
386 682 58 15 antalet
449 682 69 19 avgivna
524 684 49 13 röster
579 682 24 15 för

56 704 56 20 partiet
118 705 5 14 i
130 704 36 15 hela
173 705 57 14 landet.

78 727 6 14 I
92 727 111 19 fördelningen
211 731 19 10 av
239 727 137 19 riksdagsmandat
384 727 49 15 deltar
440 727 56 15 endast
503 727 57 19 partier
568 732 34 10 som

56 749 28 15 har
92 748 28 16 fått
129 749 48 15 minst
186 749 35 19 fyra
229 752 65 16 procent
303 754 19 10 av
332 749 74 19 samtliga
415 749 4 15 i
428 749 36 15 hela
473 749 53 15 landet
535 749 68 19 avgivna

56 773 52 13 röster.
117 771 24 15 Ett
148 771 39 19 parti
195 776 35 10 som
238 771 32 15 inte
278 771 27 15 når
311 776 32 14 upp
351 772 23 14 till
381 771 178 19 fyraprocentsgränsen
566 776 37 10 men

56 798 36 9 som
100 793 27 14 har
134 793 62 14 erhållit
204 793 48 14 minst
260 793 33 14 tolv
301 796 65 16 procent
375 798 19 9 av
402 795 70 12 rösterna
480 793 4 14 i
493 793 33 14 viss
534 794 69 13 valkrets

56 815 50 14 deltar
115 815 42 14 dock
166 815 27 14 vid
203 815 111 19 fördelningen
325 819 19 11 av
354 815 20 15 de
384 815 40 15 fasta
434 815 154 15 valkretsmandaten
599 815 3 14 i

56 841 62 11 samma
124 837 73 15 valkrets.

79 859 68 15 Rösträtt
153 859 27 15 vid
187 859 99 19 riksdagsval
293 859 27 15 har
327 860 59 14 svensk
392 859 109 19 medborgare,
508 864 36 10 som
551 862 52 12 senast

56 881 20 19 på
81 881 78 19 valdagen
166 881 36 19 fyllt
210 881 17 15 18
234 881 16 15 år
256 881 49 15 under
310 881 112 19 förutsättning
428 884 21 12 att
454 881 30 15 han
491 883 16 13 är
513 884 79 16 upptagen
598 882 4 14 i

56 903 85 19 röstlängd.

78 926 30 14 För
117 928 20 12 att
147 926 53 14 kunna
209 928 43 12 utses
261 926 24 14 till
294 926 144 19 riksdagsledamot
447 926 49 19 gäller
506 930 61 10 samma
576 926 26 14 be-

56 948 119 19 hörighetskrav
183 952 36 10 som
226 948 24 14 för
257 949 66 13 rösträtt.

78 970 91 19 Riksdagen
178 970 124 15 sammanträder
310 970 22 15 till
342 970 81 17 riksmöte,
431 970 40 15 efter
479 970 46 19 nyval
535 970 20 19 på
563 970 39 15 fem-

56 992 48 15 tonde
113 992 50 19 dagen
173 992 40 15 efter
221 992 47 17 valet,
278 992 30 15 och
317 992 56 19 övriga
382 992 16 15 år
407 992 5 15 i
421 992 55 15 mitten
485 997 19 10 av
514 993 89 18 september

56 1014 62 15 månad.

78 1037 149 19 Riksdagsärenden
236 1037 56 14 bereds
302 1037 4 14 i
316 1036 48 20 något
373 1041 19 10 av
402 1037 93 19 riksdagens
505 1037 58 14 utskott
572 1037 30 14 och

56 1060 57 18 avgörs
122 1063 58 15 genom
188 1059 52 14 beslut
248 1059 4 14 i
261 1059 65 19 plenum
334 1059 111 18 (kammaren).
454 1059 100 19 Regeringen
563 1059 39 15 skall

56 1080 73 16 samråda
133 1081 37 15 med
175 1081 116 15 EU-nämnden
284 1076 15 28 i
307 1081 53 19 frågor
365 1086 35 10 som
406 1081 40 15 skall
451 1081 87 15 behandlas
544 1081 4 15 i
554 1082 48 14 Euro-

56 1103 56 19 peiska
122 1103 83 15 Unionens
216 1102 39 16 Råd.
267 1103 144 15 Utrikesnämnden
422 1105 17 13 är
449 1103 78 15 samråds-
538 1104 30 14 och
580 1103 22 15 in-

56 1125 143 19 formationsorgan
207 1125 59 15 mellan
272 1126 93 18 regeringen
373 1126 30 14 och
410 1126 84 18 riksdagen
502 1125 4 15 i
513 1126 89 18 betydelse-

56 1148 39 14 fulla
102 1147 135 19 utrikespolitiska
244 1148 73 14 ärenden.

78 1169 102 15 Beträffande
189 1170 152 18 riksdagsledamots
351 1170 86 19 ersättning
446 1170 28 14 har
483 1170 120 14 bestämmelser

56 1194 52 13 senast
117 1192 47 19 givits
173 1192 4 14 i
186 1192 26 19 lag
220 1192 31 14 den
259 1192 10 15 9
276 1192 34 19 juni
322 1192 40 15 1994
371 1193 25 17 (nr
406 1192 47 18 1065)
462 1197 27 10 om
497 1192 106 15 ekonomiska

56 1214 58 15 villkor
124 1214 25 15 för
160 1214 92 19 riksdagens
264 1214 87 15 ledamöter
362 1214 66 18 (ändrad
439 1217 53 12 senast
505 1214 45 15 1996:
558 1214 44 18 296).

56 1236 65 15 Arvode
127 1236 44 19 utgår
177 1236 37 15 med
220 1236 59 19 belopp
285 1241 36 10 som
327 1237 70 14 bestäms
403 1241 19 10 av
429 1237 92 18 riksdagens
528 1237 74 14 arvodes-

56 1259 63 14 nämnd.
126 1259 72 14 Arvodet
204 1260 16 13 är
226 1258 4 15 i
235 1258 62 20 januari
305 1259 41 15 1998
353 1259 20 14 29
380 1259 32 15 500
418 1258 66 16 kr/mån.
491 1259 61 15 Utöver
558 1263 44 10 arvo-

56 1281 26 14 det
92 1281 77 14 utbetalas
180 1285 20 10 en
210 1281 163 19 kostnadsersättning
385 1285 35 10 som
431 1281 25 14 för
466 1280 17 15 år
493 1281 54 14 räknat
558 1282 45 18 utgör

58 1303 47 14 18096
112 1307 19 10 av
137 1303 104 19 basbeloppet
248 1303 49 19 enligt
303 1303 46 19 lagen
356 1308 27 9 om
389 1303 58 14 allmän
454 1303 94 19 försäkring.
556 1302 46 16 Såväl

56 1325 65 15 arvodet
127 1329 35 10 som
168 1325 183 19 kostnadsersättningen
357 1326 17 14 är
379 1325 107 19 skattepliktig
493 1325 74 15 inkomst.
573 1326 29 14 Le-

56 1348 71 14 damöter
133 1352 36 10 som
175 1349 17 13 är
197 1347 62 15 bosatta
266 1347 63 15 utanför
335 1347 175 15 Stockholmsområdet
517 1347 23 15 får
547 1348 55 14 trakta-

56 1372 52 12 mente
114 1374 35 10 som
154 1371 16 13 är
175 1370 114 19 skattepliktigt
293 1370 49 18 enligt
348 1370 65 14 allmänt
418 1370 73 19 gällande
496 1370 54 19 regler.
556 1370 46 14 Trak-

56 1394 74 12 tamentet
139 1392 77 14 utbetalas
225 1392 49 14 under
284 1392 41 15 1997
334 1392 37 15 med
380 1392 32 15 300
420 1392 55 19 kr/dag
484 1391 20 16 då
512 1392 90 15 ledamoten

56 1415 86 13 övernattat
152 1414 63 14 utanför
223 1414 77 15 bostaden
309 1414 20 19 på
338 1414 87 15 hemorten.
436 1414 167 19 Riksdagsledamöter

56 1435 57 16 utifrån
122 1436 52 15 landet
183 1435 24 16 får
215 1436 86 19 ersättning
310 1436 36 15 med
355 1436 141 19 hyreskostnaden,
505 1436 43 15 dock
556 1436 47 19 högst

55 1458 10 15 4
74 1458 30 15 100
116 1458 86 17 kr/månad,
214 1458 25 15 för
250 1463 20 10 en
281 1459 194 18 övernattningslägenhet
486 1459 5 14 i
503 1459 98 14 Stockholm.

56 1480 150 19 Riksdagsledamot
213 1480 24 15 får
244 1480 20 19 på
270 1481 26 14 det
303 1481 88 14 allmännas
398 1481 88 14 bekostnad
493 1481 51 14 företa
551 1485 46 10 resor.

78 1502 92 15 Utskottens
180 1502 95 15 ordförande
284 1503 31 14 och
325 1503 35 14 vice
369 1503 95 14 ordförande
474 1503 87 17 redovisas,
571 1503 31 15 för-

56 1527 44 12 utom
109 1525 5 14 i
124 1524 117 15 nedanstående
251 1525 100 19 förteckning
361 1526 38 14 över
408 1525 93 19 riksdagens
512 1525 90 17 ledamöter,

55 1548 41 13 även
105 1547 49 14 under
162 1547 55 15 avd.nr
225 1547 25 15 33.
259 1547 128 15 Statskalendern
396 1547 82 15 redovisar
486 1547 116 19 riksdagsleda-

56 1570 71 14 möterna
135 1569 4 15 i
148 1569 30 15 den
187 1569 118 19 ordningsföljd
314 1569 4 15 i
327 1570 54 14 vilken
389 1570 20 14 de
418 1571 16 13 är
442 1572 80 17 upptagna
530 1570 4 14 i
543 1570 31 14 den
583 1574 19 10 av

55 1591 84 19 riksdagen
148 1592 92 18 upprättade
249 1591 125 20 förteckningen.
384 1587 86 19 Årssiffror
478 1592 44 14 inom
530 1594 72 17 parentes

55 1613 85 15 betecknar
145 1614 66 18 tidigare
217 1614 110 19 ledamotskap
332 1618 19 10 av
358 1614 83 19 riksdagen
448 1614 34 18 (FK
487 1620 11 6 =
504 1614 49 15 första
558 1614 44 15 kam-

55 1640 59 13 maren,
122 1636 30 14 AK
159 1642 11 6 =
178 1636 48 14 andra
232 1636 97 17 kammaren,
337 1636 13 15 R
357 1642 12 6 =
376 1636 96 19 riksdagen).

609 1821 22 16 62

723 142 140 19 Partiställningen
869 142 5 15 i
881 142 86 19 riksdagen

1013 177 44 13 Antal
1064 177 82 13 ledamöter

957 194 50 26 Män
1048 198 67 13 Kvinnor
1135 198 47 13 Totalt

629 214 176 28 Socialdemokraterna
981 218 17 14 81
1058 218 19 14 80
1138 218 25 14 161

640 239 78 14 Moderata
725 239 125 18 samlingspartiet
980 239 20 14 57
1057 239 19 14 23
1146 239 19 14 80

640 256 64 27 Centern
982 260 18 14 14
1059 260 17 14 13
1146 260 19 14 27

640 281 90 18 Folkpartiet
736 281 87 13 liberalerna
982 281 18 14 16
1060 281 17 14 10
1146 281 19 14 26

631 297 125 26 Vänsterpartiet
982 302 15 13 1
1060 302 14 13 11
1146 302 19 13 22

630 313 108 31 Miljöpartiet
991 323 8 13 7
1059 323 15 13 11
1148 323 16 13 18

629 339 165 27 Kristdemokraterna
982 343 18 14 10
1068 343 8 14 5
1148 343 16 14 15

640 375 86 18 Riksdagen
732 375 43 14 totalt
971 375 27 14 196
1048 376 26 14 153
1135 376 28 14 349

722 416 99 15 Procentuell
828 416 91 19 fördelning
925 420 20 11 av
952 416 82 19 kvinnliga
1040 416 89 15 ledamöter

722 438 43 15 inom
772 438 83 19 partierna

1021 462 52 28 Antal
1118 467 62 13 Procent

629 483 175 27 Socialdemokraterna
1040 487 19 14 80
1117 487 20 14 50

640 508 78 14 Moderata
725 508 125 17 samlingspartiet
1040 508 18 14 23
1118 508 19 14 29

640 524 64 27 Centern
1042 529 16 14 13
1117 529 19 14 48

640 549 89 18 Folkpartiet
736 549 87 14 liberalerna
1042 549 17 14 10
1118 550 19 13 39

631 566 125 26 Vänsterpartiet
1042 570 14 14 11
1117 570 20 14 50

629 580 108 33 Miljöpartiet
1042 591 14 14 1
1117 591 18 14 61

629 608 165 27 Kristdemokraterna
1050 612 8 14 5
1118 612 18 14 33

640 638 85 18 Riksdagen
731 638 43 14 totalt
1030 638 27 14 153
1117 638 19 14 44

640 682 39 24 30a
699 678 15 39 —
722 685 129 27 Riksdagen

722 732 66 15 Talman

639 755 41 15 Dahl
687 755 31 14 Rut
725 755 73 18 Birgitta,
806 755 25 17 37,
839 755 20 15 94
867 759 7 10 s

722 796 55 14 Förste
783 796 34 14 vice
824 796 60 14 talman

639 817 60 19 Björck
705 817 64 15 Anders
775 818 84 16 Per-Arne,
866 817 27 17 44,
900 817 21 15 94
928 822 16 10 m

722 859 55 14 Andre
783 859 34 14 vice
823 859 61 15 talman

639 881 74 15 Thurdin
720 881 48 15 Görel
775 881 57 17 Maria,
839 881 26 17 42,
872 881 22 15 94
900 885 9 10 c

722 922 57 19 Tredje
785 922 34 15 vice
825 922 61 15 talman

639 944 66 15 Eirefelt
711 945 28 14 Jan
747 944 77 18 Christer,
832 945 26 16 42,
866 945 20 14 94
894 944 17 20 fp

640 989 39 24 30b

640 1038 122 19 Papadopoulos
769 1038 49 15 Nikos
826 1038 97 19 Företagare,
931 1038 26 17 39,
964 1038 21 15 96
993 1038 108 18 (Stockholm)
1109 1043 7 9 s

639 1060 96 19 Segelström
743 1060 47 19 Inger
796 1060 63 19 Agneta
866 1060 94 19 Miljösekr.,
967 1060 26 17 52,
1001 1060 20 15 95
1029 1060 109 18 (Stockholm)
1145 1065 7 10 s

639 1082 91 17 Johansson
740 1082 37 15 Sten
787 1082 40 15 Olof
834 1082 56 15 Håkan
900 1082 17 15 fd
927 1082 74 17 Statsråd,
1012 1082 25 17 37,
1047 1083 19 14 71
1078 1082 108 18 (Stockholm)

663 1104 82 15 Partiordf.
752 1109 8 10 c

639 1127 53 16 Järrel
698 1126 63 15 Henrik
768 1126 54 15 Stefan
830 1126 125 18 Mediekonsult,
962 1127 27 16 48,
997 1127 20 17 (R
1025 1127 62 17 91—94)
1095 1127 20 14 95
1123 1127 63 17 (Stock-

663 1149 51 17 holm)
722 1153 15 10 m

639 1171 90 15 Fleetwood
739 1171 82 15 Elisabeth
832 1171 48 14 Alma
890 1171 74 15 Fredrika
975 1171 124 15 Swantesdotter
1110 1171 76 19 Adjunkt,

663 1193 26 17 27,
697 1193 20 15 79
725 1193 108 18 (Stockholm)
841 1193 52 15 KrU:s
900 1193 35 15 vice
942 1193 41 15 ordf.
991 1198 16 10 m

639 1215 43 15 Bildt
691 1216 36 14 Nils
738 1215 56 15 Daniel
804 1215 39 15 Carl
854 1215 17 15 fd
881 1216 118 16 Statsminister,
1010 1216 26 16 49,
1047 1216 20 14 79
1078 1216 108 17 (Stockholm)

663 1238 82 14 Partiordf.
753 1242 15 10 m

639 1260 91 16 Johansson
737 1260 51 19 Bengt
795 1260 63 15 Anders
866 1260 117 17 Skriftställare,
991 1260 26 17 55,
1024 1260 20 15 98
1053 1260 108 18 (Stockholm)
1168 1260 17 19 fp

639 1282 96 15 Nordström
742 1282 71 15 Kristina
819 1282 58 15 Anette
883 1282 116 17 Ombudsman,
1005 1283 26 16 55,
1038 1282 21 15 96
1065 1282 108 18 (Stockholm)
1180 1287 6 10 s

640 1304 76 19 Könberg
722 1304 23 15 Bo
752 1304 53 15 Göran
812 1304 17 15 fd
836 1304 74 17 Statsråd,
917 1304 26 17 45,
950 1304 20 15 95
978 1304 109 18 (Stockholm)
1094 1305 45 14 KU:s
1145 1304 41 15 ordf.

652 1322 28 27 fp

639 1348 74 20 Nygårds
717 1349 84 15 Sven-Åke
806 1349 102 17 Smidesarb.,
913 1349 27 17 43,
945 1349 21 18 (R
972 1349 62 18 88-91)
1039 1349 21 15 94
1065 1349 109 18 (Stockholm)
1179 1354 7 10 s

639 1371 73 19 Ygeman
718 1371 63 15 Anders
788 1371 57 19 Ingvar
852 1371 91 19 Försäljare,
951 1371 26 17 70,
985 1371 20 15 96
1013 1371 108 18 (Stockholm)
1129 1376 7 10 s

639 1393 105 15 Westerholm
751 1393 63 15 Barbro
820 1394 35 14 MD
862 1394 46 16 Doc.,
916 1393 25 17 33,
950 1393 19 15 88
977 1393 109 18 (Stockholm)
1093 1393 17 19 fp

639 1415 75 15 Hedlund
722 1415 38 15 Carl
767 1415 39 15 Erik
813 1415 82 15 Civ.ekon.
904 1415 36 18 Dir.,
948 1416 26 17 36,
982 1416 20 14 95
1010 1416 108 17 (Stockholm)
1126 1420 16 10 m

639 1438 94 18 Zetterberg
740 1438 52 18 Ingrid
800 1438 32 14 Eva
840 1438 93 19 Margareta,
941 1438 26 17 47,
975 1438 19 14 91
1003 1438 108 18 (Stockholm)
1119 1443 9 9 v

639 1460 88 19 Odenberg
733 1460 60 15 Mikael
801 1460 42 15 I:son
851 1460 73 17 Konsult,
932 1460 26 17 53,
965 1460 19 15 91
994 1460 108 18 (Stockholm)
1110 1465 16 10 m

639 1482 82 15 Wistrand
727 1482 68 19 Birgitta
801 1482 61 15 Helena
868 1482 90 19 Margareta
963 1483 28 14 FK
997 1482 37 17 Dir.,
1041 1482 26 17 39,
1073 1482 19 15 91
1101 1482 85 19 (Uppsala)

663 1509 15 10 m

639 1526 101 15 Kristersson
747 1526 27 15 Ulf
779 1526 72 19 Hjalmar
857 1526 89 18 Civ.ekon.,
953 1527 26 17 63,
987 1527 21 14 94
1015 1527 108 17 (Stockholm)
1131 1531 16 10 m

639 1548 81 19 Lindgren
726 1548 53 19 Sylvia
786 1549 54 14 Astrid
847 1549 83 16 Tidn.bud,
937 1549 27 17 45,
971 1549 21 15 92
1000 1549 108 18 (Stockholm)
1116 1554 6 10 s

639 1571 42 15 Goés
689 1571 34 15 Eva
731 1571 80 15 Christina
819 1571 146 17 Mellanstadielär.,
974 1571 26 17 47,
1010 1572 20 17 (R
1039 1571 62 18 88-91)
1110 1571 21 15 94
1140 1572 45 17 (Här-

663 1593 68 18 nösand)
739 1598 26 14 mp

639 1615 70 15 Fonseca
715 1615 43 17 Juan
765 1615 62 19 Miguel
834 1616 65 16 Förest.,
907 1616 25 16 54,
940 1616 20 14 95
968 1616 108 17 (Stockholm)
1084 1620 7 10 s

638 1637 34 15 Ask
678 1638 33 14 Eva
717 1638 48 14 Carin
771 1637 73 15 Beatrice
850 1638 17 14 fd
874 1637 74 18 Statsråd,
955 1638 26 17 56,
988 1638 21 18 (R
1016 1638 27 17 88)
1050 1638 20 15 94
1077 1638 109 18 (Stockholm)

662 1660 57 14 UbU:s
726 1660 35 14 vice
768 1660 40 14 ordf.
816 1664 16 10 m

638 1682 82 16 Josefsson
725 1682 39 14 Rolf
767 1678 35 18 Åke
807 1682 75 18 Ingemar
887 1682 17 14 fd
909 1681 93 19 Borgarråd,
1008 1682 25 17 39,
1039 1682 21 15 94
1065 1682 108 17 (Stockholm)
1179 1686 7 10 s

722 996 117 17 Stockholms
847 996 97 17 kommuns
953 996 78 17 valkrets
