1066 1578
39 199 51 23 [148]

470 56 105 21 Riksdagen

948 54 51 23 [148]

39 238 31 24 V.
95 236 255 30 RIKSDAGEN,
373 236 98 25 DESS
494 231 267 30 OMBUDSMÄN
783 236 83 25 OCH
888 236 110 25 VERK

212 316 109 21 Riksdagen

61 361 84 16 Riksdagen
153 361 41 15 skall,
203 361 4 12 i
215 360 38 14 kraft
262 364 18 10 av
287 360 44 13 rikets
339 360 116 16 regeringsform,
463 363 38 10 sam-

40 379 78 13 manträda
127 379 39 16 varje
175 379 16 13 år
200 379 28 13 den
239 378 17 13 10
264 378 57 16 januari
329 378 39 16 eller,
378 382 25 9 om
412 378 61 15 helgdag
482 377 20 14 då

40 397 71 15 inträffar,
120 397 47 15 dagen
176 397 67 13 därefter.
253 396 84 16 Riksdagen
346 396 37 13 skall
392 399 34 10 vara
435 396 66 13 avslutad

40 415 28 13 den
79 415 16 13 31
107 415 81 13 december.
201 414 35 13 1949
247 414 92 13 avskaffades
349 414 83 15 begreppen
442 413 60 16 lagtima

40 433 28 13 och
81 433 53 13 urtima
146 432 60 16 riksdag
218 432 29 13 och
259 434 60 11 ersattes
332 435 18 10 av
363 431 86 16 vårsession,
462 431 40 13 höst-

39 451 56 13 session
103 450 28 14 och
138 452 40 12 extra
186 450 59 13 session.
254 450 105 13 Vårsessionen
366 450 36 13 skall
410 449 5 13 i
422 449 38 16 regel
467 453 35 9 vara

40 469 66 13 avslutad
114 469 29 13 den
151 468 15 13 31
176 468 34 16 maj.

60 487 51 13 Första
121 486 91 13 kammarens
222 486 77 13 ledamöter
309 486 26 13 äro
348 485 26 13 150
384 485 35 13 eller
425 485 25 13 det
457 485 45 15 högre

39 504 26 16 tal,
78 508 33 9 som
124 504 84 13 föranledes
220 508 18 9 av
251 503 88 16 stadgandet
351 503 5 13 i
367 503 22 16 6$
402 503 5 13 1
419 507 14 9 o.
440 503 8 13 4
456 503 45 13 mom.

39 522 151 16 riksdagsordningen
199 522 29 13 och
238 521 45 16 väljas
294 522 23 12 för
326 521 31 13 åtta
367 521 20 13 år,
415 521 48 13 räknade
469 521 33 13 från

40 540 28 13 och
83 540 33 13 med
130 540 57 15 januari
202 539 62 13 månads
277 539 52 16 början
342 539 30 13 året
383 540 33 12 näst
426 539 36 13 efter
473 539 29 15 det,

40 558 47 13 under
102 558 44 13 vilket
158 558 38 13 valet
207 557 42 16 skett,
261 561 18 9 av
289 557 92 15 landstingen
391 557 29 13 och
429 556 73 14 stadsfull-

40 576 64 15 mäktige
117 576 4 12 i
135 576 17 12 de
165 575 53 16 städer,
231 579 33 9 som
276 575 13 15 ej
302 575 58 15 deltaga
372 575 87 15 ilandsting.
473 574 29 13 För

39 593 24 13 val
76 594 21 13 till
112 593 52 13 Första
172 593 86 13 kammaren
267 593 16 12 är
292 593 37 12 riket
338 592 54 13 indelat
400 592 5 13 i
415 592 16 13 19
441 592 61 13 valkret-

39 615 28 9 sar.
81 611 94 13 Stockholms
188 611 33 13 stad
235 610 28 14 och
276 610 85 16 Göteborgs
375 610 33 13 stad
416 611 53 15 utgöra
477 614 25 9 var

39 629 24 13 för
71 629 22 16 sig
100 633 19 9 en
127 629 67 13 valkrets.
203 629 55 13 Annan
267 628 37 16 stad,
313 632 33 9 som
353 628 13 16 ej
374 628 128 16 deltager
438 624 13 26 i
452 628 50 16 lands-

40 647 35 16 ting,
93 647 50 13 tillhör
158 650 57 10 samma
230 646 63 13 valkrets
305 650 33 9 som
351 646 24 13 det
390 646 112 16 landstingsom-

40 665 39 16 råde,
92 665 31 13 vari
132 665 52 13 staden
192 664 41 13 förut
242 664 51 16 ingått.
303 664 94 15 Indelningen
407 664 4 13 i
423 664 79 13 valkretsar

40 683 80 13 innehålles
136 683 4 13 i
156 682 70 16 vallagen.
241 682 29 13 För
283 682 38 16 varje
334 682 63 13 valkrets
410 682 44 15 väljes
466 682 37 12 efter

40 701 106 15 folkmängden
162 701 41 13 inom
218 700 33 13 dess
264 700 60 13 område
336 703 19 10 en
367 700 101 15 riksdagsman
479 699 24 13 för

40 721 31 11 vart
86 719 33 13 fullt
134 718 25 14 tal.
174 718 104 13 motsvarande
289 718 28 16 !/,,,
328 722 18 9 av
356 718 44 13 rikets
410 717 91 16 folkmängd.

40 737 104 13 Valkretsarna
158 736 55 13 indelas
228 736 5 13 i
247 736 30 13 åtta
292 739 67 12 grupper,
370 736 48 12 vilken
428 736 74 15 indelning

40 754 78 14 fastställes
131 754 5 13 i
150 754 70 16 vallagen.
235 754 43 15 Varje
292 753 16 14 år
320 753 46 13 under
376 753 63 13 oktober
448 753 54 13 månad

40 773 37 13 skall
92 772 40 14 inom
146 776 18 9 en
178 776 18 9 av
210 772 65 13 nämnda
288 775 63 12 grupper
364 771 69 14 förrättas
447 772 23 12 val
479 771 24 13 för

40 790 99 16 nästföljande
153 790 111 15 åttaårsperiod.
279 790 30 13 Det
321 789 39 13 antal
372 789 101 16 riksdagsmän
484 789 19 13 de

40 808 72 13 särskilda
120 808 100 13 valkretsarna
226 808 42 13 skola
275 809 31 11 utse
312 807 88 13 bestämmes
406 807 45 16 enligt
457 811 45 9 ovan-

39 826 66 13 nämnda
119 829 42 10 norm
175 829 18 9 av
207 825 84 16 Konungen
305 827 31 11 vart
350 825 31 13 10:e
393 825 16 13 år
421 825 25 15 (K.
458 825 43 15 kung.

40 844 52 13 härom
105 843 24 16 ?"/;
143 843 46 15 1952),
201 843 40 13 dock
252 843 34 13 med
296 843 90 15 vidtagande
395 847 18 9 av
419 843 30 12 den
455 842 47 16 jämk-

40 861 39 16 ning,
92 865 33 9 som
136 861 84 13 föranledes
231 865 18 9 av
260 861 27 13 här
296 864 39 10 ovan
341 861 66 13 nämnda
414 860 8 13 6
427 861 7 15 $
440 861 9 12 4
456 864 45 9 mom.

39 883 18 10 av
68 879 151 16 riksdagsordningen
231 879 26 15 (K.
269 879 45 15 kung.
326 879 29 13 den
366 878 18 13 24
396 878 28 16 maj
438 879 35 12 1957
484 886 19 2 —

39 897 33 13 SFS
84 901 18 9 nr
116 897 26 13 162
154 904 15 2 —
168 897 45 13 enl.
225 896 49 13 vilken
286 896 111 16 sammanlagda
408 896 55 13 antalet
470 896 9 13 f.
487 900 15 9 n.

40 916 43 14 utgör
96 915 31 13 151.
139 914 64 14 Valbara
210 915 26 12 äro
244 914 4 13 i
256 914 115 13 kommunernas
379 914 74 13 allmänna
460 918 42 12 ange-

40 933 83 15 lägenheter
135 932 121 16 röstberättigade
268 933 34 12 män
313 932 29 13 och
352 932 67 15 kvinnor,
426 936 33 9 som
466 936 37 12 upp-

40 950 31 14 nått
79 950 17 13 23
104 950 24 13 års
135 950 44 13 ålder.

61 968 49 13 Andra
122 968 91 13 kammarens
225 967 55 14 ledamöter
314 967 42 13 skola
368 967 21 14 till
402 967 54 13 antalet
468 971 35 9 vara

40 986 28 13 230
77 986 34 13 eller
121 986 24 12 det
155 986 45 15 högre
210 986 20 12 tal
239 989 32 9 som
281 985 83 13 föranledes
374 989 18 9 av
402 985 87 15 stadgandet
498 985 5 12 i

42 1003 15 13 15
65 1003 23 16 83
96 1007 14 9 o.
118 1003 9 13 4
136 1007 45 9 mom.
190 1002 152 16 riksdagsordningen,
350 1002 43 13 valda
401 1002 23 13 för
431 1006 18 9 en
456 1002 21 13 tid
485 1006 18 9 av

39 1021 32 16 fyra
78 1021 20 15 år,
104 1021 65 13 räknade
175 1020 32 14 från
213 1020 28 13 och
247 1020 33 13 med
285 1020 57 16 januari
348 1020 61 13 månads
415 1020 52 16 början
472 1020 31 13 året

40 1040 33 12 näst
84 1039 36 13 efter
131 1039 29 15 det,
172 1038 46 13 under
229 1038 44 13 vilket
284 1038 38 13 valet
332 1038 42 13 skett.
387 1038 29 13 För
427 1038 42 13 dessa
480 1038 23 13 val

40 1057 16 13 är
64 1057 37 13 riket
110 1056 54 14 indelat
172 1056 5 13 i
185 1056 17 13 28
211 1056 84 13 valkretsar.
305 1056 28 13 För
341 1055 39 16 varje
388 1056 63 13 valkrets
459 1055 44 16 väljes

39 1075 37 13 efter
82 1074 106 16 folkmängden
195 1074 40 13 inom
242 1074 32 13 dess
281 1074 60 13 område
347 1077 19 9 en
372 1074 101 15 riksdagsman
480 1073 23 13 för

40 1094 32 11 vart
83 1092 33 13 fullt
128 1092 25 15 tal,
165 1092 104 13 motsvarande
282 1092 31 15 2/22
325 1095 18 9 av
355 1091 44 13 rikets
411 1091 91 16 folkmängd.

42 1110 51 13 Rikets
110 1110 74 15 indelning
200 1110 4 12 i
221 1110 79 12 valkretsar
315 1109 80 18 innehålles
411 1109 5 13 i
432 1109 70 15 vallagen.

40 1128 44 15 Varje
94 1128 25 13 län
129 1128 43 15 utgör
182 1131 18 9 en
211 1127 67 16 valkrets,
289 1129 41 11 utom
341 1124 80 18 Älvsborgs
431 1127 29 15 län,
470 1131 33 9 som

40 1146 16 13 är
63 1146 39 13 delat
109 1146 4 12 i
120 1145 9 13 2
136 1145 59 16 kretsar,
203 1145 70 16 varjämte
280 1145 64 13 följande
351 1146 48 12 städer
406 1145 40 13 bilda
451 1148 25 10 var
481 1145 22 13 sin

40 1164 69 13 valkrets:
120 1163 13 15 1)
141 1163 92 15 Stockholm,
241 1163 15 15 2)
264 1163 63 15 Malmö,
336 1162 103 16 Hälsingborg,
448 1162 55 13 Lands-

41 1181 48 13 krona
99 1181 28 13 och
137 1181 47 15 Lund,
195 1181 14 15 3)
219 1180 81 16 Göteborg.
310 1180 29 13 Det
348 1180 40 13 antal
397 1180 106 16 riksdagsmän,

41 1199 39 16 varje
87 1199 64 13 valkrets
157 1199 34 15 äger
197 1200 36 14 utse,
240 1198 78 13 fastställes
324 1198 23 13 för
352 1198 39 16 varje
396 1198 108 16 fyraårsperiod

41 1221 18 9 av
69 1217 85 15 Konungen
164 1216 25 16 (K.
196 1216 45 15 kung.
249 1216 51 13 härom
309 1215 24 15 ”/;
342 1216 35 13 1956
385 1224 19 1 —
411 1216 32 13 SFS
452 1220 17 9 nr
478 1216 25 13 119

40 1242 20 2 —
69 1234 28 14 enl,
108 1234 48 13 vilken
163 1234 112 15 sammanlagda
281 1234 55 13 antalet
343 1235 43 14 utgör
393 1234 25 12 231
426 1234 24 12 för
456 1233 48 16 perio-

40 1253 29 12 den
83 1252 93 15 1957-1960).
189 1252 57 13 Valrätt
254 1251 90 13 tillkommer
353 1255 44 9 envar
407 1251 52 13 svensk
469 1255 35 9 man

41 1270 28 13 och
77 1270 59 15 kvinna,
143 1273 32 10 som
182 1271 49 12 senast
238 1269 46 13 under
290 1269 121 16 nästföregående
418 1269 86 13 kalenderår

40 1288 32 15 fyllt
83 1288 15 13 21
111 1287 20 16 år,
141 1287 39 14 dock
188 1287 13 16 ej
208 1287 33 16 den,
248 1291 32 9 som
287 1287 29 13 står
323 1287 46 13 under
376 1287 127 15 förmynderskap.

40 1305 65 13 Valbara
114 1306 27 12 äro
151 1306 34 12 män
192 1305 29 13 och
228 1305 67 15 kvinnor,
302 1309 32 9 som
341 1304 62 16 uppnått
410 1305 17 12 23
434 1305 23 13 års
464 1304 40 14 ålder

40 1326 39 10 samt
90 1324 27 15 äga
128 1323 52 13 valrätt
190 1323 41 13 inom
242 1323 82 13 valkretsen
330 1322 39 16 eller,
376 1323 26 12 där
409 1322 41 16 fråga
456 1323 16 12 är
478 1326 26 9 om

40 1341 38 16 stad,
84 1345 32 9 som
123 1341 47 13 består
177 1344 18 10 av
202 1341 35 12 flera
243 1340 84 16 valkretsar,
333 1340 41 13 inom
379 1340 50 16 någon
434 1344 18 9 av
457 1340 46 13 dessa.

62 1359 60 13 Genom
129 1363 19 9 en
156 1359 16 13 år
181 1358 34 14 1941
225 1358 76 16 företagen
309 1358 62 16 ändring
379 1358 4 13 i
391 1358 7 16 $
406 1358 18 13 30
432 1358 71 16 riksdags-

41 1377 83 15 ordningen
132 1376 27 13 har
168 1376 75 16 möjlighet
252 1376 53 13 beretts
314 1378 21 11 att
343 1376 25 13 vid
377 1376 31 16 krig
417 1376 34 13 eller
460 1376 44 15 krigs-

41 1395 32 13 fara
84 1394 80 16 uppskjuta
174 1394 24 13 val
208 1394 22 13 till
240 1394 82 16 riksdagen,
333 1394 40 13 såväl
383 1394 21 13 till
415 1394 46 13 första
471 1398 33 9 som

41 1413 46 13 andra
94 1413 91 12 kammaren.

63 1430 96 13 Gemensamt
173 1430 23 13 för
209 1429 40 14 båda
262 1430 86 13 kamrarnas
361 1430 82 13 ledamöter
455 1429 49 16 gäller,

41 1450 21 12 att
68 1448 204 16 riksdagsmannabefattning
277 1447 30 14 kan
313 1448 52 13 utövas
371 1447 51 14 endast
428 1451 18 10 av
452 1447 53 14 svensk

41 1466 101 16 medborgare.

558 312 28 13 Till
600 312 38 14 båda
652 312 78 14 kamrarna
744 312 25 13 ske
783 312 41 13 valen
838 312 34 13 med
886 312 112 16 proportionellt

537 330 57 13 valsätt.

558 348 80 13 Allmänna
646 348 23 13 val
678 348 21 13 till
707 348 52 13 Andra
768 348 85 13 kammaren
862 348 54 14 skedde
925 350 48 12 senast
982 348 16 14 år

539 366 40 16 1956,
586 366 24 13 för
617 366 69 16 perioden
695 366 95 13 1957—1960.

559 384 92 13 Beträffande
664 384 99 16 ersättningen
776 384 23 13 för
813 384 185 16 riksdagsmannauppdra-

538 404 30 13 gets
578 402 92 16 fullgörande
679 402 38 13 hava
727 402 108 13 bestämmelser
845 402 42 16 givits
896 402 5 13 i
910 406 19 9 en
939 406 17 9 av
966 402 32 13 Ko-

538 424 59 11 nungen
606 420 28 13 och
642 420 78 16 riksdagen
729 420 16 13 år
755 420 33 13 1941
799 420 64 13 samfällt
872 420 66 13 beslutad
947 420 51 16 stadga

538 438 29 13 den
577 438 16 13 21
606 438 36 13 febr.
656 438 33 13 1941
703 438 39 15 (SFS
752 442 17 9 nr
778 438 24 15 98)
809 438 34 13 med
854 438 41 13 ändr.
908 440 48 11 senast
969 438 29 13 den

538 456 18 13 24
570 456 29 15 maj
615 456 35 13 1957
664 456 23 16 (nr
702 456 36 15 170).
753 456 108 16 Riksdagsman
870 456 63 16 åtnjuter
943 456 56 14 arvode

538 473 33 14 från
586 474 29 13 och
630 474 34 13 med
679 474 28 13 den
723 474 33 16 dag,
772 474 19 13 då
806 474 29 13 han
849 476 41 14 tager
901 474 37 16 plats
948 474 4 13 i
962 474 36 13 riks-

538 492 47 15 dagen
599 492 21 13 till
635 492 28 13 och
677 492 34 13 med
725 492 29 13 den
765 492 33 16 dag,
810 492 18 13 då
840 492 158 16 riksdagsmannaupp-

538 510 50 15 draget
600 510 62 15 upphör.
679 510 66 13 Arvodet
757 511 58 14 utgöres
826 514 19 9 av
856 510 102 15 grundarvode
970 510 29 13 och

538 528 155 15 kostnadsersättning.
705 528 108 13 Grundarvode
825 528 41 15 utgår
878 528 34 13 med
920 528 50 16 12,000
976 528 22 13 kr.

538 545 24 13 för
572 545 20 14 år.
603 546 156 15 Kostnadsersättning
769 545 42 16 utgår
821 546 34 13 med
865 546 42 15 3,000
917 546 21 13 kr.
949 546 23 13 för
983 546 16 13 år

538 567 25 9 om
573 563 101 16 riksdagsman
683 564 16 12 är
708 563 49 14 bosatt
767 564 40 13 inom
817 565 23 12 ort
850 564 26 13 där
886 564 58 15 riksdag
953 564 46 13 hålles

538 583 38 11 samt
588 581 40 16 eljest
640 581 34 13 med
687 581 42 16 8,000
741 581 21 13 kr.
775 581 23 13 för
811 581 20 13 år.
844 581 108 16 Riksdagsman
965 582 34 15 äger

539 598 18 16 på
569 599 24 13 det
605 599 81 13 allmännas
699 599 81 13 bekostnad
792 599 66 16 företaga
869 603 41 9 resor
921 599 8 13 å
941 600 58 15 statliga

539 617 28 13 och
579 617 66 13 enskilda
656 617 81 16 järnvägar.
751 617 112 16 Riksdagsman,
876 621 33 9 som
930 621 7 9 är
949 617 50 14 bosatt

539 634 8 14 å
558 638 49 10 annan
617 637 24 11 ort
651 636 19 12 än
681 635 26 13 där
718 635 77 15 riksdagen
805 635 50 16 hålles,
866 636 34 15 äger
909 635 54 16 jämväl
974 635 24 13 vid

538 653 95 15 begagnande
647 656 18 10 av
679 655 45 11 annat
738 653 79 13 färdmedel
832 654 19 12 än
865 653 4 13 i
883 653 46 13 första
943 653 56 16 stycket

538 672 39 14 sagts
590 670 19 16 på
621 671 25 13 det
658 671 82 13 allmännas
753 671 81 13 bekostnad
848 674 31 10 resa
892 671 20 13 till
925 671 29 13 och
966 671 33 13 från

538 688 78 16 riksdagen
626 691 38 11 samt
674 689 46 13 under
731 689 84 13 sessionstid
826 689 53 13 mellan
890 689 109 16 riksdagsorten

539 706 28 14 och
574 706 80 14 hemorten.

560 724 112 16 Riksdagsman,
680 728 32 10 som
720 724 55 14 tillhört
782 725 77 15 riksdagen
868 725 43 13 minst
919 725 8 13 8
935 725 21 16 år,
964 726 34 15 äger

544 742 55 33 ur
608 743 65 15 pension,
683 746 15 10 se
705 742 32 14 SFS
743 742 57 16 464/47,
807 743 57 15 507/51,
870 743 58 15 788/51,
934 742 43 16 96/54
984 747 14 9 o.

560 778 90 14 Kamrarnas
658 779 54 13 talmän
721 778 54 14 erhålla
783 778 174 17 representationsbidrag
965 779 33 13 med

539 796 42 16 5,000
588 796 21 14 kr.
617 796 23 13 för
647 796 20 14 år.

645 842 90 19 FÖRSTA
748 846 141 15 KAMMAREN

695 881 104 16 Stockholms
806 881 39 16 stad

632 910 127 19 (Mandattiden
769 910 48 19 utgår
828 910 18 16 år
858 911 47 19 1961)

539 941 80 18 Bergvall,
633 940 44 16 John
693 940 73 18 Helmer,
781 940 64 18 Fil.M.,
859 940 24 16 fd.
899 941 99 19 Borgarråd,

563 964 71 18 Talman,
642 964 27 18 92;
678 964 21 15 54
707 964 42 18 (adr.
758 964 111 19 Stockholm).

540 987 65 18 Strand,
614 987 41 15 Axel
663 987 83 18 Wilhelm,
756 987 184 19 Riksgäldsfullmäktig
950 988 48 18 [211],

561 1011 56 15 Förste
631 1011 33 15 vice
677 1010 66 19 talman,
756 1011 27 18 93;
797 1011 21 15 54
831 1010 42 19 (adr.
887 1011 111 19 Stockholm).

539 1034 79 19 Englund,
625 1034 39 16 Erik
671 1034 83 19 Wilhelm,
762 1034 60 19 Fil.D.,
829 1035 44 18 J.K.,
880 1034 24 16 fd.
912 1035 86 19 Aktuarie,

562 1058 26 18 89;
600 1058 20 15 54
630 1058 42 19 (adr.
683 1058 111 19 Stockholm).

539 1082 84 18 Branting,
638 1082 63 18 Georg,
716 1082 44 18 J.K.,
776 1082 85 18 Advokat,
877 1082 27 18 87;
920 1083 20 14 54
955 1082 43 19 (adr.

562 1105 110 19 Stockholm).

540 1129 75 19 Ewerlöf,
627 1129 48 16 Knut
686 1129 77 16 Gerhard
775 1129 68 19 (förutv.
856 1129 87 19 Statsråd),
955 1130 14 15 J.
982 1134 16 11 o.

562 1153 59 18 Fil.K.,
642 1153 84 18 Direktör,
747 1153 101 18 KmstkNO,
864 1153 55 19 KVO,
935 1154 27 18 90;
979 1154 20 15 54

562 1176 42 19 (adr.
614 1177 110 18 Stockholm).

540 1196 58 23 Åman,
617 1200 54 15 Oskar
688 1200 62 19 Valter,
769 1200 85 19 Direktör,
872 1201 27 18 05;
918 1201 20 15 54
956 1201 42 19 (adr.

562 1224 88 18 Enskede).

540 1247 56 16 Gärde
605 1248 89 18 Widemar,
704 1247 61 19 Ingrid,
773 1247 11 16 f.
792 1247 62 19 Gärde,
862 1248 44 18 J.K.,
913 1248 86 19 Advokat,

563 1271 26 18 12;
600 1271 20 15 54
630 1271 42 19 (adr.
683 1271 111 19 Stockholm).

540 1295 98 18 Lindström,
655 1295 40 15 Ulla
712 1295 74 18 Gunilla,
803 1295 11 15 f.
833 1295 73 18 Wohlin,
924 1295 74 16 Statsråd

564 1318 37 19 [48],
610 1319 27 17 09;
647 1319 19 15 54
675 1318 42 19 (adr.
727 1319 110 18 Stockholm).

540 1342 77 19 Aastrup,
630 1342 36 16 Nils
679 1342 66 16 Gustav
758 1342 47 19 Emil,
818 1342 80 16 Direktör
909 1343 49 18 [195],
971 1343 27 18 00;

563 1366 20 15 54
591 1366 42 18 (adr.
642 1366 111 18 Stockholm).

540 1390 78 18 Mogård,
629 1390 55 15 Johan
696 1389 53 16 Adolf
760 1390 55 18 Bertil,
828 1390 109 19 Kontr.prost
950 1390 48 19 [711],

562 1414 27 17 92;
599 1414 20 15 54
627 1413 42 19 (adr.
678 1414 111 17 Stockholm).

541 1437 97 18 Andersson,
655 1437 48 16 Ebon
720 1437 55 16 Maria
790 1437 76 19 Isabella,
882 1437 118 16 Bibliotekarie

564 1461 49 18 [729],
624 1461 26 15 96:
665 1461 19 15 54
695 1461 42 19 (adr.
749 1461 111 19 Stockholm).

505 1507 35 16 255
