<?xml version="1.0" encoding="UTF-8"?>
<alto xmlns="http://www.loc.gov/standards/alto/ns-v3#" xmlns:xlink="http://www.w3.org/1999/xlink" xmlns:xsi="http://www.w3.org/2001/XMLSchema-instance" xsi:schemaLocation="http://www.loc.gov/standards/alto/ns-v3# http://www.loc.gov/alto/v3/alto-3-0.xsd">
	<Description>
		<MeasurementUnit>pixel</MeasurementUnit>
		<sourceImageInformation>
			<fileName></fileName>
		</sourceImageInformation>
		<OCRProcessing ID="OCR_0">
			<ocrProcessingStep>
				<processingSoftware>
					<softwareName>tesseract 4.1.1</softwareName>
				</processingSoftware>
			</ocrProcessingStep>
		</OCRProcessing>
	</Description>
	<Layout>
		<Page WIDTH="1252" HEIGHT="1900" PHYSICAL_IMG_NR="0" ID="page_0">
			<PrintSpace HPOS="0" VPOS="0" WIDTH="1252" HEIGHT="1900">
				<ComposedBlock ID="cblock_0" HPOS="552" VPOS="61" WIDTH="116" HEIGHT="24">
					<TextBlock ID="block_0" HPOS="552" VPOS="61" WIDTH="116" HEIGHT="24">
						<TextLine ID="line_0" HPOS="552" VPOS="61" WIDTH="116" HEIGHT="24">
							<String ID="string_0" HPOS="552" VPOS="61" WIDTH="116" HEIGHT="24" WC="0.96" CONTENT="Riksdagen"/>
						</TextLine>
					</TextBlock>
				</ComposedBlock>
				<ComposedBlock ID="cblock_1" HPOS="348" VPOS="96" WIDTH="60" HEIGHT="9">
					<TextBlock ID="block_1" HPOS="348" VPOS="96" WIDTH="60" HEIGHT="9">
						<TextLine ID="line_1" HPOS="348" VPOS="96" WIDTH="60" HEIGHT="9">
							<String ID="string_1" HPOS="348" VPOS="96" WIDTH="60" HEIGHT="9" WC="0.95" CONTENT=" "/>
						</TextLine>
					</TextBlock>
				</ComposedBlock>
				<ComposedBlock ID="cblock_2" HPOS="42" VPOS="197" WIDTH="257" HEIGHT="38">
					<TextBlock ID="block_2" HPOS="42" VPOS="197" WIDTH="257" HEIGHT="38">
						<TextLine ID="line_2" HPOS="42" VPOS="197" WIDTH="257" HEIGHT="38">
							<String ID="string_2" HPOS="42" VPOS="198" WIDTH="13" HEIGHT="29" WC="0.94" CONTENT="I"/><SP WIDTH="65" VPOS="198" HPOS="55"/>
							<String ID="string_3" HPOS="120" VPOS="197" WIDTH="179" HEIGHT="38" WC="0.29" CONTENT="Riksdagen"/>
						</TextLine>
					</TextBlock>
				</ComposedBlock>
				<ComposedBlock ID="cblock_3" HPOS="43" VPOS="348" WIDTH="10" HEIGHT="23">
					<TextBlock ID="block_3" HPOS="43" VPOS="348" WIDTH="10" HEIGHT="23">
						<TextLine ID="line_3" HPOS="43" VPOS="348" WIDTH="10" HEIGHT="23">
							<String ID="string_4" HPOS="43" VPOS="348" WIDTH="10" HEIGHT="23" WC="0.88" CONTENT="7"/>
						</TextLine>
					</TextBlock>
				</ComposedBlock>
				<ComposedBlock ID="cblock_4" HPOS="44" VPOS="400" WIDTH="545" HEIGHT="88">
					<TextBlock ID="block_4" HPOS="44" VPOS="400" WIDTH="545" HEIGHT="88">
						<TextLine ID="line_4" HPOS="46" VPOS="400" WIDTH="543" HEIGHT="22">
							<String ID="string_5" HPOS="46" VPOS="402" WIDTH="149" HEIGHT="20" WC="0.96" CONTENT="Regeringsformen"/><SP WIDTH="18" VPOS="402" HPOS="195"/>
							<String ID="string_6" HPOS="213" VPOS="402" WIDTH="31" HEIGHT="15" WC="0.96" CONTENT="den"/><SP WIDTH="19" VPOS="402" HPOS="244"/>
							<String ID="string_7" HPOS="263" VPOS="402" WIDTH="18" HEIGHT="15" WC="0.96" CONTENT="28"/><SP WIDTH="19" VPOS="402" HPOS="281"/>
							<String ID="string_8" HPOS="300" VPOS="402" WIDTH="37" HEIGHT="15" WC="0.78" CONTENT="febr."/><SP WIDTH="21" VPOS="402" HPOS="337"/>
							<String ID="string_9" HPOS="358" VPOS="402" WIDTH="38" HEIGHT="15" WC="0.96" CONTENT="1974"/><SP WIDTH="17" VPOS="402" HPOS="396"/>
							<String ID="string_10" HPOS="413" VPOS="402" WIDTH="26" HEIGHT="18" WC="0.96" CONTENT="(nr"/><SP WIDTH="20" VPOS="402" HPOS="439"/>
							<String ID="string_11" HPOS="459" VPOS="401" WIDTH="33" HEIGHT="17" WC="0.93" CONTENT="152;"/><SP WIDTH="19" VPOS="401" HPOS="492"/>
							<String ID="string_12" HPOS="511" VPOS="400" WIDTH="78" HEIGHT="19" WC="0.92" CONTENT="omtryckt"/>
						</TextLine>
						<TextLine ID="line_5" HPOS="47" VPOS="423" WIDTH="542" HEIGHT="20">
							<String ID="string_13" HPOS="47" VPOS="425" WIDTH="44" HEIGHT="15" WC="0.95" CONTENT="1976:"/><SP WIDTH="7" VPOS="425" HPOS="91"/>
							<String ID="string_14" HPOS="98" VPOS="425" WIDTH="40" HEIGHT="18" WC="0.93" CONTENT="871)."/><SP WIDTH="9" VPOS="425" HPOS="138"/>
							<String ID="string_15" HPOS="147" VPOS="424" WIDTH="169" HEIGHT="19" WC="0.92" CONTENT="Riksdagsordningen"/><SP WIDTH="7" VPOS="424" HPOS="316"/>
							<String ID="string_16" HPOS="323" VPOS="424" WIDTH="31" HEIGHT="15" WC="0.96" CONTENT="den"/><SP WIDTH="7" VPOS="424" HPOS="354"/>
							<String ID="string_17" HPOS="361" VPOS="424" WIDTH="19" HEIGHT="15" WC="0.96" CONTENT="28"/><SP WIDTH="7" VPOS="424" HPOS="380"/>
							<String ID="string_18" HPOS="387" VPOS="423" WIDTH="39" HEIGHT="16" WC="0.96" CONTENT="febr."/><SP WIDTH="10" VPOS="423" HPOS="426"/>
							<String ID="string_19" HPOS="436" VPOS="424" WIDTH="37" HEIGHT="14" WC="0.96" CONTENT="1974"/><SP WIDTH="7" VPOS="424" HPOS="473"/>
							<String ID="string_20" HPOS="480" VPOS="424" WIDTH="25" HEIGHT="18" WC="0.96" CONTENT="(nr"/><SP WIDTH="9" VPOS="424" HPOS="505"/>
							<String ID="string_21" HPOS="514" VPOS="423" WIDTH="34" HEIGHT="17" WC="0.93" CONTENT="153;"/><SP WIDTH="7" VPOS="423" HPOS="548"/>
							<String ID="string_22" HPOS="555" VPOS="427" WIDTH="34" HEIGHT="11" WC="0.92" CONTENT="om-"/>
						</TextLine>
						<TextLine ID="line_6" HPOS="44" VPOS="445" WIDTH="545" HEIGHT="21">
							<String ID="string_23" HPOS="44" VPOS="447" WIDTH="51" HEIGHT="19" WC="0.96" CONTENT="tryckt"/><SP WIDTH="8" VPOS="447" HPOS="95"/>
							<String ID="string_24" HPOS="103" VPOS="447" WIDTH="43" HEIGHT="15" WC="0.52" CONTENT="1977:"/><SP WIDTH="7" VPOS="447" HPOS="146"/>
							<String ID="string_25" HPOS="153" VPOS="447" WIDTH="26" HEIGHT="17" WC="0.52" CONTENT="90;"/><SP WIDTH="6" VPOS="447" HPOS="179"/>
							<String ID="string_26" HPOS="185" VPOS="446" WIDTH="62" HEIGHT="15" WC="0.95" CONTENT="ändrad"/><SP WIDTH="5" VPOS="446" HPOS="247"/>
							<String ID="string_27" HPOS="252" VPOS="449" WIDTH="53" HEIGHT="13" WC="0.96" CONTENT="senast"/><SP WIDTH="7" VPOS="449" HPOS="305"/>
							<String ID="string_28" HPOS="312" VPOS="446" WIDTH="43" HEIGHT="15" WC="0.95" CONTENT="1979:"/><SP WIDTH="7" VPOS="446" HPOS="355"/>
							<String ID="string_29" HPOS="362" VPOS="446" WIDTH="31" HEIGHT="19" WC="0.92" CONTENT="93)."/><SP WIDTH="6" VPOS="446" HPOS="393"/>
							<String ID="string_30" HPOS="399" VPOS="446" WIDTH="56" HEIGHT="19" WC="0.92" CONTENT="Vallag"/><SP WIDTH="5" VPOS="446" HPOS="455"/>
							<String ID="string_31" HPOS="460" VPOS="445" WIDTH="31" HEIGHT="15" WC="0.96" CONTENT="den"/><SP WIDTH="6" VPOS="445" HPOS="491"/>
							<String ID="string_32" HPOS="497" VPOS="446" WIDTH="7" HEIGHT="14" WC="0.96" CONTENT="8"/><SP WIDTH="6" VPOS="446" HPOS="504"/>
							<String ID="string_33" HPOS="510" VPOS="445" WIDTH="34" HEIGHT="15" WC="0.96" CONTENT="dec."/><SP WIDTH="8" VPOS="445" HPOS="544"/>
							<String ID="string_34" HPOS="552" VPOS="445" WIDTH="37" HEIGHT="15" WC="0.96" CONTENT="1972"/>
						</TextLine>
						<TextLine ID="line_7" HPOS="45" VPOS="468" WIDTH="481" HEIGHT="20">
							<String ID="string_35" HPOS="45" VPOS="470" WIDTH="25" HEIGHT="18" WC="0.95" CONTENT="(nr"/><SP WIDTH="7" VPOS="470" HPOS="70"/>
							<String ID="string_36" HPOS="77" VPOS="470" WIDTH="36" HEIGHT="17" WC="0.93" CONTENT="620;"/><SP WIDTH="8" VPOS="470" HPOS="113"/>
							<String ID="string_37" HPOS="121" VPOS="469" WIDTH="78" HEIGHT="19" WC="0.92" CONTENT="omtryckt"/><SP WIDTH="9" VPOS="469" HPOS="199"/>
							<String ID="string_38" HPOS="208" VPOS="469" WIDTH="44" HEIGHT="15" WC="0.93" CONTENT="1976:"/><SP WIDTH="7" VPOS="469" HPOS="252"/>
							<String ID="string_39" HPOS="259" VPOS="469" WIDTH="36" HEIGHT="17" WC="0.93" CONTENT="404;"/><SP WIDTH="8" VPOS="469" HPOS="295"/>
							<String ID="string_40" HPOS="303" VPOS="468" WIDTH="62" HEIGHT="15" WC="0.96" CONTENT="ändrad"/><SP WIDTH="7" VPOS="468" HPOS="365"/>
							<String ID="string_41" HPOS="372" VPOS="471" WIDTH="53" HEIGHT="12" WC="0.96" CONTENT="senast"/><SP WIDTH="10" VPOS="471" HPOS="425"/>
							<String ID="string_42" HPOS="435" VPOS="468" WIDTH="43" HEIGHT="15" WC="0.91" CONTENT="1978:"/><SP WIDTH="7" VPOS="468" HPOS="478"/>
							<String ID="string_43" HPOS="485" VPOS="468" WIDTH="41" HEIGHT="19" WC="0.91" CONTENT="907)."/>
						</TextLine>
					</TextBlock>
				</ComposedBlock>
				<ComposedBlock ID="cblock_5" HPOS="123" VPOS="355" WIDTH="306" HEIGHT="16">
					<TextBlock ID="block_5" HPOS="123" VPOS="355" WIDTH="306" HEIGHT="16">
						<TextLine ID="line_8" HPOS="123" VPOS="355" WIDTH="306" HEIGHT="16">
							<String ID="string_44" HPOS="123" VPOS="357" WIDTH="27" HEIGHT="14" WC="0.96" CONTENT="100"/><SP WIDTH="9" VPOS="357" HPOS="150"/>
							<String ID="string_45" HPOS="159" VPOS="356" WIDTH="16" HEIGHT="15" WC="0.95" CONTENT="12"/><SP WIDTH="8" VPOS="356" HPOS="175"/>
							<String ID="string_46" HPOS="183" VPOS="355" WIDTH="97" HEIGHT="16" WC="0.96" CONTENT="Stockholm."/><SP WIDTH="8" VPOS="355" HPOS="280"/>
							<String ID="string_47" HPOS="288" VPOS="355" WIDTH="31" HEIGHT="15" WC="0.96" CONTENT="Tel."/><SP WIDTH="8" VPOS="355" HPOS="319"/>
							<String ID="string_48" HPOS="327" VPOS="355" WIDTH="47" HEIGHT="15" WC="0.96" CONTENT="08-14"/><SP WIDTH="6" VPOS="355" HPOS="374"/>
							<String ID="string_49" HPOS="380" VPOS="355" WIDTH="19" HEIGHT="14" WC="0.95" CONTENT="20"/><SP WIDTH="7" VPOS="355" HPOS="399"/>
							<String ID="string_50" HPOS="406" VPOS="355" WIDTH="23" HEIGHT="14" WC="0.95" CONTENT="20."/>
						</TextLine>
					</TextBlock>
				</ComposedBlock>
				<ComposedBlock ID="cblock_6" HPOS="124" VPOS="513" WIDTH="467" HEIGHT="1314">
					<TextBlock ID="block_6" HPOS="125" VPOS="513" WIDTH="465" HEIGHT="177">
						<TextLine ID="line_9" HPOS="126" VPOS="513" WIDTH="464" HEIGHT="20">
							<String ID="string_51" HPOS="126" VPOS="514" WIDTH="90" HEIGHT="19" WC="0.96" CONTENT="Riksdagen"/><SP WIDTH="11" VPOS="514" HPOS="216"/>
							<String ID="string_52" HPOS="227" VPOS="514" WIDTH="39" HEIGHT="15" WC="0.96" CONTENT="skall"/><SP WIDTH="11" VPOS="514" HPOS="266"/>
							<String ID="string_53" HPOS="277" VPOS="514" WIDTH="119" HEIGHT="15" WC="0.96" CONTENT="sammanträda"/><SP WIDTH="10" VPOS="514" HPOS="396"/>
							<String ID="string_54" HPOS="406" VPOS="513" WIDTH="23" HEIGHT="16" WC="0.96" CONTENT="till"/><SP WIDTH="11" VPOS="513" HPOS="429"/>
							<String ID="string_55" HPOS="440" VPOS="513" WIDTH="64" HEIGHT="20" WC="0.96" CONTENT="lagtima"/><SP WIDTH="10" VPOS="513" HPOS="504"/>
							<String ID="string_56" HPOS="514" VPOS="513" WIDTH="76" HEIGHT="16" WC="0.96" CONTENT="riksmöte"/>
						</TextLine>
						<TextLine ID="line_10" HPOS="125" VPOS="536" WIDTH="465" HEIGHT="20">
							<String ID="string_57" HPOS="125" VPOS="536" WIDTH="42" HEIGHT="20" WC="0.95" CONTENT="varje"/><SP WIDTH="7" VPOS="536" HPOS="167"/>
							<String ID="string_58" HPOS="174" VPOS="537" WIDTH="17" HEIGHT="15" WC="0.96" CONTENT="år"/><SP WIDTH="7" VPOS="537" HPOS="191"/>
							<String ID="string_59" HPOS="198" VPOS="537" WIDTH="20" HEIGHT="19" WC="0.96" CONTENT="på"/><SP WIDTH="7" VPOS="537" HPOS="218"/>
							<String ID="string_60" HPOS="225" VPOS="536" WIDTH="31" HEIGHT="20" WC="0.96" CONTENT="dag"/><SP WIDTH="7" VPOS="536" HPOS="256"/>
							<String ID="string_61" HPOS="263" VPOS="536" WIDTH="3" HEIGHT="15" WC="0.96" CONTENT="i"/><SP WIDTH="8" VPOS="536" HPOS="266"/>
							<String ID="string_62" HPOS="274" VPOS="536" WIDTH="89" HEIGHT="19" WC="0.96" CONTENT="september"/><SP WIDTH="7" VPOS="536" HPOS="363"/>
							<String ID="string_63" HPOS="370" VPOS="536" WIDTH="37" HEIGHT="15" WC="0.96" CONTENT="eller"/><SP WIDTH="7" VPOS="536" HPOS="407"/>
							<String ID="string_64" HPOS="414" VPOS="536" WIDTH="68" HEIGHT="15" WC="0.96" CONTENT="oktober"/><SP WIDTH="6" VPOS="536" HPOS="482"/>
							<String ID="string_65" HPOS="488" VPOS="541" WIDTH="35" HEIGHT="10" WC="0.93" CONTENT="som"/><SP WIDTH="7" VPOS="541" HPOS="523"/>
							<String ID="string_66" HPOS="530" VPOS="536" WIDTH="60" HEIGHT="15" WC="0.92" CONTENT="riksda-"/>
						</TextLine>
						<TextLine ID="line_11" HPOS="125" VPOS="558" WIDTH="464" HEIGHT="21">
							<String ID="string_67" HPOS="125" VPOS="564" WIDTH="29" HEIGHT="15" WC="0.96" CONTENT="gen"/><SP WIDTH="7" VPOS="564" HPOS="154"/>
							<String ID="string_68" HPOS="161" VPOS="559" WIDTH="28" HEIGHT="15" WC="0.96" CONTENT="har"/><SP WIDTH="5" VPOS="559" HPOS="189"/>
							<String ID="string_69" HPOS="194" VPOS="559" WIDTH="68" HEIGHT="15" WC="0.96" CONTENT="bestämt"/><SP WIDTH="6" VPOS="559" HPOS="262"/>
							<String ID="string_70" HPOS="268" VPOS="559" WIDTH="27" HEIGHT="15" WC="0.96" CONTENT="vid"/><SP WIDTH="6" VPOS="559" HPOS="295"/>
							<String ID="string_71" HPOS="301" VPOS="560" WIDTH="70" HEIGHT="14" WC="0.96" CONTENT="närmast"/><SP WIDTH="6" VPOS="560" HPOS="371"/>
							<String ID="string_72" HPOS="377" VPOS="558" WIDTH="98" HEIGHT="20" WC="0.96" CONTENT="föregående"/><SP WIDTH="6" VPOS="558" HPOS="475"/>
							<String ID="string_73" HPOS="481" VPOS="558" WIDTH="64" HEIGHT="20" WC="0.93" CONTENT="lagtima"/><SP WIDTH="7" VPOS="558" HPOS="545"/>
							<String ID="string_74" HPOS="552" VPOS="558" WIDTH="37" HEIGHT="16" WC="0.92" CONTENT="riks-"/>
						</TextLine>
						<TextLine ID="line_12" HPOS="125" VPOS="581" WIDTH="464" HEIGHT="20">
							<String ID="string_75" HPOS="125" VPOS="582" WIDTH="47" HEIGHT="15" WC="0.93" CONTENT="möte."/><SP WIDTH="6" VPOS="582" HPOS="172"/>
							<String ID="string_76" HPOS="178" VPOS="581" WIDTH="71" HEIGHT="20" WC="0.92" CONTENT="Lagtima"/><SP WIDTH="6" VPOS="581" HPOS="249"/>
							<String ID="string_77" HPOS="255" VPOS="581" WIDTH="75" HEIGHT="16" WC="0.96" CONTENT="riksmöte"/><SP WIDTH="5" VPOS="581" HPOS="330"/>
							<String ID="string_78" HPOS="335" VPOS="586" WIDTH="35" HEIGHT="10" WC="0.96" CONTENT="som"/><SP WIDTH="6" VPOS="586" HPOS="370"/>
							<String ID="string_79" HPOS="376" VPOS="581" WIDTH="28" HEIGHT="15" WC="0.96" CONTENT="har"/><SP WIDTH="5" VPOS="581" HPOS="404"/>
							<String ID="string_80" HPOS="409" VPOS="581" WIDTH="52" HEIGHT="15" WC="0.96" CONTENT="inletts"/><SP WIDTH="6" VPOS="581" HPOS="461"/>
							<String ID="string_81" HPOS="467" VPOS="581" WIDTH="50" HEIGHT="15" WC="0.96" CONTENT="under"/><SP WIDTH="5" VPOS="581" HPOS="517"/>
							<String ID="string_82" HPOS="522" VPOS="581" WIDTH="67" HEIGHT="19" WC="0.96" CONTENT="augusti,"/>
						</TextLine>
						<TextLine ID="line_13" HPOS="125" VPOS="603" WIDTH="463" HEIGHT="20">
							<String ID="string_83" HPOS="125" VPOS="604" WIDTH="89" HEIGHT="19" WC="0.96" CONTENT="september"/><SP WIDTH="8" VPOS="604" HPOS="214"/>
							<String ID="string_84" HPOS="222" VPOS="604" WIDTH="38" HEIGHT="15" WC="0.96" CONTENT="eller"/><SP WIDTH="8" VPOS="604" HPOS="260"/>
							<String ID="string_85" HPOS="268" VPOS="604" WIDTH="67" HEIGHT="15" WC="0.96" CONTENT="oktober"/><SP WIDTH="8" VPOS="604" HPOS="335"/>
							<String ID="string_86" HPOS="343" VPOS="604" WIDTH="40" HEIGHT="15" WC="0.96" CONTENT="skall"/><SP WIDTH="9" VPOS="604" HPOS="383"/>
							<String ID="string_87" HPOS="392" VPOS="604" WIDTH="69" HEIGHT="15" WC="0.96" CONTENT="avslutas"/><SP WIDTH="9" VPOS="604" HPOS="461"/>
							<String ID="string_88" HPOS="470" VPOS="606" WIDTH="53" HEIGHT="13" WC="0.96" CONTENT="senast"/><SP WIDTH="8" VPOS="606" HPOS="523"/>
							<String ID="string_89" HPOS="531" VPOS="603" WIDTH="31" HEIGHT="16" WC="0.96" CONTENT="den"/><SP WIDTH="9" VPOS="603" HPOS="562"/>
							<String ID="string_90" HPOS="571" VPOS="604" WIDTH="17" HEIGHT="15" WC="0.96" CONTENT="31"/>
						</TextLine>
						<TextLine ID="line_14" HPOS="125" VPOS="626" WIDTH="465" HEIGHT="20">
							<String ID="string_91" HPOS="125" VPOS="626" WIDTH="31" HEIGHT="20" WC="0.95" CONTENT="maj"/><SP WIDTH="10" VPOS="626" HPOS="156"/>
							<String ID="string_92" HPOS="166" VPOS="626" WIDTH="72" HEIGHT="19" WC="0.95" CONTENT="följande"/><SP WIDTH="9" VPOS="626" HPOS="238"/>
							<String ID="string_93" HPOS="247" VPOS="627" WIDTH="21" HEIGHT="14" WC="0.95" CONTENT="år."/><SP WIDTH="11" VPOS="627" HPOS="268"/>
							<String ID="string_94" HPOS="279" VPOS="626" WIDTH="90" HEIGHT="19" WC="0.96" CONTENT="Riksdagen"/><SP WIDTH="11" VPOS="626" HPOS="369"/>
							<String ID="string_95" HPOS="380" VPOS="626" WIDTH="31" HEIGHT="15" WC="0.96" CONTENT="kan"/><SP WIDTH="10" VPOS="626" HPOS="411"/>
							<String ID="string_96" HPOS="421" VPOS="631" WIDTH="26" HEIGHT="10" WC="0.96" CONTENT="om"/><SP WIDTH="10" VPOS="631" HPOS="447"/>
							<String ID="string_97" HPOS="457" VPOS="626" WIDTH="90" HEIGHT="19" WC="0.96" CONTENT="synnerliga"/><SP WIDTH="9" VPOS="626" HPOS="547"/>
							<String ID="string_98" HPOS="556" VPOS="626" WIDTH="34" HEIGHT="15" WC="0.96" CONTENT="skäl"/>
						</TextLine>
						<TextLine ID="line_15" HPOS="125" VPOS="648" WIDTH="465" HEIGHT="20">
							<String ID="string_99" HPOS="125" VPOS="649" WIDTH="84" HEIGHT="19" WC="0.96" CONTENT="föreligger"/><SP WIDTH="5" VPOS="649" HPOS="209"/>
							<String ID="string_100" HPOS="214" VPOS="649" WIDTH="73" HEIGHT="19" WC="0.96" CONTENT="förlänga"/><SP WIDTH="6" VPOS="649" HPOS="287"/>
							<String ID="string_101" HPOS="293" VPOS="648" WIDTH="86" HEIGHT="18" WC="0.96" CONTENT="riksmötet,"/><SP WIDTH="6" VPOS="648" HPOS="379"/>
							<String ID="string_102" HPOS="385" VPOS="648" WIDTH="43" HEIGHT="16" WC="0.96" CONTENT="dock"/><SP WIDTH="5" VPOS="648" HPOS="428"/>
							<String ID="string_103" HPOS="433" VPOS="649" WIDTH="52" HEIGHT="19" WC="0.96" CONTENT="längst"/><SP WIDTH="5" VPOS="649" HPOS="485"/>
							<String ID="string_104" HPOS="490" VPOS="648" WIDTH="22" HEIGHT="15" WC="0.96" CONTENT="till"/><SP WIDTH="6" VPOS="648" HPOS="512"/>
							<String ID="string_105" HPOS="518" VPOS="648" WIDTH="30" HEIGHT="16" WC="0.95" CONTENT="och"/><SP WIDTH="6" VPOS="648" HPOS="548"/>
							<String ID="string_106" HPOS="554" VPOS="648" WIDTH="36" HEIGHT="15" WC="0.96" CONTENT="med"/>
						</TextLine>
						<TextLine ID="line_16" HPOS="125" VPOS="671" WIDTH="102" HEIGHT="19">
							<String ID="string_107" HPOS="125" VPOS="671" WIDTH="31" HEIGHT="16" WC="0.96" CONTENT="den"/><SP WIDTH="10" VPOS="671" HPOS="156"/>
							<String ID="string_108" HPOS="166" VPOS="672" WIDTH="15" HEIGHT="15" WC="0.96" CONTENT="15"/><SP WIDTH="6" VPOS="672" HPOS="181"/>
							<String ID="string_109" HPOS="187" VPOS="671" WIDTH="40" HEIGHT="19" WC="0.96" CONTENT="juni."/>
						</TextLine>
					</TextBlock>
					<TextBlock ID="block_7" HPOS="125" VPOS="693" WIDTH="466" HEIGHT="64">
						<TextLine ID="line_17" HPOS="147" VPOS="693" WIDTH="443" HEIGHT="20">
							<String ID="string_110" HPOS="147" VPOS="694" WIDTH="90" HEIGHT="19" WC="0.96" CONTENT="Riksdagen"/><SP WIDTH="10" VPOS="694" HPOS="237"/>
							<String ID="string_111" HPOS="247" VPOS="694" WIDTH="28" HEIGHT="14" WC="0.96" CONTENT="har"/><SP WIDTH="9" VPOS="694" HPOS="275"/>
							<String ID="string_112" HPOS="284" VPOS="694" WIDTH="29" HEIGHT="15" WC="0.96" CONTENT="349"/><SP WIDTH="10" VPOS="694" HPOS="313"/>
							<String ID="string_113" HPOS="323" VPOS="693" WIDTH="92" HEIGHT="16" WC="0.96" CONTENT="ledamöter."/><SP WIDTH="10" VPOS="693" HPOS="415"/>
							<String ID="string_114" HPOS="425" VPOS="693" WIDTH="117" HEIGHT="15" WC="0.96" CONTENT="Ledamöterna"/><SP WIDTH="9" VPOS="693" HPOS="542"/>
							<String ID="string_115" HPOS="551" VPOS="693" WIDTH="39" HEIGHT="19" WC="0.96" CONTENT="väljs"/>
						</TextLine>
						<TextLine ID="line_18" HPOS="125" VPOS="715" WIDTH="466" HEIGHT="20">
							<String ID="string_116" HPOS="125" VPOS="716" WIDTH="51" HEIGHT="15" WC="0.96" CONTENT="direkt"/><SP WIDTH="10" VPOS="716" HPOS="176"/>
							<String ID="string_117" HPOS="186" VPOS="716" WIDTH="27" HEIGHT="15" WC="0.96" CONTENT="vid"/><SP WIDTH="10" VPOS="716" HPOS="213"/>
							<String ID="string_118" HPOS="223" VPOS="719" WIDTH="21" HEIGHT="12" WC="0.96" CONTENT="ett"/><SP WIDTH="11" VPOS="719" HPOS="244"/>
							<String ID="string_119" HPOS="255" VPOS="716" WIDTH="41" HEIGHT="15" WC="0.96" CONTENT="enda"/><SP WIDTH="10" VPOS="716" HPOS="296"/>
							<String ID="string_120" HPOS="306" VPOS="716" WIDTH="62" HEIGHT="15" WC="0.96" CONTENT="tillfälle"/><SP WIDTH="11" VPOS="716" HPOS="368"/>
							<String ID="string_121" HPOS="379" VPOS="715" WIDTH="25" HEIGHT="16" WC="0.96" CONTENT="för"/><SP WIDTH="10" VPOS="715" HPOS="404"/>
							<String ID="string_122" HPOS="414" VPOS="720" WIDTH="19" HEIGHT="11" WC="0.96" CONTENT="en"/><SP WIDTH="12" VPOS="720" HPOS="433"/>
							<String ID="string_123" HPOS="445" VPOS="715" WIDTH="55" HEIGHT="20" WC="0.96" CONTENT="period"/><SP WIDTH="11" VPOS="715" HPOS="500"/>
							<String ID="string_124" HPOS="511" VPOS="720" WIDTH="19" HEIGHT="10" WC="0.96" CONTENT="av"/><SP WIDTH="11" VPOS="720" HPOS="530"/>
							<String ID="string_125" HPOS="541" VPOS="718" WIDTH="22" HEIGHT="13" WC="0.96" CONTENT="tre"/><SP WIDTH="11" VPOS="718" HPOS="563"/>
							<String ID="string_126" HPOS="574" VPOS="716" WIDTH="17" HEIGHT="15" WC="0.96" CONTENT="år"/>
						</TextLine>
						<TextLine ID="line_19" HPOS="125" VPOS="738" WIDTH="130" HEIGHT="19">
							<String ID="string_127" HPOS="125" VPOS="738" WIDTH="87" HEIGHT="19" WC="0.96" CONTENT="(ordinarie"/><SP WIDTH="7" VPOS="738" HPOS="212"/>
							<String ID="string_128" HPOS="219" VPOS="739" WIDTH="36" HEIGHT="18" WC="0.96" CONTENT="val)."/>
						</TextLine>
					</TextBlock>
					<TextBlock ID="block_8" HPOS="125" VPOS="760" WIDTH="466" HEIGHT="154">
						<TextLine ID="line_20" HPOS="146" VPOS="760" WIDTH="444" HEIGHT="18">
							<String ID="string_129" HPOS="146" VPOS="761" WIDTH="24" HEIGHT="15" WC="0.96" CONTENT="Av"/><SP WIDTH="11" VPOS="761" HPOS="170"/>
							<String ID="string_130" HPOS="181" VPOS="761" WIDTH="86" HEIGHT="15" WC="0.96" CONTENT="mandaten"/><SP WIDTH="11" VPOS="761" HPOS="267"/>
							<String ID="string_131" HPOS="278" VPOS="761" WIDTH="17" HEIGHT="15" WC="0.95" CONTENT="är"/><SP WIDTH="10" VPOS="761" HPOS="295"/>
							<String ID="string_132" HPOS="305" VPOS="761" WIDTH="29" HEIGHT="15" WC="0.95" CONTENT="310"/><SP WIDTH="11" VPOS="761" HPOS="334"/>
							<String ID="string_133" HPOS="345" VPOS="760" WIDTH="41" HEIGHT="16" WC="0.93" CONTENT="fasta"/><SP WIDTH="10" VPOS="760" HPOS="386"/>
							<String ID="string_134" HPOS="396" VPOS="760" WIDTH="141" HEIGHT="18" WC="0.92" CONTENT="valkretsmandat,"/><SP WIDTH="11" VPOS="760" HPOS="537"/>
							<String ID="string_135" HPOS="548" VPOS="760" WIDTH="42" HEIGHT="15" WC="0.96" CONTENT="vilka"/>
						</TextLine>
						<TextLine ID="line_21" HPOS="125" VPOS="783" WIDTH="465" HEIGHT="19">
							<String ID="string_136" HPOS="125" VPOS="783" WIDTH="70" HEIGHT="15" WC="0.96" CONTENT="fördelas"/><SP WIDTH="7" VPOS="783" HPOS="195"/>
							<String ID="string_137" HPOS="202" VPOS="783" WIDTH="58" HEIGHT="15" WC="0.96" CONTENT="mellan"/><SP WIDTH="8" VPOS="783" HPOS="260"/>
							<String ID="string_138" HPOS="268" VPOS="783" WIDTH="58" HEIGHT="19" WC="0.96" CONTENT="partier"/><SP WIDTH="7" VPOS="783" HPOS="326"/>
							<String ID="string_139" HPOS="333" VPOS="783" WIDTH="20" HEIGHT="19" WC="0.96" CONTENT="på"/><SP WIDTH="7" VPOS="783" HPOS="353"/>
							<String ID="string_140" HPOS="360" VPOS="783" WIDTH="78" HEIGHT="19" WC="0.96" CONTENT="grundval"/><SP WIDTH="8" VPOS="783" HPOS="438"/>
							<String ID="string_141" HPOS="446" VPOS="787" WIDTH="19" HEIGHT="10" WC="0.97" CONTENT="av"/><SP WIDTH="8" VPOS="787" HPOS="465"/>
							<String ID="string_142" HPOS="473" VPOS="783" WIDTH="106" HEIGHT="15" WC="0.96" CONTENT="valresultatet"/><SP WIDTH="7" VPOS="783" HPOS="579"/>
							<String ID="string_143" HPOS="586" VPOS="783" WIDTH="4" HEIGHT="14" WC="0.96" CONTENT="i"/>
						</TextLine>
						<TextLine ID="line_22" HPOS="126" VPOS="805" WIDTH="465" HEIGHT="19">
							<String ID="string_144" HPOS="126" VPOS="805" WIDTH="42" HEIGHT="19" WC="0.96" CONTENT="varje"/><SP WIDTH="10" VPOS="805" HPOS="168"/>
							<String ID="string_145" HPOS="178" VPOS="805" WIDTH="72" HEIGHT="15" WC="0.93" CONTENT="valkrets."/><SP WIDTH="11" VPOS="805" HPOS="250"/>
							<String ID="string_146" HPOS="261" VPOS="805" WIDTH="64" HEIGHT="15" WC="0.95" CONTENT="Antalet"/><SP WIDTH="11" VPOS="805" HPOS="325"/>
							<String ID="string_147" HPOS="336" VPOS="805" WIDTH="41" HEIGHT="15" WC="0.93" CONTENT="fasta"/><SP WIDTH="10" VPOS="805" HPOS="377"/>
							<String ID="string_148" HPOS="387" VPOS="805" WIDTH="136" HEIGHT="15" WC="0.90" CONTENT="valkretsmandat"/><SP WIDTH="11" VPOS="805" HPOS="523"/>
							<String ID="string_149" HPOS="534" VPOS="805" WIDTH="3" HEIGHT="14" WC="0.96" CONTENT="i"/><SP WIDTH="11" VPOS="805" HPOS="537"/>
							<String ID="string_150" HPOS="548" VPOS="805" WIDTH="43" HEIGHT="19" WC="0.96" CONTENT="varje"/>
						</TextLine>
						<TextLine ID="line_23" HPOS="126" VPOS="827" WIDTH="464" HEIGHT="19">
							<String ID="string_151" HPOS="126" VPOS="828" WIDTH="67" HEIGHT="15" WC="0.96" CONTENT="valkrets"/><SP WIDTH="8" VPOS="828" HPOS="193"/>
							<String ID="string_152" HPOS="201" VPOS="827" WIDTH="84" HEIGHT="16" WC="0.96" CONTENT="fastställes"/><SP WIDTH="8" VPOS="827" HPOS="285"/>
							<String ID="string_153" HPOS="293" VPOS="827" WIDTH="25" HEIGHT="16" WC="0.96" CONTENT="för"/><SP WIDTH="7" VPOS="827" HPOS="318"/>
							<String ID="string_154" HPOS="325" VPOS="830" WIDTH="22" HEIGHT="12" WC="0.96" CONTENT="tre"/><SP WIDTH="8" VPOS="830" HPOS="347"/>
							<String ID="string_155" HPOS="355" VPOS="828" WIDTH="17" HEIGHT="14" WC="0.96" CONTENT="år"/><SP WIDTH="7" VPOS="828" HPOS="372"/>
							<String ID="string_156" HPOS="379" VPOS="827" WIDTH="4" HEIGHT="15" WC="0.96" CONTENT="i"/><SP WIDTH="8" VPOS="827" HPOS="383"/>
							<String ID="string_157" HPOS="391" VPOS="827" WIDTH="59" HEIGHT="15" WC="0.96" CONTENT="sänder"/><SP WIDTH="7" VPOS="827" HPOS="450"/>
							<String ID="string_158" HPOS="457" VPOS="828" WIDTH="21" HEIGHT="18" WC="0.96" CONTENT="på"/><SP WIDTH="7" VPOS="828" HPOS="478"/>
							<String ID="string_159" HPOS="485" VPOS="827" WIDTH="78" HEIGHT="19" WC="0.96" CONTENT="grundval"/><SP WIDTH="8" VPOS="827" HPOS="563"/>
							<String ID="string_160" HPOS="571" VPOS="832" WIDTH="19" HEIGHT="10" WC="0.96" CONTENT="av"/>
						</TextLine>
						<TextLine ID="line_24" HPOS="125" VPOS="849" WIDTH="465" HEIGHT="20">
							<String ID="string_161" HPOS="125" VPOS="855" WIDTH="19" HEIGHT="10" WC="0.96" CONTENT="en"/><SP WIDTH="10" VPOS="855" HPOS="144"/>
							<String ID="string_162" HPOS="154" VPOS="850" WIDTH="88" HEIGHT="19" WC="0.96" CONTENT="beräkning"/><SP WIDTH="8" VPOS="850" HPOS="242"/>
							<String ID="string_163" HPOS="250" VPOS="854" WIDTH="19" HEIGHT="11" WC="0.96" CONTENT="av"/><SP WIDTH="10" VPOS="854" HPOS="269"/>
							<String ID="string_164" HPOS="279" VPOS="849" WIDTH="107" HEIGHT="16" WC="0.96" CONTENT="förhållandet"/><SP WIDTH="9" VPOS="849" HPOS="386"/>
							<String ID="string_165" HPOS="395" VPOS="850" WIDTH="59" HEIGHT="15" WC="0.96" CONTENT="mellan"/><SP WIDTH="9" VPOS="850" HPOS="454"/>
							<String ID="string_166" HPOS="463" VPOS="850" WIDTH="59" HEIGHT="15" WC="0.93" CONTENT="antalet"/><SP WIDTH="9" VPOS="850" HPOS="522"/>
							<String ID="string_167" HPOS="531" VPOS="849" WIDTH="59" HEIGHT="16" WC="0.91" CONTENT="röstbe-"/>
						</TextLine>
						<TextLine ID="line_25" HPOS="125" VPOS="871" WIDTH="465" HEIGHT="20">
							<String ID="string_168" HPOS="125" VPOS="872" WIDTH="77" HEIGHT="19" WC="0.90" CONTENT="rättigade"/><SP WIDTH="11" VPOS="872" HPOS="202"/>
							<String ID="string_169" HPOS="213" VPOS="872" WIDTH="4" HEIGHT="15" WC="0.96" CONTENT="i"/><SP WIDTH="12" VPOS="872" HPOS="217"/>
							<String ID="string_170" HPOS="229" VPOS="872" WIDTH="89" HEIGHT="15" WC="0.96" CONTENT="valkretsen"/><SP WIDTH="12" VPOS="872" HPOS="318"/>
							<String ID="string_171" HPOS="330" VPOS="872" WIDTH="30" HEIGHT="15" WC="0.96" CONTENT="och"/><SP WIDTH="12" VPOS="872" HPOS="360"/>
							<String ID="string_172" HPOS="372" VPOS="872" WIDTH="59" HEIGHT="15" WC="0.96" CONTENT="antalet"/><SP WIDTH="12" VPOS="872" HPOS="431"/>
							<String ID="string_173" HPOS="443" VPOS="871" WIDTH="131" HEIGHT="20" WC="0.96" CONTENT="röstberättigade"/><SP WIDTH="12" VPOS="871" HPOS="574"/>
							<String ID="string_174" HPOS="586" VPOS="872" WIDTH="4" HEIGHT="15" WC="0.96" CONTENT="i"/>
						</TextLine>
						<TextLine ID="line_26" HPOS="126" VPOS="894" WIDTH="417" HEIGHT="20">
							<String ID="string_175" HPOS="126" VPOS="894" WIDTH="35" HEIGHT="15" WC="0.96" CONTENT="hela"/><SP WIDTH="7" VPOS="894" HPOS="161"/>
							<String ID="string_176" HPOS="168" VPOS="894" WIDTH="39" HEIGHT="15" WC="0.96" CONTENT="riket"/><SP WIDTH="7" VPOS="894" HPOS="207"/>
							<String ID="string_177" HPOS="214" VPOS="894" WIDTH="48" HEIGHT="20" WC="0.95" CONTENT="enligt"/><SP WIDTH="7" VPOS="894" HPOS="262"/>
							<String ID="string_178" HPOS="269" VPOS="895" WIDTH="72" HEIGHT="14" WC="0.95" CONTENT="närmare"/><SP WIDTH="8" VPOS="895" HPOS="341"/>
							<String ID="string_179" HPOS="349" VPOS="894" WIDTH="99" HEIGHT="15" WC="0.96" CONTENT="föreskrifter"/><SP WIDTH="7" VPOS="894" HPOS="448"/>
							<String ID="string_180" HPOS="455" VPOS="894" WIDTH="4" HEIGHT="15" WC="0.96" CONTENT="i"/><SP WIDTH="7" VPOS="894" HPOS="459"/>
							<String ID="string_181" HPOS="466" VPOS="894" WIDTH="77" HEIGHT="19" WC="0.96" CONTENT="vallagen."/>
						</TextLine>
					</TextBlock>
					<TextBlock ID="block_9" HPOS="125" VPOS="914" WIDTH="466" HEIGHT="62">
						<TextLine ID="line_27" HPOS="146" VPOS="914" WIDTH="445" HEIGHT="22">
							<String ID="string_182" HPOS="146" VPOS="914" WIDTH="58" HEIGHT="22" WC="0.96" CONTENT="Övriga"/><SP WIDTH="11" VPOS="914" HPOS="204"/>
							<String ID="string_183" HPOS="215" VPOS="917" WIDTH="66" HEIGHT="15" WC="0.96" CONTENT="mandat"/><SP WIDTH="10" VPOS="917" HPOS="281"/>
							<String ID="string_184" HPOS="291" VPOS="917" WIDTH="17" HEIGHT="14" WC="0.93" CONTENT="är"/><SP WIDTH="10" VPOS="917" HPOS="308"/>
							<String ID="string_185" HPOS="318" VPOS="916" WIDTH="170" HEIGHT="20" WC="0.91" CONTENT="utjämningsmandat,"/><SP WIDTH="10" VPOS="916" HPOS="488"/>
							<String ID="string_186" HPOS="498" VPOS="916" WIDTH="43" HEIGHT="15" WC="0.96" CONTENT="vilka"/><SP WIDTH="10" VPOS="916" HPOS="541"/>
							<String ID="string_187" HPOS="551" VPOS="916" WIDTH="40" HEIGHT="15" WC="0.96" CONTENT="först"/>
						</TextLine>
						<TextLine ID="line_28" HPOS="126" VPOS="939" WIDTH="464" HEIGHT="19">
							<String ID="string_188" HPOS="126" VPOS="939" WIDTH="69" HEIGHT="15" WC="0.96" CONTENT="fördelas"/><SP WIDTH="7" VPOS="939" HPOS="195"/>
							<String ID="string_189" HPOS="202" VPOS="939" WIDTH="59" HEIGHT="15" WC="0.96" CONTENT="mellan"/><SP WIDTH="7" VPOS="939" HPOS="261"/>
							<String ID="string_190" HPOS="268" VPOS="939" WIDTH="58" HEIGHT="19" WC="0.95" CONTENT="partier"/><SP WIDTH="7" VPOS="939" HPOS="326"/>
							<String ID="string_191" HPOS="333" VPOS="939" WIDTH="20" HEIGHT="19" WC="0.96" CONTENT="på"/><SP WIDTH="7" VPOS="939" HPOS="353"/>
							<String ID="string_192" HPOS="360" VPOS="939" WIDTH="78" HEIGHT="19" WC="0.96" CONTENT="grundval"/><SP WIDTH="8" VPOS="939" HPOS="438"/>
							<String ID="string_193" HPOS="446" VPOS="943" WIDTH="19" HEIGHT="11" WC="0.96" CONTENT="av"/><SP WIDTH="8" VPOS="943" HPOS="465"/>
							<String ID="string_194" HPOS="473" VPOS="939" WIDTH="106" HEIGHT="15" WC="0.96" CONTENT="valresultatet"/><SP WIDTH="7" VPOS="939" HPOS="579"/>
							<String ID="string_195" HPOS="586" VPOS="939" WIDTH="4" HEIGHT="15" WC="0.96" CONTENT="i"/>
						</TextLine>
						<TextLine ID="line_29" HPOS="125" VPOS="961" WIDTH="366" HEIGHT="15">
							<String ID="string_196" HPOS="125" VPOS="962" WIDTH="36" HEIGHT="14" WC="0.96" CONTENT="hela"/><SP WIDTH="7" VPOS="962" HPOS="161"/>
							<String ID="string_197" HPOS="168" VPOS="961" WIDTH="39" HEIGHT="15" WC="0.96" CONTENT="riket"/><SP WIDTH="7" VPOS="961" HPOS="207"/>
							<String ID="string_198" HPOS="214" VPOS="961" WIDTH="30" HEIGHT="15" WC="0.96" CONTENT="och"/><SP WIDTH="8" VPOS="961" HPOS="244"/>
							<String ID="string_199" HPOS="252" VPOS="961" WIDTH="68" HEIGHT="15" WC="0.93" CONTENT="därefter"/><SP WIDTH="7" VPOS="961" HPOS="320"/>
							<String ID="string_200" HPOS="327" VPOS="961" WIDTH="66" HEIGHT="15" WC="0.92" CONTENT="tillföres"/><SP WIDTH="8" VPOS="961" HPOS="393"/>
							<String ID="string_201" HPOS="401" VPOS="961" WIDTH="90" HEIGHT="15" WC="0.96" CONTENT="valkretsar."/>
						</TextLine>
					</TextBlock>
					<TextBlock ID="block_10" HPOS="125" VPOS="983" WIDTH="465" HEIGHT="64">
						<TextLine ID="line_30" HPOS="147" VPOS="983" WIDTH="443" HEIGHT="19">
							<String ID="string_202" HPOS="147" VPOS="984" WIDTH="30" HEIGHT="15" WC="0.96" CONTENT="För"/><SP WIDTH="5" VPOS="984" HPOS="177"/>
							<String ID="string_203" HPOS="182" VPOS="983" WIDTH="43" HEIGHT="19" WC="0.96" CONTENT="varje"/><SP WIDTH="6" VPOS="983" HPOS="225"/>
							<String ID="string_204" HPOS="231" VPOS="983" WIDTH="66" HEIGHT="16" WC="0.96" CONTENT="mandat"/><SP WIDTH="6" VPOS="983" HPOS="297"/>
							<String ID="string_205" HPOS="303" VPOS="988" WIDTH="34" HEIGHT="10" WC="0.96" CONTENT="som"/><SP WIDTH="6" VPOS="988" HPOS="337"/>
							<String ID="string_206" HPOS="343" VPOS="983" WIDTH="41" HEIGHT="19" WC="0.96" CONTENT="parti"/><SP WIDTH="6" VPOS="983" HPOS="384"/>
							<String ID="string_207" HPOS="390" VPOS="983" WIDTH="29" HEIGHT="15" WC="0.96" CONTENT="fått"/><SP WIDTH="6" VPOS="983" HPOS="419"/>
							<String ID="string_208" HPOS="425" VPOS="986" WIDTH="42" HEIGHT="12" WC="0.96" CONTENT="utses"/><SP WIDTH="7" VPOS="986" HPOS="467"/>
							<String ID="string_209" HPOS="474" VPOS="983" WIDTH="3" HEIGHT="15" WC="0.92" CONTENT="i"/><SP WIDTH="7" VPOS="983" HPOS="477"/>
							<String ID="string_210" HPOS="484" VPOS="983" WIDTH="106" HEIGHT="15" WC="0.91" CONTENT="vederböran-"/>
						</TextLine>
						<TextLine ID="line_31" HPOS="125" VPOS="1005" WIDTH="465" HEIGHT="20">
							<String ID="string_211" HPOS="125" VPOS="1006" WIDTH="20" HEIGHT="15" WC="0.96" CONTENT="de"/><SP WIDTH="5" VPOS="1006" HPOS="145"/>
							<String ID="string_212" HPOS="150" VPOS="1006" WIDTH="68" HEIGHT="15" WC="0.96" CONTENT="valkrets"/><SP WIDTH="5" VPOS="1006" HPOS="218"/>
							<String ID="string_213" HPOS="223" VPOS="1010" WIDTH="20" HEIGHT="11" WC="0.96" CONTENT="en"/><SP WIDTH="6" VPOS="1010" HPOS="243"/>
							<String ID="string_214" HPOS="249" VPOS="1006" WIDTH="143" HEIGHT="19" WC="0.96" CONTENT="riksdagsledamot"/><SP WIDTH="6" VPOS="1006" HPOS="392"/>
							<String ID="string_215" HPOS="398" VPOS="1005" WIDTH="48" HEIGHT="20" WC="0.96" CONTENT="enligt"/><SP WIDTH="6" VPOS="1005" HPOS="446"/>
							<String ID="string_216" HPOS="452" VPOS="1005" WIDTH="99" HEIGHT="16" WC="0.96" CONTENT="föreskrifter"/><SP WIDTH="4" VPOS="1005" HPOS="551"/>
							<String ID="string_217" HPOS="555" VPOS="1010" WIDTH="35" HEIGHT="11" WC="0.94" CONTENT="som"/>
						</TextLine>
						<TextLine ID="line_32" HPOS="125" VPOS="1028" WIDTH="178" HEIGHT="19">
							<String ID="string_218" HPOS="125" VPOS="1028" WIDTH="82" HEIGHT="15" WC="0.94" CONTENT="meddelas"/><SP WIDTH="7" VPOS="1028" HPOS="207"/>
							<String ID="string_219" HPOS="214" VPOS="1028" WIDTH="4" HEIGHT="15" WC="0.97" CONTENT="i"/><SP WIDTH="8" VPOS="1028" HPOS="218"/>
							<String ID="string_220" HPOS="226" VPOS="1028" WIDTH="77" HEIGHT="19" WC="0.96" CONTENT="vallagen."/>
						</TextLine>
					</TextBlock>
					<TextBlock ID="block_11" HPOS="125" VPOS="1050" WIDTH="465" HEIGHT="86">
						<TextLine ID="line_33" HPOS="146" VPOS="1050" WIDTH="444" HEIGHT="19">
							<String ID="string_221" HPOS="146" VPOS="1050" WIDTH="40" HEIGHT="15" WC="0.96" CONTENT="Parti"/><SP WIDTH="7" VPOS="1050" HPOS="186"/>
							<String ID="string_222" HPOS="193" VPOS="1055" WIDTH="34" HEIGHT="10" WC="0.96" CONTENT="som"/><SP WIDTH="7" VPOS="1055" HPOS="227"/>
							<String ID="string_223" HPOS="234" VPOS="1050" WIDTH="28" HEIGHT="15" WC="0.96" CONTENT="har"/><SP WIDTH="5" VPOS="1050" HPOS="262"/>
							<String ID="string_224" HPOS="267" VPOS="1050" WIDTH="29" HEIGHT="15" WC="0.96" CONTENT="fått"/><SP WIDTH="6" VPOS="1050" HPOS="296"/>
							<String ID="string_225" HPOS="302" VPOS="1050" WIDTH="62" HEIGHT="15" WC="0.96" CONTENT="mindre"/><SP WIDTH="6" VPOS="1050" HPOS="364"/>
							<String ID="string_226" HPOS="370" VPOS="1051" WIDTH="20" HEIGHT="14" WC="0.96" CONTENT="än"/><SP WIDTH="7" VPOS="1051" HPOS="390"/>
							<String ID="string_227" HPOS="397" VPOS="1050" WIDTH="34" HEIGHT="19" WC="0.96" CONTENT="fyra"/><SP WIDTH="6" VPOS="1050" HPOS="431"/>
							<String ID="string_228" HPOS="437" VPOS="1053" WIDTH="66" HEIGHT="16" WC="0.96" CONTENT="procent"/><SP WIDTH="6" VPOS="1053" HPOS="503"/>
							<String ID="string_229" HPOS="509" VPOS="1055" WIDTH="20" HEIGHT="10" WC="0.93" CONTENT="av"/><SP WIDTH="6" VPOS="1055" HPOS="529"/>
							<String ID="string_230" HPOS="535" VPOS="1051" WIDTH="55" HEIGHT="14" WC="0.91" CONTENT="röster-"/>
						</TextLine>
						<TextLine ID="line_34" HPOS="126" VPOS="1072" WIDTH="464" HEIGHT="20">
							<String ID="string_231" HPOS="126" VPOS="1077" WIDTH="20" HEIGHT="11" WC="0.96" CONTENT="na"/><SP WIDTH="10" VPOS="1077" HPOS="146"/>
							<String ID="string_232" HPOS="156" VPOS="1072" WIDTH="23" HEIGHT="16" WC="0.96" CONTENT="får"/><SP WIDTH="10" VPOS="1072" HPOS="179"/>
							<String ID="string_233" HPOS="189" VPOS="1073" WIDTH="32" HEIGHT="15" WC="0.96" CONTENT="inte"/><SP WIDTH="10" VPOS="1073" HPOS="221"/>
							<String ID="string_234" HPOS="231" VPOS="1073" WIDTH="42" HEIGHT="15" WC="0.96" CONTENT="delta"/><SP WIDTH="10" VPOS="1073" HPOS="273"/>
							<String ID="string_235" HPOS="283" VPOS="1072" WIDTH="3" HEIGHT="15" WC="0.92" CONTENT="i"/><SP WIDTH="11" VPOS="1072" HPOS="286"/>
							<String ID="string_236" HPOS="297" VPOS="1072" WIDTH="185" HEIGHT="20" WC="0.91" CONTENT="mandatfördelningen."/><SP WIDTH="11" VPOS="1072" HPOS="482"/>
							<String ID="string_237" HPOS="493" VPOS="1072" WIDTH="56" HEIGHT="15" WC="0.96" CONTENT="Partiet"/><SP WIDTH="10" VPOS="1072" HPOS="549"/>
							<String ID="string_238" HPOS="559" VPOS="1072" WIDTH="31" HEIGHT="15" WC="0.96" CONTENT="kan"/>
						</TextLine>
						<TextLine ID="line_35" HPOS="125" VPOS="1095" WIDTH="465" HEIGHT="15">
							<String ID="string_239" HPOS="125" VPOS="1095" WIDTH="41" HEIGHT="15" WC="0.96" CONTENT="dock"/><SP WIDTH="9" VPOS="1095" HPOS="166"/>
							<String ID="string_240" HPOS="175" VPOS="1095" WIDTH="16" HEIGHT="15" WC="0.96" CONTENT="få"/><SP WIDTH="8" VPOS="1095" HPOS="191"/>
							<String ID="string_241" HPOS="199" VPOS="1095" WIDTH="66" HEIGHT="15" WC="0.96" CONTENT="mandat"/><SP WIDTH="7" VPOS="1095" HPOS="265"/>
							<String ID="string_242" HPOS="272" VPOS="1095" WIDTH="4" HEIGHT="15" WC="0.96" CONTENT="i"/><SP WIDTH="8" VPOS="1095" HPOS="276"/>
							<String ID="string_243" HPOS="284" VPOS="1095" WIDTH="68" HEIGHT="15" WC="0.96" CONTENT="valkrets"/><SP WIDTH="8" VPOS="1095" HPOS="352"/>
							<String ID="string_244" HPOS="360" VPOS="1095" WIDTH="29" HEIGHT="15" WC="0.96" CONTENT="där"/><SP WIDTH="7" VPOS="1095" HPOS="389"/>
							<String ID="string_245" HPOS="396" VPOS="1095" WIDTH="26" HEIGHT="15" WC="0.96" CONTENT="det"/><SP WIDTH="8" VPOS="1095" HPOS="422"/>
							<String ID="string_246" HPOS="430" VPOS="1095" WIDTH="29" HEIGHT="15" WC="0.96" CONTENT="har"/><SP WIDTH="7" VPOS="1095" HPOS="459"/>
							<String ID="string_247" HPOS="466" VPOS="1095" WIDTH="28" HEIGHT="15" WC="0.96" CONTENT="fått"/><SP WIDTH="9" VPOS="1095" HPOS="494"/>
							<String ID="string_248" HPOS="503" VPOS="1095" WIDTH="47" HEIGHT="15" WC="0.96" CONTENT="minst"/><SP WIDTH="7" VPOS="1095" HPOS="550"/>
							<String ID="string_249" HPOS="557" VPOS="1095" WIDTH="33" HEIGHT="15" WC="0.96" CONTENT="tolv"/>
						</TextLine>
						<TextLine ID="line_36" HPOS="125" VPOS="1118" WIDTH="175" HEIGHT="18">
							<String ID="string_250" HPOS="125" VPOS="1120" WIDTH="66" HEIGHT="16" WC="0.96" CONTENT="procent"/><SP WIDTH="7" VPOS="1120" HPOS="191"/>
							<String ID="string_251" HPOS="198" VPOS="1122" WIDTH="19" HEIGHT="10" WC="0.96" CONTENT="av"/><SP WIDTH="8" VPOS="1122" HPOS="217"/>
							<String ID="string_252" HPOS="225" VPOS="1118" WIDTH="75" HEIGHT="14" WC="0.96" CONTENT="rösterna."/>
						</TextLine>
					</TextBlock>
					<TextBlock ID="block_12" HPOS="125" VPOS="1139" WIDTH="465" HEIGHT="64">
						<TextLine ID="line_37" HPOS="147" VPOS="1139" WIDTH="443" HEIGHT="20">
							<String ID="string_253" HPOS="147" VPOS="1139" WIDTH="213" HEIGHT="20" WC="0.91" CONTENT="Riksdagsmannauppdrag"/><SP WIDTH="17" VPOS="1139" HPOS="360"/>
							<String ID="string_254" HPOS="377" VPOS="1139" WIDTH="32" HEIGHT="15" WC="0.96" CONTENT="kan"/><SP WIDTH="17" VPOS="1139" HPOS="409"/>
							<String ID="string_255" HPOS="426" VPOS="1140" WIDTH="56" HEIGHT="14" WC="0.96" CONTENT="utövas"/><SP WIDTH="17" VPOS="1140" HPOS="482"/>
							<String ID="string_256" HPOS="499" VPOS="1139" WIDTH="56" HEIGHT="15" WC="0.96" CONTENT="endast"/><SP WIDTH="16" VPOS="1139" HPOS="555"/>
							<String ID="string_257" HPOS="571" VPOS="1144" WIDTH="19" HEIGHT="10" WC="0.95" CONTENT="av"/>
						</TextLine>
						<TextLine ID="line_38" HPOS="125" VPOS="1161" WIDTH="465" HEIGHT="20">
							<String ID="string_258" HPOS="125" VPOS="1162" WIDTH="57" HEIGHT="15" WC="0.96" CONTENT="svensk"/><SP WIDTH="9" VPOS="1162" HPOS="182"/>
							<String ID="string_259" HPOS="191" VPOS="1162" WIDTH="110" HEIGHT="19" WC="0.96" CONTENT="medborgare,"/><SP WIDTH="10" VPOS="1162" HPOS="301"/>
							<String ID="string_260" HPOS="311" VPOS="1166" WIDTH="34" HEIGHT="11" WC="0.96" CONTENT="som"/><SP WIDTH="14" VPOS="1166" HPOS="345"/>
							<String ID="string_261" HPOS="359" VPOS="1162" WIDTH="13" HEIGHT="14" WC="0.96" CONTENT="är"/><SP WIDTH="9" VPOS="1162" HPOS="372"/>
							<String ID="string_262" HPOS="381" VPOS="1162" WIDTH="66" HEIGHT="19" WC="0.96" CONTENT="myndig"/><SP WIDTH="9" VPOS="1162" HPOS="447"/>
							<String ID="string_263" HPOS="456" VPOS="1162" WIDTH="30" HEIGHT="15" WC="0.96" CONTENT="och"/><SP WIDTH="10" VPOS="1162" HPOS="486"/>
							<String ID="string_264" HPOS="496" VPOS="1164" WIDTH="81" HEIGHT="17" WC="0.95" CONTENT="upptagen"/><SP WIDTH="9" VPOS="1164" HPOS="577"/>
							<String ID="string_265" HPOS="586" VPOS="1161" WIDTH="4" HEIGHT="15" WC="0.96" CONTENT="i"/>
						</TextLine>
						<TextLine ID="line_39" HPOS="125" VPOS="1184" WIDTH="275" HEIGHT="19">
							<String ID="string_266" HPOS="125" VPOS="1184" WIDTH="82" HEIGHT="19" WC="0.96" CONTENT="röstlängd"/><SP WIDTH="7" VPOS="1184" HPOS="207"/>
							<String ID="string_267" HPOS="214" VPOS="1184" WIDTH="53" HEIGHT="15" WC="0.96" CONTENT="såsom"/><SP WIDTH="7" VPOS="1184" HPOS="267"/>
							<String ID="string_268" HPOS="274" VPOS="1184" WIDTH="126" HEIGHT="19" WC="0.96" CONTENT="röstberättigad."/>
						</TextLine>
					</TextBlock>
					<TextBlock ID="block_13" HPOS="126" VPOS="1206" WIDTH="464" HEIGHT="38">
						<TextLine ID="line_40" HPOS="146" VPOS="1206" WIDTH="444" HEIGHT="19">
							<String ID="string_269" HPOS="146" VPOS="1207" WIDTH="86" HEIGHT="14" WC="0.96" CONTENT="Allmänna"/><SP WIDTH="8" VPOS="1207" HPOS="232"/>
							<String ID="string_270" HPOS="240" VPOS="1207" WIDTH="25" HEIGHT="14" WC="0.96" CONTENT="val"/><SP WIDTH="8" VPOS="1207" HPOS="265"/>
							<String ID="string_271" HPOS="273" VPOS="1206" WIDTH="40" HEIGHT="19" WC="0.96" CONTENT="ägde"/><SP WIDTH="8" VPOS="1206" HPOS="313"/>
							<String ID="string_272" HPOS="321" VPOS="1209" WIDTH="52" HEIGHT="12" WC="0.96" CONTENT="senast"/><SP WIDTH="8" VPOS="1209" HPOS="373"/>
							<String ID="string_273" HPOS="381" VPOS="1211" WIDTH="34" HEIGHT="10" WC="0.96" CONTENT="rum"/><SP WIDTH="10" VPOS="1211" HPOS="415"/>
							<String ID="string_274" HPOS="425" VPOS="1207" WIDTH="38" HEIGHT="14" WC="0.96" CONTENT="1976"/><SP WIDTH="8" VPOS="1207" HPOS="463"/>
							<String ID="string_275" HPOS="471" VPOS="1206" WIDTH="30" HEIGHT="15" WC="0.96" CONTENT="och"/><SP WIDTH="8" VPOS="1206" HPOS="501"/>
							<String ID="string_276" HPOS="509" VPOS="1207" WIDTH="48" HEIGHT="18" WC="0.93" CONTENT="avsåg"/><SP WIDTH="7" VPOS="1207" HPOS="557"/>
							<String ID="string_277" HPOS="564" VPOS="1211" WIDTH="26" HEIGHT="14" WC="0.92" CONTENT="pe-"/>
						</TextLine>
						<TextLine ID="line_41" HPOS="126" VPOS="1229" WIDTH="168" HEIGHT="15">
							<String ID="string_278" HPOS="126" VPOS="1229" WIDTH="55" HEIGHT="15" WC="0.93" CONTENT="rioden"/><SP WIDTH="10" VPOS="1229" HPOS="181"/>
							<String ID="string_279" HPOS="191" VPOS="1229" WIDTH="103" HEIGHT="15" WC="0.92" CONTENT="1976—1979."/>
						</TextLine>
					</TextBlock>
					<TextBlock ID="block_14" HPOS="125" VPOS="1251" WIDTH="466" HEIGHT="463">
						<TextLine ID="line_42" HPOS="147" VPOS="1251" WIDTH="443" HEIGHT="19">
							<String ID="string_280" HPOS="147" VPOS="1251" WIDTH="102" HEIGHT="15" WC="0.93" CONTENT="Beträffande"/><SP WIDTH="13" VPOS="1251" HPOS="249"/>
							<String ID="string_281" HPOS="262" VPOS="1251" WIDTH="151" HEIGHT="19" WC="0.91" CONTENT="riksdagsledamots"/><SP WIDTH="13" VPOS="1251" HPOS="413"/>
							<String ID="string_282" HPOS="426" VPOS="1251" WIDTH="86" HEIGHT="19" WC="0.96" CONTENT="ersättning"/><SP WIDTH="13" VPOS="1251" HPOS="512"/>
							<String ID="string_283" HPOS="525" VPOS="1251" WIDTH="28" HEIGHT="15" WC="0.92" CONTENT="har"/><SP WIDTH="11" VPOS="1251" HPOS="553"/>
							<String ID="string_284" HPOS="564" VPOS="1251" WIDTH="26" HEIGHT="15" WC="0.92" CONTENT="be-"/>
						</TextLine>
						<TextLine ID="line_43" HPOS="125" VPOS="1273" WIDTH="465" HEIGHT="19">
							<String ID="string_285" HPOS="125" VPOS="1273" WIDTH="98" HEIGHT="16" WC="0.92" CONTENT="stämmelser"/><SP WIDTH="10" VPOS="1273" HPOS="223"/>
							<String ID="string_286" HPOS="233" VPOS="1276" WIDTH="53" HEIGHT="12" WC="0.96" CONTENT="senast"/><SP WIDTH="10" VPOS="1276" HPOS="286"/>
							<String ID="string_287" HPOS="296" VPOS="1273" WIDTH="45" HEIGHT="19" WC="0.96" CONTENT="givits"/><SP WIDTH="11" VPOS="1273" HPOS="341"/>
							<String ID="string_288" HPOS="352" VPOS="1273" WIDTH="4" HEIGHT="15" WC="0.93" CONTENT="i"/><SP WIDTH="11" VPOS="1273" HPOS="356"/>
							<String ID="string_289" HPOS="367" VPOS="1273" WIDTH="152" HEIGHT="19" WC="0.91" CONTENT="ersättningsstadga"/><SP WIDTH="11" VPOS="1273" HPOS="519"/>
							<String ID="string_290" HPOS="530" VPOS="1273" WIDTH="30" HEIGHT="15" WC="0.96" CONTENT="den"/><SP WIDTH="14" VPOS="1273" HPOS="560"/>
							<String ID="string_291" HPOS="574" VPOS="1273" WIDTH="16" HEIGHT="15" WC="0.96" CONTENT="17"/>
						</TextLine>
						<TextLine ID="line_44" HPOS="125" VPOS="1295" WIDTH="466" HEIGHT="19">
							<String ID="string_292" HPOS="125" VPOS="1295" WIDTH="34" HEIGHT="15" WC="0.96" CONTENT="dec."/><SP WIDTH="9" VPOS="1295" HPOS="159"/>
							<String ID="string_293" HPOS="168" VPOS="1296" WIDTH="35" HEIGHT="14" WC="0.96" CONTENT="1971"/><SP WIDTH="9" VPOS="1296" HPOS="203"/>
							<String ID="string_294" HPOS="212" VPOS="1296" WIDTH="25" HEIGHT="17" WC="0.96" CONTENT="(nr"/><SP WIDTH="9" VPOS="1296" HPOS="237"/>
							<String ID="string_295" HPOS="246" VPOS="1296" WIDTH="43" HEIGHT="17" WC="0.96" CONTENT="1197)"/><SP WIDTH="7" VPOS="1296" HPOS="289"/>
							<String ID="string_296" HPOS="296" VPOS="1295" WIDTH="25" HEIGHT="15" WC="0.96" CONTENT="för"/><SP WIDTH="6" VPOS="1295" HPOS="321"/>
							<String ID="string_297" HPOS="327" VPOS="1295" WIDTH="94" HEIGHT="19" WC="0.96" CONTENT="riksdagens"/><SP WIDTH="6" VPOS="1295" HPOS="421"/>
							<String ID="string_298" HPOS="427" VPOS="1295" WIDTH="89" HEIGHT="15" WC="0.96" CONTENT="ledamöter"/><SP WIDTH="5" VPOS="1295" HPOS="516"/>
							<String ID="string_299" HPOS="521" VPOS="1295" WIDTH="70" HEIGHT="18" WC="0.96" CONTENT="(ändrad"/>
						</TextLine>
						<TextLine ID="line_45" HPOS="125" VPOS="1316" WIDTH="466" HEIGHT="20">
							<String ID="string_300" HPOS="125" VPOS="1319" WIDTH="52" HEIGHT="13" WC="0.96" CONTENT="senast"/><SP WIDTH="10" VPOS="1319" HPOS="177"/>
							<String ID="string_301" HPOS="187" VPOS="1317" WIDTH="44" HEIGHT="15" WC="0.96" CONTENT="1977:"/><SP WIDTH="9" VPOS="1317" HPOS="231"/>
							<String ID="string_302" HPOS="240" VPOS="1317" WIDTH="49" HEIGHT="18" WC="0.95" CONTENT="1036)."/><SP WIDTH="8" VPOS="1317" HPOS="289"/>
							<String ID="string_303" HPOS="297" VPOS="1317" WIDTH="152" HEIGHT="19" WC="0.96" CONTENT="Riksdagsledamot"/><SP WIDTH="7" VPOS="1317" HPOS="449"/>
							<String ID="string_304" HPOS="456" VPOS="1316" WIDTH="68" HEIGHT="19" WC="0.96" CONTENT="åtnjuter"/><SP WIDTH="7" VPOS="1316" HPOS="524"/>
							<String ID="string_305" HPOS="531" VPOS="1317" WIDTH="60" HEIGHT="14" WC="0.96" CONTENT="arvode"/>
						</TextLine>
						<TextLine ID="line_46" HPOS="125" VPOS="1339" WIDTH="466" HEIGHT="19">
							<String ID="string_306" HPOS="125" VPOS="1339" WIDTH="35" HEIGHT="15" WC="0.96" CONTENT="från"/><SP WIDTH="7" VPOS="1339" HPOS="160"/>
							<String ID="string_307" HPOS="167" VPOS="1339" WIDTH="30" HEIGHT="15" WC="0.96" CONTENT="och"/><SP WIDTH="6" VPOS="1339" HPOS="197"/>
							<String ID="string_308" HPOS="203" VPOS="1339" WIDTH="36" HEIGHT="15" WC="0.96" CONTENT="med"/><SP WIDTH="7" VPOS="1339" HPOS="239"/>
							<String ID="string_309" HPOS="246" VPOS="1339" WIDTH="79" HEIGHT="19" WC="0.96" CONTENT="ingången"/><SP WIDTH="6" VPOS="1339" HPOS="325"/>
							<String ID="string_310" HPOS="331" VPOS="1343" WIDTH="19" HEIGHT="11" WC="0.96" CONTENT="av"/><SP WIDTH="6" VPOS="1343" HPOS="350"/>
							<String ID="string_311" HPOS="356" VPOS="1339" WIDTH="31" HEIGHT="15" WC="0.96" CONTENT="den"/><SP WIDTH="7" VPOS="1339" HPOS="387"/>
							<String ID="string_312" HPOS="394" VPOS="1339" WIDTH="65" HEIGHT="18" WC="0.95" CONTENT="månad,"/><SP WIDTH="6" VPOS="1339" HPOS="459"/>
							<String ID="string_313" HPOS="465" VPOS="1339" WIDTH="21" HEIGHT="15" WC="0.96" CONTENT="då"/><SP WIDTH="6" VPOS="1339" HPOS="486"/>
							<String ID="string_314" HPOS="492" VPOS="1339" WIDTH="31" HEIGHT="15" WC="0.96" CONTENT="han"/><SP WIDTH="7" VPOS="1339" HPOS="523"/>
							<String ID="string_315" HPOS="530" VPOS="1339" WIDTH="39" HEIGHT="15" WC="0.96" CONTENT="skall"/><SP WIDTH="6" VPOS="1339" HPOS="569"/>
							<String ID="string_316" HPOS="575" VPOS="1341" WIDTH="16" HEIGHT="13" WC="0.96" CONTENT="ta"/>
						</TextLine>
						<TextLine ID="line_47" HPOS="126" VPOS="1361" WIDTH="465" HEIGHT="19">
							<String ID="string_317" HPOS="126" VPOS="1362" WIDTH="40" HEIGHT="18" WC="0.96" CONTENT="plats"/><SP WIDTH="11" VPOS="1362" HPOS="166"/>
							<String ID="string_318" HPOS="177" VPOS="1361" WIDTH="4" HEIGHT="15" WC="0.96" CONTENT="i"/><SP WIDTH="12" VPOS="1361" HPOS="181"/>
							<String ID="string_319" HPOS="193" VPOS="1361" WIDTH="89" HEIGHT="19" WC="0.96" CONTENT="riksdagen,"/><SP WIDTH="12" VPOS="1361" HPOS="282"/>
							<String ID="string_320" HPOS="294" VPOS="1361" WIDTH="42" HEIGHT="15" WC="0.96" CONTENT="dock"/><SP WIDTH="11" VPOS="1361" HPOS="336"/>
							<String ID="string_321" HPOS="347" VPOS="1361" WIDTH="14" HEIGHT="19" WC="0.96" CONTENT="ej"/><SP WIDTH="11" VPOS="1361" HPOS="361"/>
							<String ID="string_322" HPOS="372" VPOS="1361" WIDTH="26" HEIGHT="15" WC="0.96" CONTENT="för"/><SP WIDTH="10" VPOS="1361" HPOS="398"/>
							<String ID="string_323" HPOS="408" VPOS="1361" WIDTH="23" HEIGHT="15" WC="0.96" CONTENT="tid"/><SP WIDTH="11" VPOS="1361" HPOS="431"/>
							<String ID="string_324" HPOS="442" VPOS="1361" WIDTH="50" HEIGHT="15" WC="0.96" CONTENT="innan"/><SP WIDTH="11" VPOS="1361" HPOS="492"/>
							<String ID="string_325" HPOS="503" VPOS="1361" WIDTH="32" HEIGHT="15" WC="0.95" CONTENT="han"/><SP WIDTH="11" VPOS="1361" HPOS="535"/>
							<String ID="string_326" HPOS="546" VPOS="1361" WIDTH="45" HEIGHT="15" WC="0.95" CONTENT="blivit"/>
						</TextLine>
						<TextLine ID="line_48" HPOS="125" VPOS="1383" WIDTH="465" HEIGHT="20">
							<String ID="string_327" HPOS="125" VPOS="1384" WIDTH="76" HEIGHT="17" WC="0.96" CONTENT="ledamot,"/><SP WIDTH="11" VPOS="1384" HPOS="201"/>
							<String ID="string_328" HPOS="212" VPOS="1383" WIDTH="22" HEIGHT="16" WC="0.96" CONTENT="till"/><SP WIDTH="11" VPOS="1383" HPOS="234"/>
							<String ID="string_329" HPOS="245" VPOS="1383" WIDTH="30" HEIGHT="16" WC="0.96" CONTENT="och"/><SP WIDTH="11" VPOS="1383" HPOS="275"/>
							<String ID="string_330" HPOS="286" VPOS="1383" WIDTH="36" HEIGHT="16" WC="0.96" CONTENT="med"/><SP WIDTH="11" VPOS="1383" HPOS="322"/>
							<String ID="string_331" HPOS="333" VPOS="1384" WIDTH="79" HEIGHT="19" WC="0.95" CONTENT="utgången"/><SP WIDTH="11" VPOS="1384" HPOS="412"/>
							<String ID="string_332" HPOS="423" VPOS="1388" WIDTH="19" HEIGHT="10" WC="0.96" CONTENT="av"/><SP WIDTH="11" VPOS="1388" HPOS="442"/>
							<String ID="string_333" HPOS="453" VPOS="1383" WIDTH="31" HEIGHT="16" WC="0.96" CONTENT="den"/><SP WIDTH="10" VPOS="1383" HPOS="484"/>
							<String ID="string_334" HPOS="494" VPOS="1383" WIDTH="65" HEIGHT="18" WC="0.96" CONTENT="månad,"/><SP WIDTH="11" VPOS="1383" HPOS="559"/>
							<String ID="string_335" HPOS="570" VPOS="1383" WIDTH="20" HEIGHT="15" WC="0.96" CONTENT="då"/>
						</TextLine>
						<TextLine ID="line_49" HPOS="126" VPOS="1406" WIDTH="464" HEIGHT="19">
							<String ID="string_336" HPOS="126" VPOS="1406" WIDTH="222" HEIGHT="19" WC="0.91" CONTENT="riksdagsmannauppdraget"/><SP WIDTH="7" VPOS="1406" HPOS="348"/>
							<String ID="string_337" HPOS="355" VPOS="1406" WIDTH="68" HEIGHT="19" WC="0.96" CONTENT="upphör."/><SP WIDTH="8" VPOS="1406" HPOS="423"/>
							<String ID="string_338" HPOS="431" VPOS="1406" WIDTH="64" HEIGHT="15" WC="0.96" CONTENT="Arvode"/><SP WIDTH="7" VPOS="1406" HPOS="495"/>
							<String ID="string_339" HPOS="502" VPOS="1406" WIDTH="45" HEIGHT="19" WC="0.96" CONTENT="utgår"/><SP WIDTH="7" VPOS="1406" HPOS="547"/>
							<String ID="string_340" HPOS="554" VPOS="1406" WIDTH="36" HEIGHT="15" WC="0.96" CONTENT="med"/>
						</TextLine>
						<TextLine ID="line_50" HPOS="125" VPOS="1428" WIDTH="465" HEIGHT="19">
							<String ID="string_341" HPOS="125" VPOS="1428" WIDTH="60" HEIGHT="19" WC="0.96" CONTENT="belopp"/><SP WIDTH="9" VPOS="1428" HPOS="185"/>
							<String ID="string_342" HPOS="194" VPOS="1428" WIDTH="25" HEIGHT="15" WC="0.96" CONTENT="för"/><SP WIDTH="10" VPOS="1428" HPOS="219"/>
							<String ID="string_343" HPOS="229" VPOS="1428" WIDTH="59" HEIGHT="15" WC="0.96" CONTENT="månad"/><SP WIDTH="10" VPOS="1428" HPOS="288"/>
							<String ID="string_344" HPOS="298" VPOS="1433" WIDTH="34" HEIGHT="10" WC="0.96" CONTENT="som"/><SP WIDTH="10" VPOS="1433" HPOS="332"/>
							<String ID="string_345" HPOS="342" VPOS="1430" WIDTH="89" HEIGHT="13" WC="0.96" CONTENT="motsvarar"/><SP WIDTH="8" VPOS="1430" HPOS="431"/>
							<String ID="string_346" HPOS="439" VPOS="1428" WIDTH="23" HEIGHT="15" WC="0.93" CONTENT="tio"/><SP WIDTH="9" VPOS="1428" HPOS="462"/>
							<String ID="string_347" HPOS="471" VPOS="1428" WIDTH="91" HEIGHT="15" WC="0.91" CONTENT="tolftedelar"/><SP WIDTH="9" VPOS="1428" HPOS="562"/>
							<String ID="string_348" HPOS="571" VPOS="1433" WIDTH="19" HEIGHT="10" WC="0.96" CONTENT="av"/>
						</TextLine>
						<TextLine ID="line_51" HPOS="126" VPOS="1450" WIDTH="464" HEIGHT="20">
							<String ID="string_349" HPOS="126" VPOS="1451" WIDTH="47" HEIGHT="15" WC="0.95" CONTENT="lönen"/><SP WIDTH="12" VPOS="1451" HPOS="173"/>
							<String ID="string_350" HPOS="185" VPOS="1450" WIDTH="22" HEIGHT="16" WC="0.96" CONTENT="till"/><SP WIDTH="13" VPOS="1450" HPOS="207"/>
							<String ID="string_351" HPOS="220" VPOS="1450" WIDTH="133" HEIGHT="20" WC="0.95" CONTENT="statstjänsteman"/><SP WIDTH="13" VPOS="1450" HPOS="353"/>
							<String ID="string_352" HPOS="366" VPOS="1450" WIDTH="3" HEIGHT="15" WC="0.91" CONTENT="i"/><SP WIDTH="13" VPOS="1450" HPOS="369"/>
							<String ID="string_353" HPOS="382" VPOS="1451" WIDTH="81" HEIGHT="15" WC="0.91" CONTENT="löneklass"/><SP WIDTH="12" VPOS="1451" HPOS="463"/>
							<String ID="string_354" HPOS="475" VPOS="1451" WIDTH="12" HEIGHT="14" WC="0.93" CONTENT="F"/><SP WIDTH="10" VPOS="1451" HPOS="487"/>
							<String ID="string_355" HPOS="497" VPOS="1451" WIDTH="24" HEIGHT="15" WC="0.96" CONTENT="25."/><SP WIDTH="13" VPOS="1451" HPOS="521"/>
							<String ID="string_356" HPOS="534" VPOS="1450" WIDTH="56" HEIGHT="16" WC="0.96" CONTENT="Därtill"/>
						</TextLine>
						<TextLine ID="line_52" HPOS="125" VPOS="1473" WIDTH="465" HEIGHT="19">
							<String ID="string_357" HPOS="125" VPOS="1473" WIDTH="97" HEIGHT="15" WC="0.95" CONTENT="tillkommer"/><SP WIDTH="6" VPOS="1473" HPOS="222"/>
							<String ID="string_358" HPOS="228" VPOS="1478" WIDTH="20" HEIGHT="10" WC="0.93" CONTENT="en"/><SP WIDTH="7" VPOS="1478" HPOS="248"/>
							<String ID="string_359" HPOS="255" VPOS="1473" WIDTH="166" HEIGHT="19" WC="0.92" CONTENT="kostnadsersättning"/><SP WIDTH="6" VPOS="1473" HPOS="421"/>
							<String ID="string_360" HPOS="427" VPOS="1478" WIDTH="35" HEIGHT="10" WC="0.96" CONTENT="som"/><SP WIDTH="7" VPOS="1478" HPOS="462"/>
							<String ID="string_361" HPOS="469" VPOS="1473" WIDTH="45" HEIGHT="19" WC="0.96" CONTENT="utgår"/><SP WIDTH="7" VPOS="1473" HPOS="514"/>
							<String ID="string_362" HPOS="521" VPOS="1473" WIDTH="37" HEIGHT="15" WC="0.93" CONTENT="med"/><SP WIDTH="7" VPOS="1473" HPOS="558"/>
							<String ID="string_363" HPOS="565" VPOS="1473" WIDTH="25" HEIGHT="15" WC="0.92" CONTENT="be-"/>
						</TextLine>
						<TextLine ID="line_53" HPOS="125" VPOS="1495" WIDTH="466" HEIGHT="20">
							<String ID="string_364" HPOS="125" VPOS="1495" WIDTH="39" HEIGHT="20" WC="0.96" CONTENT="lopp"/><SP WIDTH="7" VPOS="1495" HPOS="164"/>
							<String ID="string_365" HPOS="171" VPOS="1495" WIDTH="113" HEIGHT="16" WC="0.95" CONTENT="motsvarande"/><SP WIDTH="7" VPOS="1495" HPOS="284"/>
							<String ID="string_366" HPOS="291" VPOS="1495" WIDTH="25" HEIGHT="16" WC="0.96" CONTENT="för"/><SP WIDTH="7" VPOS="1495" HPOS="316"/>
							<String ID="string_367" HPOS="323" VPOS="1496" WIDTH="17" HEIGHT="14" WC="0.96" CONTENT="år"/><SP WIDTH="7" VPOS="1496" HPOS="340"/>
							<String ID="string_368" HPOS="347" VPOS="1495" WIDTH="56" HEIGHT="16" WC="0.96" CONTENT="räknat"/><SP WIDTH="7" VPOS="1495" HPOS="403"/>
							<String ID="string_369" HPOS="410" VPOS="1495" WIDTH="20" HEIGHT="15" WC="0.96" CONTENT="70"/><SP WIDTH="6" VPOS="1495" HPOS="430"/>
							<String ID="string_370" HPOS="436" VPOS="1496" WIDTH="14" HEIGHT="14" WC="0.87" CONTENT="Yo"/><SP WIDTH="7" VPOS="1496" HPOS="450"/>
							<String ID="string_371" HPOS="457" VPOS="1500" WIDTH="19" HEIGHT="10" WC="0.96" CONTENT="av"/><SP WIDTH="7" VPOS="1500" HPOS="476"/>
							<String ID="string_372" HPOS="483" VPOS="1495" WIDTH="26" HEIGHT="15" WC="0.96" CONTENT="det"/><SP WIDTH="8" VPOS="1495" HPOS="509"/>
							<String ID="string_373" HPOS="517" VPOS="1495" WIDTH="26" HEIGHT="15" WC="0.96" CONTENT="vid"/><SP WIDTH="7" VPOS="1495" HPOS="543"/>
							<String ID="string_374" HPOS="550" VPOS="1496" WIDTH="41" HEIGHT="15" WC="0.94" CONTENT="årets"/>
						</TextLine>
						<TextLine ID="line_54" HPOS="126" VPOS="1518" WIDTH="464" HEIGHT="19">
							<String ID="string_375" HPOS="126" VPOS="1518" WIDTH="58" HEIGHT="19" WC="0.96" CONTENT="ingång"/><SP WIDTH="7" VPOS="1518" HPOS="184"/>
							<String ID="string_376" HPOS="191" VPOS="1518" WIDTH="75" HEIGHT="19" WC="0.96" CONTENT="gällande"/><SP WIDTH="7" VPOS="1518" HPOS="266"/>
							<String ID="string_377" HPOS="273" VPOS="1518" WIDTH="105" HEIGHT="19" WC="0.96" CONTENT="basbeloppet"/><SP WIDTH="8" VPOS="1518" HPOS="378"/>
							<String ID="string_378" HPOS="386" VPOS="1518" WIDTH="49" HEIGHT="19" WC="0.96" CONTENT="enligt"/><SP WIDTH="8" VPOS="1518" HPOS="435"/>
							<String ID="string_379" HPOS="443" VPOS="1518" WIDTH="45" HEIGHT="19" WC="0.96" CONTENT="lagen"/><SP WIDTH="8" VPOS="1518" HPOS="488"/>
							<String ID="string_380" HPOS="496" VPOS="1522" WIDTH="26" HEIGHT="11" WC="0.96" CONTENT="om"/><SP WIDTH="9" VPOS="1522" HPOS="522"/>
							<String ID="string_381" HPOS="531" VPOS="1518" WIDTH="59" HEIGHT="15" WC="0.96" CONTENT="allmän"/>
						</TextLine>
						<TextLine ID="line_55" HPOS="125" VPOS="1540" WIDTH="465" HEIGHT="19">
							<String ID="string_382" HPOS="125" VPOS="1540" WIDTH="94" HEIGHT="19" WC="0.95" CONTENT="försäkring."/><SP WIDTH="7" VPOS="1540" HPOS="219"/>
							<String ID="string_383" HPOS="226" VPOS="1540" WIDTH="44" HEIGHT="15" WC="0.96" CONTENT="Båda"/><SP WIDTH="5" VPOS="1540" HPOS="270"/>
							<String ID="string_384" HPOS="275" VPOS="1540" WIDTH="80" HEIGHT="19" WC="0.96" CONTENT="beloppen"/><SP WIDTH="6" VPOS="1540" HPOS="355"/>
							<String ID="string_385" HPOS="361" VPOS="1541" WIDTH="17" HEIGHT="14" WC="0.92" CONTENT="är"/><SP WIDTH="5" VPOS="1541" HPOS="378"/>
							<String ID="string_386" HPOS="383" VPOS="1540" WIDTH="154" HEIGHT="19" WC="0.91" CONTENT="beskattningsbara."/><SP WIDTH="6" VPOS="1540" HPOS="537"/>
							<String ID="string_387" HPOS="543" VPOS="1540" WIDTH="47" HEIGHT="15" WC="0.92" CONTENT="Trak-"/>
						</TextLine>
						<TextLine ID="line_56" HPOS="125" VPOS="1562" WIDTH="466" HEIGHT="19">
							<String ID="string_388" HPOS="125" VPOS="1565" WIDTH="69" HEIGHT="12" WC="0.91" CONTENT="tamente"/><SP WIDTH="7" VPOS="1565" HPOS="194"/>
							<String ID="string_389" HPOS="201" VPOS="1562" WIDTH="45" HEIGHT="19" WC="0.96" CONTENT="utgår"/><SP WIDTH="7" VPOS="1562" HPOS="246"/>
							<String ID="string_390" HPOS="253" VPOS="1562" WIDTH="51" HEIGHT="15" WC="0.95" CONTENT="under"/><SP WIDTH="7" VPOS="1562" HPOS="304"/>
							<String ID="string_391" HPOS="311" VPOS="1562" WIDTH="28" HEIGHT="18" WC="0.96" CONTENT="tid,"/><SP WIDTH="8" VPOS="1562" HPOS="339"/>
							<String ID="string_392" HPOS="347" VPOS="1562" WIDTH="20" HEIGHT="15" WC="0.96" CONTENT="då"/><SP WIDTH="8" VPOS="1562" HPOS="367"/>
							<String ID="string_393" HPOS="375" VPOS="1562" WIDTH="76" HEIGHT="15" WC="0.96" CONTENT="riksmöte"/><SP WIDTH="8" VPOS="1562" HPOS="451"/>
							<String ID="string_394" HPOS="459" VPOS="1562" WIDTH="54" HEIGHT="19" WC="0.96" CONTENT="pågår,"/><SP WIDTH="8" VPOS="1562" HPOS="513"/>
							<String ID="string_395" HPOS="521" VPOS="1562" WIDTH="36" HEIGHT="15" WC="0.93" CONTENT="med"/><SP WIDTH="8" VPOS="1562" HPOS="557"/>
							<String ID="string_396" HPOS="565" VPOS="1562" WIDTH="26" HEIGHT="15" WC="0.91" CONTENT="be-"/>
						</TextLine>
						<TextLine ID="line_57" HPOS="125" VPOS="1584" WIDTH="465" HEIGHT="19">
							<String ID="string_397" HPOS="125" VPOS="1584" WIDTH="39" HEIGHT="19" WC="0.96" CONTENT="lopp"/><SP WIDTH="8" VPOS="1584" HPOS="164"/>
							<String ID="string_398" HPOS="172" VPOS="1584" WIDTH="112" HEIGHT="15" WC="0.95" CONTENT="motsvarande"/><SP WIDTH="7" VPOS="1584" HPOS="284"/>
							<String ID="string_399" HPOS="291" VPOS="1585" WIDTH="9" HEIGHT="14" WC="0.96" CONTENT="2"/><SP WIDTH="6" VPOS="1585" HPOS="300"/>
							<String ID="string_400" HPOS="306" VPOS="1584" WIDTH="30" HEIGHT="15" WC="0.96" CONTENT="460"/><SP WIDTH="7" VPOS="1584" HPOS="336"/>
							<String ID="string_401" HPOS="343" VPOS="1584" WIDTH="18" HEIGHT="15" WC="0.96" CONTENT="kr"/><SP WIDTH="7" VPOS="1584" HPOS="361"/>
							<String ID="string_402" HPOS="368" VPOS="1584" WIDTH="25" HEIGHT="15" WC="0.96" CONTENT="för"/><SP WIDTH="7" VPOS="1584" HPOS="393"/>
							<String ID="string_403" HPOS="400" VPOS="1584" WIDTH="59" HEIGHT="15" WC="0.96" CONTENT="månad"/><SP WIDTH="8" VPOS="1584" HPOS="459"/>
							<String ID="string_404" HPOS="467" VPOS="1584" WIDTH="22" HEIGHT="15" WC="0.93" CONTENT="till"/><SP WIDTH="8" VPOS="1584" HPOS="489"/>
							<String ID="string_405" HPOS="497" VPOS="1584" WIDTH="93" HEIGHT="19" WC="0.91" CONTENT="riksdagsle-"/>
						</TextLine>
						<TextLine ID="line_58" HPOS="125" VPOS="1606" WIDTH="465" HEIGHT="19">
							<String ID="string_406" HPOS="125" VPOS="1606" WIDTH="55" HEIGHT="15" WC="0.64" CONTENT="damot"/><SP WIDTH="6" VPOS="1606" HPOS="180"/>
							<String ID="string_407" HPOS="186" VPOS="1611" WIDTH="35" HEIGHT="10" WC="0.96" CONTENT="som"/><SP WIDTH="6" VPOS="1611" HPOS="221"/>
							<String ID="string_408" HPOS="227" VPOS="1607" WIDTH="17" HEIGHT="14" WC="0.96" CONTENT="är"/><SP WIDTH="6" VPOS="1607" HPOS="244"/>
							<String ID="string_409" HPOS="250" VPOS="1606" WIDTH="52" HEIGHT="15" WC="0.96" CONTENT="bosatt"/><SP WIDTH="6" VPOS="1606" HPOS="302"/>
							<String ID="string_410" HPOS="308" VPOS="1606" WIDTH="65" HEIGHT="15" WC="0.96" CONTENT="utanför"/><SP WIDTH="6" VPOS="1606" HPOS="373"/>
							<String ID="string_411" HPOS="379" VPOS="1609" WIDTH="20" HEIGHT="12" WC="0.96" CONTENT="ett"/><SP WIDTH="6" VPOS="1609" HPOS="399"/>
							<String ID="string_412" HPOS="405" VPOS="1606" WIDTH="72" HEIGHT="18" WC="0.96" CONTENT="område,"/><SP WIDTH="7" VPOS="1606" HPOS="477"/>
							<String ID="string_413" HPOS="484" VPOS="1611" WIDTH="34" HEIGHT="10" WC="0.92" CONTENT="som"/><SP WIDTH="6" VPOS="1611" HPOS="518"/>
							<String ID="string_414" HPOS="524" VPOS="1606" WIDTH="66" HEIGHT="19" WC="0.90" CONTENT="begrän-"/>
						</TextLine>
						<TextLine ID="line_59" HPOS="125" VPOS="1628" WIDTH="465" HEIGHT="19">
							<String ID="string_415" HPOS="125" VPOS="1633" WIDTH="25" HEIGHT="10" WC="0.96" CONTENT="sas"/><SP WIDTH="8" VPOS="1633" HPOS="150"/>
							<String ID="string_416" HPOS="158" VPOS="1633" WIDTH="19" HEIGHT="10" WC="0.96" CONTENT="av"/><SP WIDTH="8" VPOS="1633" HPOS="177"/>
							<String ID="string_417" HPOS="185" VPOS="1633" WIDTH="19" HEIGHT="10" WC="0.95" CONTENT="en"/><SP WIDTH="9" VPOS="1633" HPOS="204"/>
							<String ID="string_418" HPOS="213" VPOS="1628" WIDTH="48" HEIGHT="15" WC="0.96" CONTENT="cirkel"/><SP WIDTH="8" VPOS="1628" HPOS="261"/>
							<String ID="string_419" HPOS="269" VPOS="1628" WIDTH="37" HEIGHT="15" WC="0.96" CONTENT="med"/><SP WIDTH="8" VPOS="1628" HPOS="306"/>
							<String ID="string_420" HPOS="314" VPOS="1629" WIDTH="19" HEIGHT="14" WC="0.96" CONTENT="70"/><SP WIDTH="8" VPOS="1629" HPOS="333"/>
							<String ID="string_421" HPOS="341" VPOS="1628" WIDTH="26" HEIGHT="15" WC="0.96" CONTENT="km"/><SP WIDTH="9" VPOS="1628" HPOS="367"/>
							<String ID="string_422" HPOS="376" VPOS="1628" WIDTH="44" HEIGHT="15" WC="0.96" CONTENT="radie"/><SP WIDTH="8" VPOS="1628" HPOS="420"/>
							<String ID="string_423" HPOS="428" VPOS="1628" WIDTH="31" HEIGHT="15" WC="0.96" CONTENT="och"/><SP WIDTH="8" VPOS="1628" HPOS="459"/>
							<String ID="string_424" HPOS="467" VPOS="1628" WIDTH="37" HEIGHT="15" WC="0.93" CONTENT="med"/><SP WIDTH="8" VPOS="1628" HPOS="504"/>
							<String ID="string_425" HPOS="512" VPOS="1628" WIDTH="78" HEIGHT="19" WC="0.91" CONTENT="riksdags-"/>
						</TextLine>
						<TextLine ID="line_60" HPOS="125" VPOS="1650" WIDTH="466" HEIGHT="19">
							<String ID="string_426" HPOS="125" VPOS="1650" WIDTH="45" HEIGHT="15" WC="0.96" CONTENT="huset"/><SP WIDTH="7" VPOS="1650" HPOS="170"/>
							<String ID="string_427" HPOS="177" VPOS="1655" WIDTH="34" HEIGHT="10" WC="0.96" CONTENT="som"/><SP WIDTH="8" VPOS="1655" HPOS="211"/>
							<String ID="string_428" HPOS="219" VPOS="1650" WIDTH="108" HEIGHT="19" WC="0.96" CONTENT="medelpunkt."/><SP WIDTH="9" VPOS="1650" HPOS="327"/>
							<String ID="string_429" HPOS="336" VPOS="1650" WIDTH="151" HEIGHT="19" WC="0.96" CONTENT="Riksdagsledamot"/><SP WIDTH="7" VPOS="1650" HPOS="487"/>
							<String ID="string_430" HPOS="494" VPOS="1651" WIDTH="37" HEIGHT="18" WC="0.96" CONTENT="äger"/><SP WIDTH="6" VPOS="1651" HPOS="531"/>
							<String ID="string_431" HPOS="537" VPOS="1651" WIDTH="21" HEIGHT="18" WC="0.96" CONTENT="på"/><SP WIDTH="7" VPOS="1651" HPOS="558"/>
							<String ID="string_432" HPOS="565" VPOS="1650" WIDTH="26" HEIGHT="15" WC="0.96" CONTENT="det"/>
						</TextLine>
						<TextLine ID="line_61" HPOS="125" VPOS="1672" WIDTH="465" HEIGHT="19">
							<String ID="string_433" HPOS="125" VPOS="1672" WIDTH="89" HEIGHT="15" WC="0.96" CONTENT="allmännas"/><SP WIDTH="11" VPOS="1672" HPOS="214"/>
							<String ID="string_434" HPOS="225" VPOS="1672" WIDTH="90" HEIGHT="15" WC="0.93" CONTENT="bekostnad"/><SP WIDTH="11" VPOS="1672" HPOS="315"/>
							<String ID="string_435" HPOS="326" VPOS="1672" WIDTH="71" HEIGHT="19" WC="0.91" CONTENT="företaga"/><SP WIDTH="11" VPOS="1672" HPOS="397"/>
							<String ID="string_436" HPOS="408" VPOS="1677" WIDTH="48" HEIGHT="10" WC="0.93" CONTENT="resor."/><SP WIDTH="12" VPOS="1677" HPOS="456"/>
							<String ID="string_437" HPOS="468" VPOS="1672" WIDTH="122" HEIGHT="19" WC="0.91" CONTENT="Riksdagsleda-"/>
						</TextLine>
						<TextLine ID="line_62" HPOS="126" VPOS="1694" WIDTH="452" HEIGHT="20">
							<String ID="string_438" HPOS="126" VPOS="1697" WIDTH="32" HEIGHT="13" WC="0.96" CONTENT="mot"/><SP WIDTH="8" VPOS="1697" HPOS="158"/>
							<String ID="string_439" HPOS="166" VPOS="1695" WIDTH="16" HEIGHT="14" WC="0.96" CONTENT="är"/><SP WIDTH="7" VPOS="1695" HPOS="182"/>
							<String ID="string_440" HPOS="189" VPOS="1695" WIDTH="20" HEIGHT="19" WC="0.96" CONTENT="på"/><SP WIDTH="8" VPOS="1695" HPOS="209"/>
							<String ID="string_441" HPOS="217" VPOS="1694" WIDTH="92" HEIGHT="20" WC="0.95" CONTENT="riksdagens"/><SP WIDTH="7" VPOS="1694" HPOS="309"/>
							<String ID="string_442" HPOS="316" VPOS="1694" WIDTH="90" HEIGHT="16" WC="0.93" CONTENT="bekostnad"/><SP WIDTH="7" VPOS="1694" HPOS="406"/>
							<String ID="string_443" HPOS="413" VPOS="1694" WIDTH="165" HEIGHT="20" WC="0.91" CONTENT="grupplivförsäkrad."/>
						</TextLine>
					</TextBlock>
					<TextBlock ID="block_15" HPOS="124" VPOS="1716" WIDTH="467" HEIGHT="111">
						<TextLine ID="line_63" HPOS="147" VPOS="1716" WIDTH="444" HEIGHT="16">
							<String ID="string_444" HPOS="147" VPOS="1717" WIDTH="92" HEIGHT="15" WC="0.96" CONTENT="Utskottens"/><SP WIDTH="9" VPOS="1717" HPOS="239"/>
							<String ID="string_445" HPOS="248" VPOS="1717" WIDTH="98" HEIGHT="15" WC="0.96" CONTENT="ordförande"/><SP WIDTH="9" VPOS="1717" HPOS="346"/>
							<String ID="string_446" HPOS="355" VPOS="1717" WIDTH="31" HEIGHT="15" WC="0.96" CONTENT="och"/><SP WIDTH="9" VPOS="1717" HPOS="386"/>
							<String ID="string_447" HPOS="395" VPOS="1716" WIDTH="34" HEIGHT="16" WC="0.96" CONTENT="vice"/><SP WIDTH="9" VPOS="1716" HPOS="429"/>
							<String ID="string_448" HPOS="438" VPOS="1717" WIDTH="99" HEIGHT="15" WC="0.93" CONTENT="ordförande"/><SP WIDTH="9" VPOS="1717" HPOS="537"/>
							<String ID="string_449" HPOS="546" VPOS="1717" WIDTH="45" HEIGHT="15" WC="0.93" CONTENT="redo-"/>
						</TextLine>
						<TextLine ID="line_64" HPOS="125" VPOS="1739" WIDTH="465" HEIGHT="19">
							<String ID="string_450" HPOS="125" VPOS="1739" WIDTH="47" HEIGHT="18" WC="0.96" CONTENT="visas,"/><SP WIDTH="8" VPOS="1739" HPOS="172"/>
							<String ID="string_451" HPOS="180" VPOS="1739" WIDTH="70" HEIGHT="15" WC="0.96" CONTENT="förutom"/><SP WIDTH="8" VPOS="1739" HPOS="250"/>
							<String ID="string_452" HPOS="258" VPOS="1739" WIDTH="4" HEIGHT="15" WC="0.97" CONTENT="i"/><SP WIDTH="9" VPOS="1739" HPOS="262"/>
							<String ID="string_453" HPOS="271" VPOS="1739" WIDTH="120" HEIGHT="15" WC="0.95" CONTENT="nedanstående"/><SP WIDTH="7" VPOS="1739" HPOS="391"/>
							<String ID="string_454" HPOS="398" VPOS="1739" WIDTH="102" HEIGHT="19" WC="0.96" CONTENT="förteckning"/><SP WIDTH="7" VPOS="1739" HPOS="500"/>
							<String ID="string_455" HPOS="507" VPOS="1740" WIDTH="38" HEIGHT="14" WC="0.93" CONTENT="över"/><SP WIDTH="8" VPOS="1740" HPOS="545"/>
							<String ID="string_456" HPOS="553" VPOS="1739" WIDTH="37" HEIGHT="15" WC="0.92" CONTENT="riks-"/>
						</TextLine>
						<TextLine ID="line_65" HPOS="125" VPOS="1761" WIDTH="466" HEIGHT="20">
							<String ID="string_457" HPOS="125" VPOS="1761" WIDTH="60" HEIGHT="20" WC="0.96" CONTENT="dagens"/><SP WIDTH="8" VPOS="1761" HPOS="185"/>
							<String ID="string_458" HPOS="193" VPOS="1761" WIDTH="93" HEIGHT="18" WC="0.96" CONTENT="ledamöter,"/><SP WIDTH="9" VPOS="1761" HPOS="286"/>
							<String ID="string_459" HPOS="295" VPOS="1762" WIDTH="39" HEIGHT="15" WC="0.96" CONTENT="även"/><SP WIDTH="9" VPOS="1762" HPOS="334"/>
							<String ID="string_460" HPOS="343" VPOS="1761" WIDTH="51" HEIGHT="16" WC="0.96" CONTENT="under"/><SP WIDTH="8" VPOS="1761" HPOS="394"/>
							<String ID="string_461" HPOS="402" VPOS="1761" WIDTH="35" HEIGHT="15" WC="0.96" CONTENT="avd."/><SP WIDTH="9" VPOS="1761" HPOS="437"/>
							<String ID="string_462" HPOS="446" VPOS="1766" WIDTH="18" HEIGHT="10" WC="0.96" CONTENT="nr"/><SP WIDTH="7" VPOS="1766" HPOS="464"/>
							<String ID="string_463" HPOS="471" VPOS="1762" WIDTH="15" HEIGHT="15" WC="0.93" CONTENT="9."/><SP WIDTH="9" VPOS="1762" HPOS="486"/>
							<String ID="string_464" HPOS="495" VPOS="1761" WIDTH="96" HEIGHT="16" WC="0.91" CONTENT="Statskalen-"/>
						</TextLine>
						<TextLine ID="line_66" HPOS="124" VPOS="1783" WIDTH="465" HEIGHT="20">
							<String ID="string_465" HPOS="124" VPOS="1784" WIDTH="39" HEIGHT="15" WC="0.92" CONTENT="dern"/><SP WIDTH="7" VPOS="1784" HPOS="163"/>
							<String ID="string_466" HPOS="170" VPOS="1784" WIDTH="81" HEIGHT="15" WC="0.96" CONTENT="redovisar"/><SP WIDTH="7" VPOS="1784" HPOS="251"/>
							<String ID="string_467" HPOS="258" VPOS="1784" WIDTH="109" HEIGHT="15" WC="0.95" CONTENT="ledamöterna"/><SP WIDTH="7" VPOS="1784" HPOS="367"/>
							<String ID="string_468" HPOS="374" VPOS="1784" WIDTH="4" HEIGHT="15" WC="0.96" CONTENT="i"/><SP WIDTH="7" VPOS="1784" HPOS="378"/>
							<String ID="string_469" HPOS="385" VPOS="1784" WIDTH="32" HEIGHT="15" WC="0.96" CONTENT="den"/><SP WIDTH="7" VPOS="1784" HPOS="417"/>
							<String ID="string_470" HPOS="424" VPOS="1783" WIDTH="119" HEIGHT="20" WC="0.96" CONTENT="ordningsföljd"/><SP WIDTH="7" VPOS="1783" HPOS="543"/>
							<String ID="string_471" HPOS="550" VPOS="1784" WIDTH="4" HEIGHT="15" WC="0.93" CONTENT="i"/><SP WIDTH="7" VPOS="1784" HPOS="554"/>
							<String ID="string_472" HPOS="561" VPOS="1784" WIDTH="28" HEIGHT="15" WC="0.92" CONTENT="vil-"/>
						</TextLine>
						<TextLine ID="line_67" HPOS="126" VPOS="1806" WIDTH="465" HEIGHT="21">
							<String ID="string_473" HPOS="126" VPOS="1806" WIDTH="29" HEIGHT="15" WC="0.96" CONTENT="ken"/><SP WIDTH="11" VPOS="1806" HPOS="155"/>
							<String ID="string_474" HPOS="166" VPOS="1806" WIDTH="20" HEIGHT="15" WC="0.96" CONTENT="de"/><SP WIDTH="10" VPOS="1806" HPOS="186"/>
							<String ID="string_475" HPOS="196" VPOS="1807" WIDTH="17" HEIGHT="14" WC="0.96" CONTENT="är"/><SP WIDTH="10" VPOS="1807" HPOS="213"/>
							<String ID="string_476" HPOS="223" VPOS="1809" WIDTH="81" HEIGHT="18" WC="0.96" CONTENT="upptagna"/><SP WIDTH="11" VPOS="1809" HPOS="304"/>
							<String ID="string_477" HPOS="315" VPOS="1806" WIDTH="3" HEIGHT="15" WC="0.96" CONTENT="i"/><SP WIDTH="11" VPOS="1806" HPOS="318"/>
							<String ID="string_478" HPOS="329" VPOS="1806" WIDTH="31" HEIGHT="15" WC="0.96" CONTENT="den"/><SP WIDTH="11" VPOS="1806" HPOS="360"/>
							<String ID="string_479" HPOS="371" VPOS="1811" WIDTH="19" HEIGHT="10" WC="0.96" CONTENT="av"/><SP WIDTH="10" VPOS="1811" HPOS="390"/>
							<String ID="string_480" HPOS="400" VPOS="1806" WIDTH="85" HEIGHT="19" WC="0.96" CONTENT="riksdagen"/><SP WIDTH="10" VPOS="1806" HPOS="485"/>
							<String ID="string_481" HPOS="495" VPOS="1806" WIDTH="96" HEIGHT="19" WC="0.96" CONTENT="upprättade"/>
						</TextLine>
					</TextBlock>
				</ComposedBlock>
				<ComposedBlock ID="cblock_7" HPOS="601" VPOS="1839" WIDTH="21" HEIGHT="15">
					<TextBlock ID="block_16" HPOS="601" VPOS="1839" WIDTH="21" HEIGHT="15">
						<TextLine ID="line_68" HPOS="601" VPOS="1839" WIDTH="21" HEIGHT="15">
							<String ID="string_482" HPOS="601" VPOS="1839" WIDTH="21" HEIGHT="15" WC="0.96" CONTENT="39"/>
						</TextLine>
					</TextBlock>
				</ComposedBlock>
				<ComposedBlock ID="cblock_8" HPOS="1108" VPOS="60" WIDTH="65" HEIGHT="20">
					<TextBlock ID="block_17" HPOS="1108" VPOS="60" WIDTH="65" HEIGHT="20">
						<TextLine ID="line_69" HPOS="1108" VPOS="60" WIDTH="65" HEIGHT="20">
							<String ID="string_483" HPOS="1108" VPOS="60" WIDTH="65" HEIGHT="20" WC="0.64" CONTENT="7—7b"/>
						</TextLine>
					</TextBlock>
				</ComposedBlock>
				<ComposedBlock ID="cblock_9" HPOS="710" VPOS="353" WIDTH="464" HEIGHT="65">
					<TextBlock ID="block_18" HPOS="710" VPOS="353" WIDTH="464" HEIGHT="65">
						<TextLine ID="line_70" HPOS="710" VPOS="353" WIDTH="464" HEIGHT="20">
							<String ID="string_484" HPOS="710" VPOS="354" WIDTH="125" HEIGHT="19" WC="0.93" CONTENT="förteckningen."/><SP WIDTH="8" VPOS="354" HPOS="835"/>
							<String ID="string_485" HPOS="843" VPOS="353" WIDTH="85" HEIGHT="16" WC="0.91" CONTENT="Årssiffror"/><SP WIDTH="6" VPOS="353" HPOS="928"/>
							<String ID="string_486" HPOS="934" VPOS="354" WIDTH="44" HEIGHT="15" WC="0.96" CONTENT="inom"/><SP WIDTH="7" VPOS="354" HPOS="978"/>
							<String ID="string_487" HPOS="985" VPOS="357" WIDTH="74" HEIGHT="16" WC="0.96" CONTENT="parentes"/><SP WIDTH="6" VPOS="357" HPOS="1059"/>
							<String ID="string_488" HPOS="1065" VPOS="354" WIDTH="86" HEIGHT="15" WC="0.93" CONTENT="betecknar"/><SP WIDTH="6" VPOS="354" HPOS="1151"/>
							<String ID="string_489" HPOS="1157" VPOS="353" WIDTH="17" HEIGHT="16" WC="0.92" CONTENT="ti-"/>
						</TextLine>
						<TextLine ID="line_71" HPOS="710" VPOS="376" WIDTH="464" HEIGHT="20">
							<String ID="string_490" HPOS="710" VPOS="376" WIDTH="54" HEIGHT="20" WC="0.91" CONTENT="digare"/><SP WIDTH="7" VPOS="376" HPOS="764"/>
							<String ID="string_491" HPOS="771" VPOS="376" WIDTH="111" HEIGHT="19" WC="0.96" CONTENT="ledamotskap"/><SP WIDTH="7" VPOS="376" HPOS="882"/>
							<String ID="string_492" HPOS="889" VPOS="381" WIDTH="18" HEIGHT="10" WC="0.96" CONTENT="av"/><SP WIDTH="8" VPOS="381" HPOS="907"/>
							<String ID="string_493" HPOS="915" VPOS="376" WIDTH="84" HEIGHT="19" WC="0.96" CONTENT="riksdagen"/><SP WIDTH="7" VPOS="376" HPOS="999"/>
							<String ID="string_494" HPOS="1006" VPOS="376" WIDTH="36" HEIGHT="19" WC="0.96" CONTENT="(FK"/><SP WIDTH="10" VPOS="376" HPOS="1042"/>
							<String ID="string_495" HPOS="1052" VPOS="383" WIDTH="12" HEIGHT="5" WC="0.96" CONTENT="="/><SP WIDTH="11" VPOS="383" HPOS="1064"/>
							<String ID="string_496" HPOS="1075" VPOS="376" WIDTH="49" HEIGHT="15" WC="0.93" CONTENT="första"/><SP WIDTH="7" VPOS="376" HPOS="1124"/>
							<String ID="string_497" HPOS="1131" VPOS="376" WIDTH="43" HEIGHT="15" WC="0.91" CONTENT="kam-"/>
						</TextLine>
						<TextLine ID="line_72" HPOS="710" VPOS="398" WIDTH="438" HEIGHT="20">
							<String ID="string_498" HPOS="710" VPOS="403" WIDTH="59" HEIGHT="14" WC="0.95" CONTENT="maren,"/><SP WIDTH="9" VPOS="403" HPOS="769"/>
							<String ID="string_499" HPOS="778" VPOS="399" WIDTH="29" HEIGHT="15" WC="0.96" CONTENT="AK"/><SP WIDTH="11" VPOS="399" HPOS="807"/>
							<String ID="string_500" HPOS="818" VPOS="406" WIDTH="13" HEIGHT="5" WC="0.95" CONTENT="="/><SP WIDTH="10" VPOS="406" HPOS="831"/>
							<String ID="string_501" HPOS="841" VPOS="398" WIDTH="50" HEIGHT="15" WC="0.96" CONTENT="andra"/><SP WIDTH="7" VPOS="398" HPOS="891"/>
							<String ID="string_502" HPOS="898" VPOS="399" WIDTH="99" HEIGHT="17" WC="0.93" CONTENT="kammaren,"/><SP WIDTH="9" VPOS="399" HPOS="997"/>
							<String ID="string_503" HPOS="1006" VPOS="399" WIDTH="12" HEIGHT="14" WC="0.92" CONTENT="R"/><SP WIDTH="11" VPOS="399" HPOS="1018"/>
							<String ID="string_504" HPOS="1029" VPOS="406" WIDTH="13" HEIGHT="4" WC="0.94" CONTENT="="/><SP WIDTH="10" VPOS="406" HPOS="1042"/>
							<String ID="string_505" HPOS="1052" VPOS="398" WIDTH="96" HEIGHT="20" WC="0.96" CONTENT="riksdagen)."/>
						</TextLine>
					</TextBlock>
				</ComposedBlock>
				<ComposedBlock ID="cblock_10" HPOS="632" VPOS="442" WIDTH="237" HEIGHT="19">
					<TextBlock ID="block_19" HPOS="632" VPOS="442" WIDTH="237" HEIGHT="19">
						<TextLine ID="line_73" HPOS="632" VPOS="442" WIDTH="237" HEIGHT="19">
							<String ID="string_506" HPOS="632" VPOS="442" WIDTH="137" HEIGHT="19" WC="0.90" CONTENT="Partiställningen"/><SP WIDTH="7" VPOS="442" HPOS="769"/>
							<String ID="string_507" HPOS="776" VPOS="442" WIDTH="4" HEIGHT="15" WC="0.96" CONTENT="i"/><SP WIDTH="7" VPOS="442" HPOS="780"/>
							<String ID="string_508" HPOS="787" VPOS="442" WIDTH="82" HEIGHT="19" WC="0.96" CONTENT="riksdagen"/>
						</TextLine>
					</TextBlock>
				</ComposedBlock>
				<ComposedBlock ID="cblock_11" HPOS="981" VPOS="482" WIDTH="143" HEIGHT="15">
					<TextBlock ID="block_20" HPOS="981" VPOS="482" WIDTH="143" HEIGHT="15">
						<TextLine ID="line_74" HPOS="981" VPOS="482" WIDTH="143" HEIGHT="15">
							<String ID="string_509" HPOS="981" VPOS="483" WIDTH="47" HEIGHT="14" WC="0.96" CONTENT="Antal"/><SP WIDTH="8" VPOS="483" HPOS="1028"/>
							<String ID="string_510" HPOS="1036" VPOS="482" WIDTH="88" HEIGHT="15" WC="0.96" CONTENT="ledamöter"/>
						</TextLine>
					</TextBlock>
				</ComposedBlock>
				<ComposedBlock ID="cblock_12" HPOS="622" VPOS="505" WIDTH="536" HEIGHT="255">
					<TextBlock ID="block_21" HPOS="632" VPOS="505" WIDTH="526" HEIGHT="255">
						<TextLine ID="line_75" HPOS="931" VPOS="505" WIDTH="227" HEIGHT="15">
							<String ID="string_511" HPOS="931" VPOS="505" WIDTH="49" HEIGHT="15" WC="0.67" CONTENT="Manl."/><SP WIDTH="10" VPOS="505" HPOS="980"/>
							<String ID="string_512" HPOS="990" VPOS="501" WIDTH="19" HEIGHT="29" WC="0.7" CONTENT="—"/><SP WIDTH="11" VPOS="501" HPOS="1009"/>
							<String ID="string_513" HPOS="1020" VPOS="505" WIDTH="63" HEIGHT="15" WC="0.67" CONTENT="Kvinnl."/><SP WIDTH="23" VPOS="505" HPOS="1083"/>
							<String ID="string_514" HPOS="1106" VPOS="505" WIDTH="52" HEIGHT="15" WC="0.62" CONTENT="Totalt"/>
						</TextLine>
						<TextLine ID="line_76" HPOS="632" VPOS="527" WIDTH="217" HEIGHT="16">
							<String ID="string_515" HPOS="632" VPOS="527" WIDTH="172" HEIGHT="16" WC="0.91" CONTENT="Socialdemokratiska"/><SP WIDTH="7" VPOS="527" HPOS="804"/>
							<String ID="string_516" HPOS="811" VPOS="527" WIDTH="38" HEIGHT="15" WC="0.91" CONTENT="riks-"/>
						</TextLine>
						<TextLine ID="line_77" HPOS="641" VPOS="540" WIDTH="494" HEIGHT="33">
							<String ID="string_517" HPOS="641" VPOS="540" WIDTH="123" HEIGHT="33" WC="0.91" CONTENT="dagsgruppen"/><SP WIDTH="168" VPOS="540" HPOS="764"/>
							<String ID="string_518" HPOS="932" VPOS="550" WIDTH="26" HEIGHT="15" WC="0.96" CONTENT="118"/><SP WIDTH="60" VPOS="550" HPOS="958"/>
							<String ID="string_519" HPOS="1018" VPOS="550" WIDTH="19" HEIGHT="15" WC="0.96" CONTENT="34"/><SP WIDTH="72" VPOS="550" HPOS="1037"/>
							<String ID="string_520" HPOS="1109" VPOS="550" WIDTH="26" HEIGHT="15" WC="0.96" CONTENT="152"/>
						</TextLine>
						<TextLine ID="line_78" HPOS="624" VPOS="568" WIDTH="511" HEIGHT="28">
							<String ID="string_521" HPOS="624" VPOS="568" WIDTH="123" HEIGHT="28" WC="0.96" CONTENT="Centerpartiet"/><SP WIDTH="193" VPOS="568" HPOS="747"/>
							<String ID="string_522" HPOS="940" VPOS="573" WIDTH="96" HEIGHT="14" WC="0.37" CONTENT="LE"/><SP WIDTH="81" VPOS="573" HPOS="1036"/>
							<String ID="string_523" HPOS="1117" VPOS="572" WIDTH="18" HEIGHT="15" WC="0.95" CONTENT="86"/>
						</TextLine>
						<TextLine ID="line_79" HPOS="633" VPOS="594" WIDTH="502" HEIGHT="20">
							<String ID="string_524" HPOS="633" VPOS="595" WIDTH="84" HEIGHT="15" WC="0.96" CONTENT="Moderata"/><SP WIDTH="7" VPOS="595" HPOS="717"/>
							<String ID="string_525" HPOS="724" VPOS="594" WIDTH="133" HEIGHT="20" WC="0.96" CONTENT="samlingspartiet"/><SP WIDTH="83" VPOS="594" HPOS="857"/>
							<String ID="string_526" HPOS="940" VPOS="595" WIDTH="18" HEIGHT="14" WC="0.96" CONTENT="47"/><SP WIDTH="71" VPOS="595" HPOS="958"/>
							<String ID="string_527" HPOS="1029" VPOS="594" WIDTH="8" HEIGHT="15" WC="0.96" CONTENT="8"/><SP WIDTH="80" VPOS="594" HPOS="1037"/>
							<String ID="string_528" HPOS="1117" VPOS="595" WIDTH="18" HEIGHT="14" WC="0.96" CONTENT="55"/>
						</TextLine>
						<TextLine ID="line_80" HPOS="622" VPOS="613" WIDTH="513" HEIGHT="28">
							<String ID="string_529" HPOS="622" VPOS="613" WIDTH="107" HEIGHT="28" WC="0.96" CONTENT="Folkpartiet"/><SP WIDTH="211" VPOS="613" HPOS="729"/>
							<String ID="string_530" HPOS="940" VPOS="617" WIDTH="19" HEIGHT="15" WC="0.96" CONTENT="30"/><SP WIDTH="69" VPOS="617" HPOS="959"/>
							<String ID="string_531" HPOS="1028" VPOS="617" WIDTH="9" HEIGHT="14" WC="0.96" CONTENT="9"/><SP WIDTH="80" VPOS="617" HPOS="1037"/>
							<String ID="string_532" HPOS="1117" VPOS="617" WIDTH="18" HEIGHT="14" WC="0.96" CONTENT="39"/>
						</TextLine>
						<TextLine ID="line_81" HPOS="632" VPOS="639" WIDTH="228" HEIGHT="19">
							<String ID="string_533" HPOS="632" VPOS="639" WIDTH="124" HEIGHT="19" WC="0.92" CONTENT="Vänsterpartiet"/><SP WIDTH="7" VPOS="639" HPOS="756"/>
							<String ID="string_534" HPOS="763" VPOS="639" WIDTH="97" HEIGHT="15" WC="0.91" CONTENT="kommunis-"/>
						</TextLine>
						<TextLine ID="line_82" HPOS="652" VPOS="662" WIDTH="483" HEIGHT="15">
							<String ID="string_535" HPOS="652" VPOS="664" WIDTH="44" HEIGHT="13" WC="0.96" CONTENT="terna"/><SP WIDTH="247" VPOS="664" HPOS="696"/>
							<String ID="string_536" HPOS="943" VPOS="662" WIDTH="14" HEIGHT="14" WC="0.74" CONTENT="11"/><SP WIDTH="71" VPOS="662" HPOS="957"/>
							<String ID="string_537" HPOS="1028" VPOS="662" WIDTH="9" HEIGHT="14" WC="0.96" CONTENT="4"/><SP WIDTH="82" VPOS="662" HPOS="1037"/>
							<String ID="string_538" HPOS="1119" VPOS="662" WIDTH="16" HEIGHT="14" WC="0.96" CONTENT="15"/>
						</TextLine>
						<TextLine ID="line_83" HPOS="632" VPOS="683" WIDTH="229" HEIGHT="20">
							<String ID="string_539" HPOS="632" VPOS="684" WIDTH="124" HEIGHT="19" WC="0.93" CONTENT="Arbetarpartiet"/><SP WIDTH="7" VPOS="684" HPOS="756"/>
							<String ID="string_540" HPOS="763" VPOS="683" WIDTH="98" HEIGHT="16" WC="0.91" CONTENT="kommunis-"/>
						</TextLine>
						<TextLine ID="line_84" HPOS="652" VPOS="706" WIDTH="483" HEIGHT="15">
							<String ID="string_541" HPOS="652" VPOS="709" WIDTH="44" HEIGHT="12" WC="0.96" CONTENT="terna"/><SP WIDTH="255" VPOS="709" HPOS="696"/>
							<String ID="string_542" HPOS="951" VPOS="706" WIDTH="8" HEIGHT="14" WC="0.96" CONTENT="2"/><SP WIDTH="61" VPOS="706" HPOS="959"/>
							<String ID="string_543" HPOS="1020" VPOS="715" WIDTH="15" HEIGHT="1" WC="0.43" CONTENT="="/><SP WIDTH="92" VPOS="715" HPOS="1035"/>
							<String ID="string_544" HPOS="1127" VPOS="706" WIDTH="8" HEIGHT="14" WC="0.96" CONTENT="2"/>
						</TextLine>
						<TextLine ID="line_85" HPOS="930" VPOS="745" WIDTH="205" HEIGHT="15">
							<String ID="string_545" HPOS="930" VPOS="745" WIDTH="29" HEIGHT="15" WC="0.96" CONTENT="269"/><SP WIDTH="60" VPOS="745" HPOS="959"/>
							<String ID="string_546" HPOS="1019" VPOS="745" WIDTH="18" HEIGHT="15" WC="0.95" CONTENT="80"/><SP WIDTH="70" VPOS="745" HPOS="1037"/>
							<String ID="string_547" HPOS="1107" VPOS="745" WIDTH="28" HEIGHT="15" WC="0.96" CONTENT="349"/>
						</TextLine>
					</TextBlock>
				</ComposedBlock>
				<ComposedBlock ID="cblock_13" HPOS="632" VPOS="789" WIDTH="464" HEIGHT="41">
					<TextBlock ID="block_22" HPOS="632" VPOS="789" WIDTH="464" HEIGHT="41">
						<TextLine ID="line_86" HPOS="632" VPOS="789" WIDTH="464" HEIGHT="18">
							<String ID="string_548" HPOS="632" VPOS="789" WIDTH="97" HEIGHT="14" WC="0.89" CONTENT="Procentuell"/><SP WIDTH="11" VPOS="789" HPOS="729"/>
							<String ID="string_549" HPOS="740" VPOS="789" WIDTH="87" HEIGHT="18" WC="0.96" CONTENT="fördelning"/><SP WIDTH="12" VPOS="789" HPOS="827"/>
							<String ID="string_550" HPOS="839" VPOS="793" WIDTH="17" HEIGHT="10" WC="0.96" CONTENT="av"/><SP WIDTH="13" VPOS="793" HPOS="856"/>
							<String ID="string_551" HPOS="869" VPOS="789" WIDTH="78" HEIGHT="18" WC="0.96" CONTENT="kvinnliga"/><SP WIDTH="12" VPOS="789" HPOS="947"/>
							<String ID="string_552" HPOS="959" VPOS="789" WIDTH="84" HEIGHT="14" WC="0.96" CONTENT="ledamöter"/><SP WIDTH="12" VPOS="789" HPOS="1043"/>
							<String ID="string_553" HPOS="1055" VPOS="789" WIDTH="41" HEIGHT="14" WC="0.96" CONTENT="inom"/>
						</TextLine>
						<TextLine ID="line_87" HPOS="632" VPOS="811" WIDTH="77" HEIGHT="19">
							<String ID="string_554" HPOS="632" VPOS="811" WIDTH="77" HEIGHT="19" WC="0.96" CONTENT="partierna"/>
						</TextLine>
					</TextBlock>
				</ComposedBlock>
				<ComposedBlock ID="cblock_14" HPOS="622" VPOS="851" WIDTH="552" HEIGHT="258">
					<TextBlock ID="block_23" HPOS="632" VPOS="851" WIDTH="542" HEIGHT="258">
						<TextLine ID="line_88" HPOS="1019" VPOS="851" WIDTH="155" HEIGHT="15">
							<String ID="string_555" HPOS="1019" VPOS="851" WIDTH="65" HEIGHT="15" WC="0.88" CONTENT="Kvinnl."/><SP WIDTH="24" VPOS="851" HPOS="1084"/>
							<String ID="string_556" HPOS="1108" VPOS="852" WIDTH="66" HEIGHT="14" WC="0.73" CONTENT="Procent"/>
						</TextLine>
						<TextLine ID="line_89" HPOS="633" VPOS="873" WIDTH="216" HEIGHT="16">
							<String ID="string_557" HPOS="633" VPOS="874" WIDTH="171" HEIGHT="15" WC="0.90" CONTENT="Socialdemokratiska"/><SP WIDTH="8" VPOS="874" HPOS="804"/>
							<String ID="string_558" HPOS="812" VPOS="873" WIDTH="37" HEIGHT="16" WC="0.91" CONTENT="riks-"/>
						</TextLine>
						<TextLine ID="line_90" HPOS="653" VPOS="896" WIDTH="488" HEIGHT="19">
							<String ID="string_559" HPOS="653" VPOS="896" WIDTH="111" HEIGHT="19" WC="0.91" CONTENT="dagsgruppen"/><SP WIDTH="255" VPOS="896" HPOS="764"/>
							<String ID="string_560" HPOS="1019" VPOS="897" WIDTH="19" HEIGHT="14" WC="0.96" CONTENT="34"/><SP WIDTH="69" VPOS="897" HPOS="1038"/>
							<String ID="string_561" HPOS="1107" VPOS="896" WIDTH="34" HEIGHT="18" WC="0.95" CONTENT="22,3"/>
						</TextLine>
						<TextLine ID="line_91" HPOS="632" VPOS="914" WIDTH="510" HEIGHT="28">
							<String ID="string_562" HPOS="632" VPOS="914" WIDTH="116" HEIGHT="28" WC="0.96" CONTENT="Centerpartiet"/><SP WIDTH="271" VPOS="914" HPOS="748"/>
							<String ID="string_563" HPOS="1019" VPOS="919" WIDTH="18" HEIGHT="14" WC="0.95" CONTENT="25"/><SP WIDTH="70" VPOS="919" HPOS="1037"/>
							<String ID="string_564" HPOS="1107" VPOS="919" WIDTH="35" HEIGHT="17" WC="0.95" CONTENT="29,0"/>
						</TextLine>
						<TextLine ID="line_92" HPOS="633" VPOS="941" WIDTH="508" HEIGHT="19">
							<String ID="string_565" HPOS="633" VPOS="941" WIDTH="84" HEIGHT="15" WC="0.96" CONTENT="Moderata"/><SP WIDTH="7" VPOS="941" HPOS="717"/>
							<String ID="string_566" HPOS="724" VPOS="941" WIDTH="133" HEIGHT="19" WC="0.96" CONTENT="samlingspartiet"/><SP WIDTH="172" VPOS="941" HPOS="857"/>
							<String ID="string_567" HPOS="1029" VPOS="941" WIDTH="8" HEIGHT="15" WC="0.96" CONTENT="8"/><SP WIDTH="72" VPOS="941" HPOS="1037"/>
							<String ID="string_568" HPOS="1109" VPOS="941" WIDTH="32" HEIGHT="18" WC="0.96" CONTENT="14,5"/>
						</TextLine>
						<TextLine ID="line_93" HPOS="622" VPOS="959" WIDTH="520" HEIGHT="27">
							<String ID="string_569" HPOS="622" VPOS="959" WIDTH="107" HEIGHT="27" WC="0.96" CONTENT="Folkpartiet"/><SP WIDTH="300" VPOS="959" HPOS="729"/>
							<String ID="string_570" HPOS="1029" VPOS="964" WIDTH="8" HEIGHT="14" WC="0.96" CONTENT="9"/><SP WIDTH="70" VPOS="964" HPOS="1037"/>
							<String ID="string_571" HPOS="1107" VPOS="964" WIDTH="35" HEIGHT="17" WC="0.96" CONTENT="23,0"/>
						</TextLine>
						<TextLine ID="line_94" HPOS="632" VPOS="985" WIDTH="229" HEIGHT="20">
							<String ID="string_572" HPOS="632" VPOS="985" WIDTH="124" HEIGHT="20" WC="0.92" CONTENT="Vänsterpartiet"/><SP WIDTH="7" VPOS="985" HPOS="756"/>
							<String ID="string_573" HPOS="763" VPOS="986" WIDTH="98" HEIGHT="15" WC="0.92" CONTENT="kommunis-"/>
						</TextLine>
						<TextLine ID="line_95" HPOS="652" VPOS="1008" WIDTH="489" HEIGHT="18">
							<String ID="string_574" HPOS="652" VPOS="1011" WIDTH="44" HEIGHT="12" WC="0.96" CONTENT="terna"/><SP WIDTH="333" VPOS="1011" HPOS="696"/>
							<String ID="string_575" HPOS="1029" VPOS="1009" WIDTH="9" HEIGHT="13" WC="0.96" CONTENT="4"/><SP WIDTH="69" VPOS="1009" HPOS="1038"/>
							<String ID="string_576" HPOS="1107" VPOS="1008" WIDTH="34" HEIGHT="18" WC="0.96" CONTENT="23,5"/>
						</TextLine>
						<TextLine ID="line_96" HPOS="632" VPOS="1030" WIDTH="229" HEIGHT="19">
							<String ID="string_577" HPOS="632" VPOS="1030" WIDTH="124" HEIGHT="19" WC="0.93" CONTENT="Arbetarpartiet"/><SP WIDTH="7" VPOS="1030" HPOS="756"/>
							<String ID="string_578" HPOS="763" VPOS="1030" WIDTH="98" HEIGHT="15" WC="0.92" CONTENT="kommunis-"/>
						</TextLine>
						<TextLine ID="line_97" HPOS="652" VPOS="1055" WIDTH="477" HEIGHT="13">
							<String ID="string_579" HPOS="652" VPOS="1055" WIDTH="44" HEIGHT="13" WC="0.96" CONTENT="terna"/><SP WIDTH="330" VPOS="1055" HPOS="696"/>
							<String ID="string_580" HPOS="1026" VPOS="1061" WIDTH="14" HEIGHT="2" WC="0.63" CONTENT="="/><SP WIDTH="74" VPOS="1061" HPOS="1040"/>
							<String ID="string_581" HPOS="1114" VPOS="1061" WIDTH="15" HEIGHT="2" WC="0.72" CONTENT="-"/>
						</TextLine>
						<TextLine ID="line_98" HPOS="1019" VPOS="1091" WIDTH="122" HEIGHT="18">
							<String ID="string_582" HPOS="1019" VPOS="1091" WIDTH="19" HEIGHT="15" WC="0.95" CONTENT="80"/><SP WIDTH="69" VPOS="1091" HPOS="1038"/>
							<String ID="string_583" HPOS="1107" VPOS="1092" WIDTH="34" HEIGHT="17" WC="0.96" CONTENT="22,9"/>
						</TextLine>
					</TextBlock>
				</ComposedBlock>
				<ComposedBlock ID="cblock_15" HPOS="632" VPOS="1138" WIDTH="26" HEIGHT="23">
					<TextBlock ID="block_24" HPOS="632" VPOS="1138" WIDTH="26" HEIGHT="23">
						<TextLine ID="line_99" HPOS="632" VPOS="1138" WIDTH="26" HEIGHT="23">
							<String ID="string_584" HPOS="632" VPOS="1138" WIDTH="26" HEIGHT="23" WC="0.91" CONTENT="7a"/>
						</TextLine>
					</TextBlock>
				</ComposedBlock>
				<ComposedBlock ID="cblock_16" HPOS="713" VPOS="1140" WIDTH="287" HEIGHT="21">
					<TextBlock ID="block_25" HPOS="713" VPOS="1140" WIDTH="287" HEIGHT="21">
						<TextLine ID="line_100" HPOS="713" VPOS="1140" WIDTH="287" HEIGHT="21">
							<String ID="string_585" HPOS="713" VPOS="1141" WIDTH="150" HEIGHT="20" WC="0.96" CONTENT="Kammarens"/><SP WIDTH="10" VPOS="1141" HPOS="863"/>
							<String ID="string_586" HPOS="873" VPOS="1140" WIDTH="127" HEIGHT="21" WC="0.96" CONTENT="ledamöter"/>
						</TextLine>
					</TextBlock>
				</ComposedBlock>
				<ComposedBlock ID="cblock_17" HPOS="632" VPOS="1190" WIDTH="319" HEIGHT="40">
					<TextBlock ID="block_26" HPOS="632" VPOS="1190" WIDTH="319" HEIGHT="40">
						<TextLine ID="line_101" HPOS="710" VPOS="1190" WIDTH="65" HEIGHT="14">
							<String ID="string_587" HPOS="710" VPOS="1190" WIDTH="65" HEIGHT="14" WC="0.91" CONTENT="Talman"/>
						</TextLine>
						<TextLine ID="line_102" HPOS="632" VPOS="1208" WIDTH="319" HEIGHT="22">
							<String ID="string_588" HPOS="632" VPOS="1212" WIDTH="54" HEIGHT="15" WC="0.96" CONTENT="Allard"/><SP WIDTH="8" VPOS="1212" HPOS="686"/>
							<String ID="string_589" HPOS="694" VPOS="1212" WIDTH="38" HEIGHT="14" WC="0.96" CONTENT="Karl"/><SP WIDTH="8" VPOS="1212" HPOS="732"/>
							<String ID="string_590" HPOS="740" VPOS="1208" WIDTH="34" HEIGHT="19" WC="0.96" CONTENT="Åke"/><SP WIDTH="7" VPOS="1208" HPOS="774"/>
							<String ID="string_591" HPOS="781" VPOS="1212" WIDTH="58" HEIGHT="18" WC="0.96" CONTENT="Henry,"/><SP WIDTH="10" VPOS="1212" HPOS="839"/>
							<String ID="string_592" HPOS="849" VPOS="1212" WIDTH="22" HEIGHT="17" WC="0.96" CONTENT="11,"/><SP WIDTH="8" VPOS="1212" HPOS="871"/>
							<String ID="string_593" HPOS="879" VPOS="1212" WIDTH="32" HEIGHT="18" WC="0.96" CONTENT="(69)"/><SP WIDTH="7" VPOS="1212" HPOS="911"/>
							<String ID="string_594" HPOS="918" VPOS="1212" WIDTH="17" HEIGHT="14" WC="0.93" CONTENT="71"/><SP WIDTH="10" VPOS="1212" HPOS="935"/>
							<String ID="string_595" HPOS="945" VPOS="1216" WIDTH="6" HEIGHT="10" WC="0.91" CONTENT="s"/>
						</TextLine>
					</TextBlock>
				</ComposedBlock>
				<ComposedBlock ID="cblock_18" HPOS="633" VPOS="1255" WIDTH="297" HEIGHT="41">
					<TextBlock ID="block_27" HPOS="633" VPOS="1255" WIDTH="297" HEIGHT="41">
						<TextLine ID="line_103" HPOS="711" VPOS="1255" WIDTH="155" HEIGHT="15">
							<String ID="string_596" HPOS="711" VPOS="1255" WIDTH="53" HEIGHT="15" WC="0.96" CONTENT="Förste"/><SP WIDTH="6" VPOS="1255" HPOS="764"/>
							<String ID="string_597" HPOS="770" VPOS="1255" WIDTH="32" HEIGHT="15" WC="0.96" CONTENT="vice"/><SP WIDTH="6" VPOS="1255" HPOS="802"/>
							<String ID="string_598" HPOS="808" VPOS="1255" WIDTH="58" HEIGHT="15" WC="0.95" CONTENT="talman"/>
						</TextLine>
						<TextLine ID="line_104" HPOS="633" VPOS="1277" WIDTH="297" HEIGHT="19">
							<String ID="string_599" HPOS="633" VPOS="1277" WIDTH="76" HEIGHT="19" WC="0.96" CONTENT="Bengtson"/><SP WIDTH="7" VPOS="1277" HPOS="709"/>
							<String ID="string_600" HPOS="716" VPOS="1277" WIDTH="64" HEIGHT="15" WC="0.96" CONTENT="Torsten"/><SP WIDTH="7" VPOS="1277" HPOS="780"/>
							<String ID="string_601" HPOS="787" VPOS="1277" WIDTH="69" HEIGHT="19" WC="0.95" CONTENT="Stanley,"/><SP WIDTH="10" VPOS="1277" HPOS="856"/>
							<String ID="string_602" HPOS="866" VPOS="1277" WIDTH="22" HEIGHT="18" WC="0.94" CONTENT="14,"/><SP WIDTH="8" VPOS="1277" HPOS="888"/>
							<String ID="string_603" HPOS="896" VPOS="1277" WIDTH="16" HEIGHT="15" WC="0.92" CONTENT="71"/><SP WIDTH="10" VPOS="1277" HPOS="912"/>
							<String ID="string_604" HPOS="922" VPOS="1281" WIDTH="8" HEIGHT="11" WC="0.90" CONTENT="c"/>
						</TextLine>
					</TextBlock>
				</ComposedBlock>
				<ComposedBlock ID="cblock_19" HPOS="632" VPOS="1319" WIDTH="300" HEIGHT="41">
					<TextBlock ID="block_28" HPOS="632" VPOS="1319" WIDTH="300" HEIGHT="41">
						<TextLine ID="line_105" HPOS="712" VPOS="1319" WIDTH="153" HEIGHT="15">
							<String ID="string_605" HPOS="712" VPOS="1320" WIDTH="50" HEIGHT="14" WC="0.96" CONTENT="Andre"/><SP WIDTH="7" VPOS="1320" HPOS="762"/>
							<String ID="string_606" HPOS="769" VPOS="1319" WIDTH="31" HEIGHT="15" WC="0.96" CONTENT="vice"/><SP WIDTH="7" VPOS="1319" HPOS="800"/>
							<String ID="string_607" HPOS="807" VPOS="1319" WIDTH="58" HEIGHT="15" WC="0.96" CONTENT="talman"/>
						</TextLine>
						<TextLine ID="line_106" HPOS="632" VPOS="1341" WIDTH="300" HEIGHT="19">
							<String ID="string_608" HPOS="632" VPOS="1341" WIDTH="97" HEIGHT="19" WC="0.96" CONTENT="Magnusson"/><SP WIDTH="7" VPOS="1341" HPOS="729"/>
							<String ID="string_609" HPOS="736" VPOS="1341" WIDTH="62" HEIGHT="15" WC="0.96" CONTENT="Anders"/><SP WIDTH="7" VPOS="1341" HPOS="798"/>
							<String ID="string_610" HPOS="805" VPOS="1341" WIDTH="47" HEIGHT="19" WC="0.96" CONTENT="Tage,"/><SP WIDTH="10" VPOS="1341" HPOS="852"/>
							<String ID="string_611" HPOS="862" VPOS="1341" WIDTH="21" HEIGHT="18" WC="0.96" CONTENT="10,"/><SP WIDTH="8" VPOS="1341" HPOS="883"/>
							<String ID="string_612" HPOS="891" VPOS="1342" WIDTH="19" HEIGHT="14" WC="0.93" CONTENT="76"/><SP WIDTH="7" VPOS="1342" HPOS="910"/>
							<String ID="string_613" HPOS="917" VPOS="1346" WIDTH="15" HEIGHT="10" WC="0.93" CONTENT="m"/>
						</TextLine>
					</TextBlock>
				</ComposedBlock>
				<ComposedBlock ID="cblock_20" HPOS="633" VPOS="1385" WIDTH="250" HEIGHT="40">
					<TextBlock ID="block_29" HPOS="633" VPOS="1385" WIDTH="250" HEIGHT="40">
						<TextLine ID="line_107" HPOS="710" VPOS="1385" WIDTH="158" HEIGHT="18">
							<String ID="string_614" HPOS="710" VPOS="1385" WIDTH="55" HEIGHT="18" WC="0.96" CONTENT="Tredje"/><SP WIDTH="6" VPOS="1385" HPOS="765"/>
							<String ID="string_615" HPOS="771" VPOS="1385" WIDTH="32" HEIGHT="14" WC="0.96" CONTENT="vice"/><SP WIDTH="7" VPOS="1385" HPOS="803"/>
							<String ID="string_616" HPOS="810" VPOS="1385" WIDTH="58" HEIGHT="14" WC="0.96" CONTENT="talman"/>
						</TextLine>
						<TextLine ID="line_108" HPOS="633" VPOS="1406" WIDTH="250" HEIGHT="19">
							<String ID="string_617" HPOS="633" VPOS="1407" WIDTH="73" HEIGHT="14" WC="0.96" CONTENT="Eriksson"/><SP WIDTH="7" VPOS="1407" HPOS="706"/>
							<String ID="string_618" HPOS="713" VPOS="1407" WIDTH="37" HEIGHT="14" WC="0.96" CONTENT="Karl"/><SP WIDTH="8" VPOS="1407" HPOS="750"/>
							<String ID="string_619" HPOS="758" VPOS="1407" WIDTH="43" HEIGHT="17" WC="0.96" CONTENT="Erik,"/><SP WIDTH="7" VPOS="1407" HPOS="801"/>
							<String ID="string_620" HPOS="808" VPOS="1407" WIDTH="24" HEIGHT="17" WC="0.96" CONTENT="25,"/><SP WIDTH="7" VPOS="1407" HPOS="832"/>
							<String ID="string_621" HPOS="839" VPOS="1407" WIDTH="19" HEIGHT="14" WC="0.96" CONTENT="76"/><SP WIDTH="8" VPOS="1407" HPOS="858"/>
							<String ID="string_622" HPOS="866" VPOS="1406" WIDTH="17" HEIGHT="19" WC="0.96" CONTENT="fp"/>
						</TextLine>
					</TextBlock>
				</ComposedBlock>
				<ComposedBlock ID="cblock_21" HPOS="632" VPOS="1475" WIDTH="28" HEIGHT="23">
					<TextBlock ID="block_30" HPOS="632" VPOS="1475" WIDTH="28" HEIGHT="23">
						<TextLine ID="line_109" HPOS="632" VPOS="1475" WIDTH="28" HEIGHT="23">
							<String ID="string_623" HPOS="632" VPOS="1475" WIDTH="28" HEIGHT="23" WC="0.5" CONTENT="Ib"/>
						</TextLine>
					</TextBlock>
				</ComposedBlock>
				<ComposedBlock ID="cblock_22" HPOS="631" VPOS="1526" WIDTH="544" HEIGHT="287">
					<TextBlock ID="block_31" HPOS="631" VPOS="1526" WIDTH="544" HEIGHT="41">
						<TextLine ID="line_110" HPOS="631" VPOS="1526" WIDTH="544" HEIGHT="19">
							<String ID="string_624" HPOS="631" VPOS="1527" WIDTH="88" HEIGHT="14" WC="0.96" CONTENT="Johansson"/><SP WIDTH="10" VPOS="1527" HPOS="719"/>
							<String ID="string_625" HPOS="729" VPOS="1527" WIDTH="40" HEIGHT="14" WC="0.96" CONTENT="Knut"/><SP WIDTH="11" VPOS="1527" HPOS="769"/>
							<String ID="string_626" HPOS="780" VPOS="1526" WIDTH="67" HEIGHT="19" WC="0.95" CONTENT="Brynolf"/><SP WIDTH="8" VPOS="1526" HPOS="847"/>
							<String ID="string_627" HPOS="855" VPOS="1526" WIDTH="65" HEIGHT="18" WC="0.96" CONTENT="Martin,"/><SP WIDTH="12" VPOS="1526" HPOS="920"/>
							<String ID="string_628" HPOS="932" VPOS="1527" WIDTH="22" HEIGHT="17" WC="0.95" CONTENT="11,"/><SP WIDTH="10" VPOS="1527" HPOS="954"/>
							<String ID="string_629" HPOS="964" VPOS="1527" WIDTH="35" HEIGHT="18" WC="0.93" CONTENT="(FK"/><SP WIDTH="10" VPOS="1527" HPOS="999"/>
							<String ID="string_630" HPOS="1009" VPOS="1527" WIDTH="67" HEIGHT="18" WC="0.91" CONTENT="57—70)"/><SP WIDTH="10" VPOS="1527" HPOS="1076"/>
							<String ID="string_631" HPOS="1086" VPOS="1527" WIDTH="16" HEIGHT="14" WC="0.92" CONTENT="71"/><SP WIDTH="12" VPOS="1527" HPOS="1102"/>
							<String ID="string_632" HPOS="1114" VPOS="1526" WIDTH="61" HEIGHT="19" WC="0.92" CONTENT="(Stock-"/>
						</TextLine>
						<TextLine ID="line_111" HPOS="653" VPOS="1548" WIDTH="64" HEIGHT="19">
							<String ID="string_633" HPOS="653" VPOS="1548" WIDTH="50" HEIGHT="19" WC="0.90" CONTENT="holm)"/><SP WIDTH="7" VPOS="1548" HPOS="703"/>
							<String ID="string_634" HPOS="710" VPOS="1553" WIDTH="7" HEIGHT="10" WC="0.90" CONTENT="s"/>
						</TextLine>
					</TextBlock>
					<TextBlock ID="block_32" HPOS="632" VPOS="1570" WIDTH="543" HEIGHT="42">
						<TextLine ID="line_112" HPOS="632" VPOS="1570" WIDTH="543" HEIGHT="19">
							<String ID="string_635" HPOS="632" VPOS="1571" WIDTH="53" HEIGHT="14" WC="0.96" CONTENT="Palme"/><SP WIDTH="7" VPOS="1571" HPOS="685"/>
							<String ID="string_636" HPOS="692" VPOS="1571" WIDTH="40" HEIGHT="15" WC="0.96" CONTENT="Sven"/><SP WIDTH="7" VPOS="1571" HPOS="732"/>
							<String ID="string_637" HPOS="739" VPOS="1571" WIDTH="41" HEIGHT="15" WC="0.96" CONTENT="Olof"/><SP WIDTH="4" VPOS="1571" HPOS="780"/>
							<String ID="string_638" HPOS="784" VPOS="1570" WIDTH="73" HEIGHT="16" WC="0.96" CONTENT="Joachim"/><SP WIDTH="6" VPOS="1570" HPOS="857"/>
							<String ID="string_639" HPOS="863" VPOS="1571" WIDTH="25" HEIGHT="14" WC="0.95" CONTENT="JK"/><SP WIDTH="6" VPOS="1571" HPOS="888"/>
							<String ID="string_640" HPOS="894" VPOS="1570" WIDTH="17" HEIGHT="15" WC="0.95" CONTENT="fd"/><SP WIDTH="7" VPOS="1570" HPOS="911"/>
							<String ID="string_641" HPOS="918" VPOS="1570" WIDTH="118" HEIGHT="18" WC="0.96" CONTENT="Statsminister,"/><SP WIDTH="7" VPOS="1570" HPOS="1036"/>
							<String ID="string_642" HPOS="1043" VPOS="1571" WIDTH="24" HEIGHT="17" WC="0.96" CONTENT="27,"/><SP WIDTH="7" VPOS="1571" HPOS="1067"/>
							<String ID="string_643" HPOS="1074" VPOS="1571" WIDTH="35" HEIGHT="18" WC="0.93" CONTENT="(FK"/><SP WIDTH="7" VPOS="1571" HPOS="1109"/>
							<String ID="string_644" HPOS="1116" VPOS="1571" WIDTH="59" HEIGHT="15" WC="0.79" CONTENT="58—68"/>
						</TextLine>
						<TextLine ID="line_113" HPOS="653" VPOS="1593" WIDTH="257" HEIGHT="19">
							<String ID="string_645" HPOS="653" VPOS="1593" WIDTH="29" HEIGHT="15" WC="0.91" CONTENT="AK"/><SP WIDTH="8" VPOS="1593" HPOS="682"/>
							<String ID="string_646" HPOS="690" VPOS="1593" WIDTH="67" HEIGHT="19" WC="0.91" CONTENT="69—70)"/><SP WIDTH="7" VPOS="1593" HPOS="757"/>
							<String ID="string_647" HPOS="764" VPOS="1593" WIDTH="16" HEIGHT="15" WC="0.96" CONTENT="71"/><SP WIDTH="10" VPOS="1593" HPOS="780"/>
							<String ID="string_648" HPOS="790" VPOS="1593" WIDTH="107" HEIGHT="18" WC="0.92" CONTENT="(Stockholm)"/><SP WIDTH="7" VPOS="1593" HPOS="897"/>
							<String ID="string_649" HPOS="904" VPOS="1597" WIDTH="6" HEIGHT="11" WC="0.92" CONTENT="s"/>
						</TextLine>
					</TextBlock>
					<TextBlock ID="block_33" HPOS="633" VPOS="1615" WIDTH="540" HEIGHT="41">
						<TextLine ID="line_114" HPOS="633" VPOS="1615" WIDTH="540" HEIGHT="19">
							<String ID="string_650" HPOS="633" VPOS="1615" WIDTH="68" HEIGHT="15" WC="0.96" CONTENT="Bohman"/><SP WIDTH="9" VPOS="1615" HPOS="701"/>
							<String ID="string_651" HPOS="710" VPOS="1616" WIDTH="23" HEIGHT="14" WC="0.96" CONTENT="Bo"/><SP WIDTH="8" VPOS="1616" HPOS="733"/>
							<String ID="string_652" HPOS="741" VPOS="1615" WIDTH="50" HEIGHT="15" WC="0.96" CONTENT="Gösta"/><SP WIDTH="7" VPOS="1615" HPOS="791"/>
							<String ID="string_653" HPOS="798" VPOS="1615" WIDTH="25" HEIGHT="15" WC="0.96" CONTENT="JK"/><SP WIDTH="8" VPOS="1615" HPOS="823"/>
							<String ID="string_654" HPOS="831" VPOS="1615" WIDTH="17" HEIGHT="15" WC="0.96" CONTENT="fd"/><SP WIDTH="8" VPOS="1615" HPOS="848"/>
							<String ID="string_655" HPOS="856" VPOS="1615" WIDTH="76" HEIGHT="18" WC="0.96" CONTENT="Statsråd,"/><SP WIDTH="11" VPOS="1615" HPOS="932"/>
							<String ID="string_656" HPOS="943" VPOS="1616" WIDTH="21" HEIGHT="17" WC="0.86" CONTENT="11,"/><SP WIDTH="9" VPOS="1616" HPOS="964"/>
							<String ID="string_657" HPOS="973" VPOS="1616" WIDTH="37" HEIGHT="18" WC="0.91" CONTENT="(AK"/><SP WIDTH="9" VPOS="1616" HPOS="1010"/>
							<String ID="string_658" HPOS="1019" VPOS="1615" WIDTH="60" HEIGHT="15" WC="0.61" CONTENT="58—69"/><SP WIDTH="9" VPOS="1615" HPOS="1079"/>
							<String ID="string_659" HPOS="1088" VPOS="1616" WIDTH="27" HEIGHT="14" WC="0.96" CONTENT="FK"/><SP WIDTH="8" VPOS="1616" HPOS="1115"/>
							<String ID="string_660" HPOS="1123" VPOS="1615" WIDTH="26" HEIGHT="19" WC="0.96" CONTENT="70)"/><SP WIDTH="8" VPOS="1615" HPOS="1149"/>
							<String ID="string_661" HPOS="1157" VPOS="1616" WIDTH="16" HEIGHT="14" WC="0.96" CONTENT="71"/>
						</TextLine>
						<TextLine ID="line_115" HPOS="652" VPOS="1637" WIDTH="130" HEIGHT="19">
							<String ID="string_662" HPOS="652" VPOS="1637" WIDTH="107" HEIGHT="19" WC="0.93" CONTENT="(Stockholm)"/><SP WIDTH="8" VPOS="1637" HPOS="759"/>
							<String ID="string_663" HPOS="767" VPOS="1642" WIDTH="15" HEIGHT="10" WC="0.92" CONTENT="m"/>
						</TextLine>
					</TextBlock>
					<TextBlock ID="block_34" HPOS="632" VPOS="1659" WIDTH="515" HEIGHT="19">
						<TextLine ID="line_116" HPOS="632" VPOS="1659" WIDTH="515" HEIGHT="19">
							<String ID="string_664" HPOS="632" VPOS="1660" WIDTH="85" HEIGHT="15" WC="0.92" CONTENT="Littmarck"/><SP WIDTH="8" VPOS="1660" HPOS="717"/>
							<String ID="string_665" HPOS="725" VPOS="1660" WIDTH="58" HEIGHT="15" WC="0.96" CONTENT="Blenda"/><SP WIDTH="8" VPOS="1660" HPOS="783"/>
							<String ID="string_666" HPOS="791" VPOS="1659" WIDTH="51" HEIGHT="16" WC="0.96" CONTENT="Maria"/><SP WIDTH="8" VPOS="1659" HPOS="842"/>
							<String ID="string_667" HPOS="850" VPOS="1659" WIDTH="101" HEIGHT="19" WC="0.96" CONTENT="Vilhelmina,"/><SP WIDTH="10" VPOS="1659" HPOS="951"/>
							<String ID="string_668" HPOS="961" VPOS="1660" WIDTH="22" HEIGHT="18" WC="0.96" CONTENT="16,"/><SP WIDTH="8" VPOS="1660" HPOS="983"/>
							<String ID="string_669" HPOS="991" VPOS="1660" WIDTH="19" HEIGHT="15" WC="0.96" CONTENT="76"/><SP WIDTH="7" VPOS="1660" HPOS="1010"/>
							<String ID="string_670" HPOS="1017" VPOS="1660" WIDTH="108" HEIGHT="18" WC="0.93" CONTENT="(Stockholm)"/><SP WIDTH="7" VPOS="1660" HPOS="1125"/>
							<String ID="string_671" HPOS="1132" VPOS="1664" WIDTH="15" HEIGHT="11" WC="0.93" CONTENT="m"/>
						</TextLine>
					</TextBlock>
					<TextBlock ID="block_35" HPOS="633" VPOS="1682" WIDTH="541" HEIGHT="41">
						<TextLine ID="line_117" HPOS="633" VPOS="1682" WIDTH="541" HEIGHT="19">
							<String ID="string_672" HPOS="633" VPOS="1682" WIDTH="82" HEIGHT="15" WC="0.91" CONTENT="Hernelius"/><SP WIDTH="5" VPOS="1682" HPOS="715"/>
							<String ID="string_673" HPOS="720" VPOS="1682" WIDTH="42" HEIGHT="15" WC="0.95" CONTENT="John"/><SP WIDTH="7" VPOS="1682" HPOS="762"/>
							<String ID="string_674" HPOS="769" VPOS="1682" WIDTH="46" HEIGHT="15" WC="0.96" CONTENT="Allan"/><SP WIDTH="6" VPOS="1682" HPOS="815"/>
							<String ID="string_675" HPOS="821" VPOS="1682" WIDTH="25" HEIGHT="15" WC="0.92" CONTENT="JK"/><SP WIDTH="7" VPOS="1682" HPOS="846"/>
							<String ID="string_676" HPOS="853" VPOS="1682" WIDTH="152" HEIGHT="19" WC="0.91" CONTENT="Bankofullmäktig,"/><SP WIDTH="9" VPOS="1682" HPOS="1005"/>
							<String ID="string_677" HPOS="1014" VPOS="1682" WIDTH="22" HEIGHT="18" WC="0.96" CONTENT="11,"/><SP WIDTH="7" VPOS="1682" HPOS="1036"/>
							<String ID="string_678" HPOS="1043" VPOS="1682" WIDTH="35" HEIGHT="19" WC="0.92" CONTENT="(FK"/><SP WIDTH="6" VPOS="1682" HPOS="1078"/>
							<String ID="string_679" HPOS="1084" VPOS="1682" WIDTH="67" HEIGHT="19" WC="0.91" CONTENT="62—70)"/><SP WIDTH="6" VPOS="1682" HPOS="1151"/>
							<String ID="string_680" HPOS="1157" VPOS="1683" WIDTH="17" HEIGHT="14" WC="0.96" CONTENT="71"/>
						</TextLine>
						<TextLine ID="line_118" HPOS="652" VPOS="1704" WIDTH="231" HEIGHT="19">
							<String ID="string_681" HPOS="652" VPOS="1704" WIDTH="108" HEIGHT="19" WC="0.93" CONTENT="(Stockholm)"/><SP WIDTH="8" VPOS="1704" HPOS="760"/>
							<String ID="string_682" HPOS="768" VPOS="1705" WIDTH="45" HEIGHT="15" WC="0.93" CONTENT="UU:s"/><SP WIDTH="7" VPOS="1705" HPOS="813"/>
							<String ID="string_683" HPOS="820" VPOS="1704" WIDTH="41" HEIGHT="16" WC="0.93" CONTENT="ordf."/><SP WIDTH="7" VPOS="1704" HPOS="861"/>
							<String ID="string_684" HPOS="868" VPOS="1709" WIDTH="15" HEIGHT="10" WC="0.93" CONTENT="m"/>
						</TextLine>
					</TextBlock>
					<TextBlock ID="block_36" HPOS="633" VPOS="1727" WIDTH="541" HEIGHT="41">
						<TextLine ID="line_119" HPOS="633" VPOS="1727" WIDTH="541" HEIGHT="19">
							<String ID="string_685" HPOS="633" VPOS="1727" WIDTH="78" HEIGHT="15" WC="0.96" CONTENT="Lindkvist"/><SP WIDTH="7" VPOS="1727" HPOS="711"/>
							<String ID="string_686" HPOS="718" VPOS="1727" WIDTH="53" HEIGHT="15" WC="0.96" CONTENT="Oskar"/><SP WIDTH="6" VPOS="1727" HPOS="771"/>
							<String ID="string_687" HPOS="777" VPOS="1727" WIDTH="69" HEIGHT="15" WC="0.93" CONTENT="William"/><SP WIDTH="7" VPOS="1727" HPOS="846"/>
							<String ID="string_688" HPOS="853" VPOS="1727" WIDTH="80" HEIGHT="19" WC="0.89" CONTENT="Org.chef,"/><SP WIDTH="8" VPOS="1727" HPOS="933"/>
							<String ID="string_689" HPOS="941" VPOS="1727" WIDTH="24" HEIGHT="18" WC="0.96" CONTENT="21,"/><SP WIDTH="7" VPOS="1727" HPOS="965"/>
							<String ID="string_690" HPOS="972" VPOS="1727" WIDTH="37" HEIGHT="19" WC="0.93" CONTENT="(AK"/><SP WIDTH="7" VPOS="1727" HPOS="1009"/>
							<String ID="string_691" HPOS="1016" VPOS="1727" WIDTH="61" HEIGHT="15" WC="0.78" CONTENT="61—64"/><SP WIDTH="6" VPOS="1727" HPOS="1077"/>
							<String ID="string_692" HPOS="1083" VPOS="1727" WIDTH="67" HEIGHT="19" WC="0.91" CONTENT="66—70)"/><SP WIDTH="7" VPOS="1727" HPOS="1150"/>
							<String ID="string_693" HPOS="1157" VPOS="1727" WIDTH="17" HEIGHT="15" WC="0.96" CONTENT="71"/>
						</TextLine>
						<TextLine ID="line_120" HPOS="652" VPOS="1749" WIDTH="121" HEIGHT="19">
							<String ID="string_694" HPOS="652" VPOS="1749" WIDTH="108" HEIGHT="19" WC="0.92" CONTENT="(Stockholm)"/><SP WIDTH="7" VPOS="1749" HPOS="760"/>
							<String ID="string_695" HPOS="767" VPOS="1754" WIDTH="6" HEIGHT="11" WC="0.92" CONTENT="s"/>
						</TextLine>
					</TextBlock>
					<TextBlock ID="block_37" HPOS="633" VPOS="1772" WIDTH="540" HEIGHT="41">
						<TextLine ID="line_121" HPOS="633" VPOS="1772" WIDTH="540" HEIGHT="18">
							<String ID="string_696" HPOS="633" VPOS="1772" WIDTH="104" HEIGHT="15" WC="0.96" CONTENT="Hermansson"/><SP WIDTH="8" VPOS="1772" HPOS="737"/>
							<String ID="string_697" HPOS="745" VPOS="1772" WIDTH="106" HEIGHT="15" WC="0.96" CONTENT="Carl-Henrik"/><SP WIDTH="8" VPOS="1772" HPOS="851"/>
							<String ID="string_698" HPOS="859" VPOS="1772" WIDTH="28" HEIGHT="15" WC="0.96" CONTENT="PM"/><SP WIDTH="8" VPOS="1772" HPOS="887"/>
							<String ID="string_699" HPOS="895" VPOS="1772" WIDTH="17" HEIGHT="15" WC="0.93" CONTENT="fd"/><SP WIDTH="7" VPOS="1772" HPOS="912"/>
							<String ID="string_700" HPOS="919" VPOS="1772" WIDTH="81" HEIGHT="17" WC="0.92" CONTENT="Chefred.,"/><SP WIDTH="9" VPOS="1772" HPOS="1000"/>
							<String ID="string_701" HPOS="1009" VPOS="1772" WIDTH="22" HEIGHT="17" WC="0.96" CONTENT="17,"/><SP WIDTH="8" VPOS="1772" HPOS="1031"/>
							<String ID="string_702" HPOS="1039" VPOS="1772" WIDTH="37" HEIGHT="18" WC="0.93" CONTENT="(AK"/><SP WIDTH="7" VPOS="1772" HPOS="1076"/>
							<String ID="string_703" HPOS="1083" VPOS="1772" WIDTH="67" HEIGHT="18" WC="0.91" CONTENT="63—70)"/><SP WIDTH="7" VPOS="1772" HPOS="1150"/>
							<String ID="string_704" HPOS="1157" VPOS="1772" WIDTH="16" HEIGHT="15" WC="0.96" CONTENT="71"/>
						</TextLine>
						<TextLine ID="line_122" HPOS="652" VPOS="1794" WIDTH="146" HEIGHT="19">
							<String ID="string_705" HPOS="652" VPOS="1794" WIDTH="108" HEIGHT="18" WC="0.96" CONTENT="(Stockholm)"/><SP WIDTH="7" VPOS="1794" HPOS="760"/>
							<String ID="string_706" HPOS="767" VPOS="1794" WIDTH="31" HEIGHT="19" WC="0.96" CONTENT="vpk"/>
						</TextLine>
					</TextBlock>
				</ComposedBlock>
				<ComposedBlock ID="cblock_23" HPOS="712" VPOS="1481" WIDTH="307" HEIGHT="17">
					<TextBlock ID="block_38" HPOS="712" VPOS="1481" WIDTH="307" HEIGHT="17">
						<TextLine ID="line_123" HPOS="712" VPOS="1481" WIDTH="307" HEIGHT="17">
							<String ID="string_707" HPOS="712" VPOS="1481" WIDTH="115" HEIGHT="17" WC="0.96" CONTENT="Stockholms"/><SP WIDTH="8" VPOS="1481" HPOS="827"/>
							<String ID="string_708" HPOS="835" VPOS="1481" WIDTH="98" HEIGHT="17" WC="0.96" CONTENT="kommuns"/><SP WIDTH="9" VPOS="1481" HPOS="933"/>
							<String ID="string_709" HPOS="942" VPOS="1481" WIDTH="77" HEIGHT="17" WC="0.96" CONTENT="valkrets"/>
						</TextLine>
					</TextBlock>
				</ComposedBlock>
				<ComposedBlock ID="cblock_24" HPOS="1246" VPOS="565" WIDTH="4" HEIGHT="669">
					<TextBlock ID="block_39" HPOS="1246" VPOS="565" WIDTH="4" HEIGHT="669">
						<TextLine ID="line_124" HPOS="1246" VPOS="565" WIDTH="4" HEIGHT="669">
							<String ID="string_710" HPOS="1246" VPOS="565" WIDTH="4" HEIGHT="669" WC="0.95" CONTENT=" "/>
						</TextLine>
					</TextBlock>
				</ComposedBlock>
				<ComposedBlock ID="cblock_25" HPOS="1243" VPOS="1288" WIDTH="9" HEIGHT="37">
					<TextBlock ID="block_40" HPOS="1243" VPOS="1288" WIDTH="9" HEIGHT="37">
						<TextLine ID="line_125" HPOS="1243" VPOS="1288" WIDTH="9" HEIGHT="37">
							<String ID="string_711" HPOS="1243" VPOS="1288" WIDTH="9" HEIGHT="37" WC="0.95" CONTENT=" "/>
						</TextLine>
					</TextBlock>
				</ComposedBlock>
				<ComposedBlock ID="cblock_26" HPOS="1243" VPOS="1428" WIDTH="9" HEIGHT="26">
					<TextBlock ID="block_41" HPOS="1243" VPOS="1428" WIDTH="9" HEIGHT="26">
						<TextLine ID="line_126" HPOS="1243" VPOS="1428" WIDTH="9" HEIGHT="26">
							<String ID="string_712" HPOS="1243" VPOS="1428" WIDTH="9" HEIGHT="26" WC="0.95" CONTENT=" "/>
						</TextLine>
					</TextBlock>
				</ComposedBlock>
			</PrintSpace>
		</Page>
	</Layout>
</alto>
