1244 1902
34 59 80 18 30-30b
543 59 109 23 Riksdagen

34 148 26 24 30
103 143 141 39 Riksdagen
698 146 139 19 Partiställningen
845 146 4 15 i
856 146 85 19 riksdagen

116 189 55 19 Riksg.
181 189 12 15 1.
201 189 21 14 Pa
232 189 29 15 100
270 189 18 14 12
295 189 99 15 Stockholm.
401 189 33 14 Tel.
441 189 62 15 08-786
509 189 22 14 40
537 189 21 14 00
987 184 44 13 Antal
1039 184 82 23 ledamöter

87 220 3 2 R
946 205 36 13 Män
986 195 24 31 =
1022 205 68 13 Kvinnor
1109 205 48 13 Totalt

34 220 150 19 Regeringsformen
202 220 30 15 den
250 220 20 15 28
288 220 38 15 febr.
347 220 40 15 1974
404 220 25 18 (nr
449 220 34 17 152;
501 220 78 19 omtryckt
590 216 21 28 =
616 226 164 14 Socialdemokraterna
945 215 29 28 85
1032 225 19 14 53
1112 225 27 14 138

36 242 45 15 1991:
92 243 45 17 1503;
151 243 58 14 ändrad
222 245 52 12 senast
290 242 44 15 1991:
345 242 52 18 1503).
410 242 169 19 Riksdagsordningen
616 247 78 13 Moderata
700 246 125 18 samlingspartiet
944 238 31 26 60
1032 246 20 14 20
1120 246 20 14 80

33 265 31 14 den
73 265 20 15 28
103 265 38 14 febr.
153 265 40 14 1974
202 265 25 17 (nr
238 265 34 17 153;
281 265 79 18 omtryckt
371 265 45 14 1992:
423 265 27 17 43;
459 265 59 14 ändrad
527 267 52 12 senast
616 267 89 18 Folkpartiet
712 267 87 14 liberalerna
955 267 17 14 21
1035 267 16 14 12
1120 267 19 14 33

37 287 44 15 1993:
92 287 52 17 1596).
160 287 56 19 Vallag
231 287 30 15 den
277 287 9 15 8
301 287 34 14 dec.
354 287 40 15 1972
409 288 25 16 (nr
448 287 37 16 620;
501 287 78 18 omtryckt
616 288 64 14 Centern
957 288 18 13 19
1034 288 17 13 12
1120 288 17 13 31

36 309 45 15 1987:
92 309 45 17 1334;
145 309 58 15 ändrad
211 312 52 12 senast
273 309 45 15 1991:
328 309 53 18 1654).
616 309 151 13 Kristdemokratiska
774 309 126 17 Samhällspartiet
957 309 18 13 19
1042 309 9 13 7
1120 308 20 14 26

616 329 23 18 Ny
646 329 82 14 demokrati
955 329 17 13 21
1042 329 9 13 Z
1120 329 19 14 23

34 354 91 18 Riksdagen
133 355 16 13 är
156 354 26 14 det
189 354 65 14 främsta
261 354 122 19 representativa
391 356 103 16 statsorganet
502 353 25 15 för
534 358 45 10 sven-
616 350 124 24 Vänsterpartiet
957 350 18 14 10
1042 350 10 13 4
1122 350 18 13 14

34 376 28 14 ska
71 376 55 14 folket.
135 376 91 19 Riksdagen
235 376 51 14 stiftar
295 376 30 19 lag,
334 376 70 14 beslutar
412 380 26 10 om
448 376 40 14 skatt
496 376 23 14 till
529 378 50 12 staten
616 371 38 14 Utan
661 371 129 18 partitillhörighet
966 371 9 13 2
1042 371 9 13 2
1130 371 10 13 4

33 398 31 15 och
71 398 96 15 bestämmer
173 398 29 15 hur
209 401 59 12 statens
275 398 52 15 medel
334 398 40 14 skall
382 398 84 14 användas.
616 397 85 18 Riksdagen
707 398 43 13 totalt
932 392 41 27 237
1023 392 27 27 112
1110 397 28 14 349

56 421 91 18 Riksdagen
154 420 52 15 består
213 425 19 10 av
241 420 31 15 349
280 421 92 16 ledamöter,
380 420 45 15 valda
432 420 50 15 direkt
490 425 19 10 av
517 420 50 15 folket
575 420 3 15 i

33 443 80 14 allmänna
121 443 29 14 val.
158 443 83 14 Ordinarie
249 443 98 19 riksdagsval
354 444 38 17 äger
399 447 34 10 rum
441 445 32 12 vart
480 442 49 19 tredje
536 442 17 15 år
560 442 20 19 på

34 465 48 19 tredje
88 465 81 19 söndagen
175 465 3 14 i
184 465 91 19 september
279 465 62 15 månad.
347 465 86 14 Allmänna
437 465 25 14 val
467 465 23 14 till
495 465 84 19 riksdagen

34 488 40 18 ägde
82 490 52 12 senast
142 492 34 10 rum
183 487 31 15 den
225 487 17 15 15
251 487 89 19 september
350 487 37 15 1991
397 487 31 15 och
436 492 46 10 avser
488 487 43 15 tiden
539 487 40 15 intill

33 510 37 14 dess
76 514 19 10 en
101 510 58 19 nyvald
165 510 64 18 riksdag
234 510 59 14 samlas
298 509 41 15 efter
344 509 98 19 riksdagsval
448 510 30 14 den
487 509 17 15 18
511 512 68 16 septem-

34 532 27 15 ber
71 532 44 15 1994.

56 555 30 14 För
94 555 97 18 riksdagsval
201 556 17 13 är
226 554 39 15 riket
275 554 58 15 indelat
342 554 4 14 i
356 554 20 15 28
386 554 89 15 valkretsar.
484 554 25 14 Av
519 554 19 14 de
548 554 31 15 349

34 576 157 19 riksdagsmandaten
201 577 17 14 är
227 576 32 15 310
268 576 41 15 fasta
318 576 137 17 valkretsmandat,
465 580 35 10 som
510 576 69 14 fördelas

34 599 58 14 mellan
98 599 105 14 valkretsarna
207 598 41 15 efter
252 599 58 14 antalet
315 598 129 19 röstberättigade
450 598 4 15 i
460 598 41 19 varje
506 598 73 15 valkrets.

34 621 44 15 Inom
85 621 42 19 varje
133 621 67 14 valkrets
207 621 70 14 tillfaller
283 621 84 14 mandaten
373 621 20 14 de
400 621 4 14 i
410 621 115 18 riksdagsvalet
530 621 49 14 delta-

33 644 52 18 gande
93 643 77 19 partierna
177 643 120 21 proportionellt
305 643 20 19 på
332 643 75 19 grundval
415 647 20 10 av
443 643 105 14 valresultatet
556 643 23 14 in-

33 670 27 10 om
70 666 93 14 valkretsen.
174 665 60 19 Övriga
244 665 20 15 39
274 665 64 15 mandat
347 666 17 14 är
373 665 161 19 utjämningsmandat
544 669 35 10 som

34 688 69 14 fördelas
113 688 17 14 så
139 690 21 12 att
170 688 42 18 varje
221 688 48 18 partis
279 688 119 18 sammanlagda
408 688 41 14 antal
459 687 58 19 platser
526 687 4 15 i
540 687 39 15 riks-

33 710 51 18 dagen
91 710 17 14 så
114 711 37 13 nära
157 714 34 10 som
197 710 63 18 möjligt
266 714 52 10 svarar
323 712 33 12 mot
362 710 58 14 antalet
425 710 69 18 avgivna
500 711 50 13 röster
555 709 25 15 för

33 732 55 19 partiet
96 732 4 14 i
108 732 35 15 hela
151 732 56 14 landet.

56 755 5 14 I
70 754 110 19 fördelningen
188 759 19 10 av
216 754 136 19 riksdagsmandat
360 754 50 14 deltar
417 754 55 14 endast
480 754 57 19 partier
544 758 35 10 som

34 777 27 14 har
69 777 29 14 fått
107 777 47 14 minst
163 776 35 19 fyra
207 779 64 16 procent
280 781 19 10 av
309 776 73 19 samtliga
392 776 3 14 i
405 776 36 15 hela
450 776 52 15 landet
511 776 69 18 avgivna

33 799 54 13 röster.
96 798 23 14 Ett
127 798 39 19 parti
173 802 35 10 som
216 798 32 14 inte
255 798 28 14 når
290 802 31 14 upp
328 798 22 14 till
359 798 176 18 fyraprocentsgränsen
543 802 36 10 men

34 824 35 10 som
78 820 27 14 har
112 820 61 14 erhållit
181 820 48 14 minst
238 820 32 14 tolv
279 822 65 17 procent
352 824 18 10 av
379 821 71 13 rösterna
458 820 4 14 i
471 820 32 14 viss
512 819 67 15 valkrets

33 843 50 14 deltar
92 842 42 15 dock
144 842 26 15 vid
181 842 111 19 fördelningen
302 847 19 10 av
331 842 20 15 de
361 842 40 14 fasta
411 842 153 15 valkretsmandaten
575 842 4 14 i

34 869 60 10 samma
102 865 72 14 valkrets.

56 887 68 14 Rösträtt
131 887 27 14 vid
165 887 97 18 riksdagsval
270 887 28 14 har
304 887 57 14 svensk
369 886 108 19 medborgare,
485 891 35 9 som
527 889 52 11 senast

34 909 19 19 på
59 909 77 19 valdagen
142 909 36 18 fyllt
186 908 18 15 18
210 908 17 15 år
233 909 49 14 under
287 908 111 19 förutsättning
404 911 21 12 att
431 909 30 14 han
467 909 17 14 är
489 911 79 16 upptagen
575 908 4 15 i

34 931 85 19 röstlängd.

56 953 30 14 För
94 956 21 12 att
125 954 52 13 kunna
187 956 42 11 utses
239 953 23 14 till
272 953 142 18 riksdagsledamot
424 953 50 18 gäller
482 957 61 10 samma
553 953 26 14 be-

34 975 119 19 hörighetskrav
161 980 35 10 som
203 975 25 15 för
235 976 66 14 rösträtt.

56 998 91 18 Riksdagen
156 998 124 14 sammanträder
289 997 22 15 till
321 997 64 19 lagtima
394 997 82 17 riksmöte,
484 997 41 15 efter
533 997 46 19 nyval

34 1020 19 19 på
62 1020 81 14 femtonde
151 1020 51 18 dagen
210 1019 41 15 efter
259 1020 45 16 valet,
313 1020 30 14 och
351 1019 55 19 övriga
414 1019 16 15 år
438 1019 49 15 första
494 1019 72 19 tisdagen
575 1019 4 15 i

34 1042 66 14 oktober
107 1042 61 14 månad.
176 1042 72 18 Lagtima
255 1042 76 14 riksmöte
339 1042 39 14 skall
385 1042 70 14 avslutas
462 1044 52 12 senast
521 1042 30 14 den
562 1042 17 14 15

32 1064 34 19 juni
74 1064 71 19 följande
152 1064 20 14 år.
181 1064 54 15 Under
242 1064 22 14 tid
271 1064 20 14 då
299 1064 64 19 lagtima
371 1064 76 14 riksmöte
455 1064 31 14 inte
494 1063 48 19 pågår
549 1064 30 14 kan

34 1086 84 19 riksdagen
125 1086 58 15 samlas
190 1086 23 15 till
221 1086 56 15 urtima
284 1086 81 15 riksmöte.

56 1108 148 19 Riksdagsärenden
214 1109 56 14 bereds
280 1108 3 15 i
293 1108 48 19 något
350 1113 19 10 av
379 1108 93 19 riksdagens
481 1108 59 14 utskott
549 1108 30 14 och

34 1132 57 17 avgörs
98 1135 58 14 genom
163 1131 52 14 beslut
222 1131 4 14 i
234 1131 65 19 plenum
306 1131 111 17 (kammaren).

56 1153 102 14 Beträffande
167 1153 152 19 riksdagsledamots
328 1153 86 18 ersättning
424 1153 27 14 har
460 1152 120 15 bestämmelser

34 1178 52 11 senast
97 1175 47 19 givits
155 1175 4 14 i
171 1175 25 19 lag
206 1175 30 14 den
247 1175 21 15 26
279 1175 31 19 maj
323 1175 40 15 1988
374 1175 25 17 (nr
409 1175 37 17 589;
458 1175 58 14 ändrad
527 1177 53 12 senast

37 1197 44 15 1993:
92 1197 47 17 1424)
146 1202 26 9 om
179 1197 85 19 ersättning
271 1202 43 10 m.m.
322 1197 22 15 till
352 1197 92 19 riksdagens
452 1197 90 14 ledamöter.
550 1197 29 14 Ar-

34 1220 40 14 vode
84 1219 44 19 utgår
137 1219 36 15 med
182 1219 60 19 belopp
251 1224 35 10 som
296 1220 69 14 bestäms
374 1224 19 10 av
404 1219 92 19 riksdagens
505 1219 74 15 arvodes-

34 1242 63 14 nämnd.
105 1242 70 14 Arvodet
181 1243 17 13 är
204 1241 4 15 i
213 1242 61 18 januari
284 1242 40 14 1994
331 1242 20 14 25
358 1241 32 15 000
397 1242 66 16 kr/mån.
470 1242 59 14 Utöver
535 1246 44 10 arvo-

33 1264 26 14 det
71 1264 76 14 utbetalas
158 1268 19 10 en
188 1264 162 19 kostnadsersättning
361 1268 35 10 som
408 1264 25 14 för
443 1264 16 14 år
477 1264 46 14 räknat
534 1265 46 17 utgör

34 1286 49 14 20096
90 1290 19 10 av
116 1286 104 19 basbeloppet
226 1286 49 19 enligt
282 1286 45 19 lagen
333 1290 27 10 om
367 1286 58 14 allmän
431 1286 94 19 försäkring.
532 1286 46 15 Såväl

34 1308 64 14 arvodet
104 1313 35 10 som
145 1308 182 19 kostnadsersättningen
333 1309 17 13 är
355 1308 108 19 skattepliktig
470 1308 73 15 inkomst.
550 1308 29 14 Le-

34 1330 72 15 damöter
112 1335 35 10 som
154 1331 16 14 är
176 1331 61 14 bosatta
244 1330 62 15 utanför
313 1330 174 15 Stockholmsområdet
493 1330 24 15 får
523 1330 56 15 trakta-

34 1356 52 11 mente
99 1357 35 10 som
147 1354 16 13 är
175 1352 114 19 skattepliktigt
301 1353 49 18 enligt
362 1353 64 14 allmänt
439 1353 72 18 gällande
524 1353 54 18 regler.

33 1375 117 14 Traktamentet
156 1375 76 14 utbetalas
239 1375 49 14 under
296 1375 40 14 1994
342 1375 36 14 med
384 1375 31 14 235
421 1375 67 18 kr/dygn
494 1375 49 14 under
548 1375 31 14 den

34 1397 21 14 tid
62 1397 84 19 riksdagen
152 1398 16 13 är
174 1397 66 16 samlad,
246 1397 29 14 dvs
281 1401 19 10 ca
306 1397 8 14 8
321 1397 101 16 månader/år.
429 1397 150 19 Riksdagsledamot

34 1419 23 15 får
64 1419 20 19 på
91 1419 25 15 det
123 1419 88 15 allmännas
219 1419 88 14 bekostnad
314 1419 50 14 företa
371 1423 46 11 resor.

56 1442 93 14 Utskottens
158 1441 96 15 ordförande
263 1442 30 14 och
303 1441 35 15 vice
347 1441 96 15 ordförande
452 1441 86 17 redovisas,
547 1441 32 15 för-

34 1466 44 12 utom
88 1464 4 14 i
102 1463 117 15 nedanstående
229 1463 100 19 förteckning
339 1465 37 13 över
385 1463 92 19 riksdagens
488 1464 91 16 ledamöter,

34 1487 39 13 även
83 1486 49 14 under
141 1486 55 14 avd.nr
204 1485 24 15 33.
238 1486 127 14 Statskalendern
375 1486 80 14 redovisar
464 1486 115 18 riksdagsleda-

34 1509 71 13 möterna
114 1508 4 14 i
127 1508 31 14 den
166 1508 117 18 ordningsföljd
293 1508 3 14 i
306 1508 53 14 vilken
367 1508 20 14 de
395 1509 17 13 är
420 1510 79 17 upptagna
508 1508 4 14 i
520 1508 31 14 den
560 1512 19 10 av

34 1530 84 19 riksdagen
127 1530 91 19 upprättade
226 1530 126 19 förteckningen.
361 1525 86 20 Årssiffror
455 1530 43 14 inom
507 1533 72 16 parentes

34 1553 85 14 betecknar
124 1552 66 19 tidigare
196 1552 110 19 ledamotskap
311 1557 18 10 av
336 1552 84 19 riksdagen
425 1552 34 18 (FK
465 1558 11 6 =
481 1552 49 15 första
536 1552 43 14 kam-

34 1579 59 12 maren,
101 1575 29 14 AK
138 1580 11 6 =
156 1575 48 14 andra
211 1575 97 16 kammaren,
315 1575 13 14 R
335 1580 11 6 =
354 1574 96 19 riksdagen).

586 1846 22 16 48

698 438 99 15 Procentuell
804 438 91 19 fördelning
901 442 20 11 av
928 438 81 19 kvinnliga
1016 438 88 15 ledamöter

698 466 43 15 inom
748 466 82 19 partierna

995 485 53 26 Antal
1092 489 62 13 Procent

608 506 172 26 Socialdemokraterna
1014 509 19 14 53
1093 509 18 14 38

616 531 78 13 Moderata
700 530 125 18 samlingspartiet
1015 530 19 14 20
1093 530 18 14 25

616 551 89 18 Folkpartiet
712 552 87 13 liberalerna
1017 551 17 13 12
1093 551 19 14 36

616 567 64 27 Centern
1017 571 17 14 i2
1093 571 19 14 39

616 592 151 14 Kristdemokratiska
774 592 126 18 Samhällspartiet
1025 592 8 14 7
1093 592 18 14 27

616 614 23 17 Ny
646 614 82 13 demokrati
1025 613 9 13 2
1103 613 9 14 9

607 630 124 26 Vänsterpartiet
1024 634 10 13 4
1093 634 19 13 29

616 655 38 14 Utan
661 655 128 17 partitillhörighet
1025 654 9 14 2
1093 654 19 14 50

616 681 85 18 Riksdagen
707 681 43 14 totalt
1005 681 27 14 12
1092 681 18 14 32

616 724 39 25 30a
670 720 20 39 —
698 728 128 26 Riksdagen

698 775 67 15 Talman

616 797 90 14 Troedsson
713 797 83 18 Ingegerd,
803 797 26 16 29,
836 797 19 14 91
865 801 15 10 m

698 838 55 15 Förste
760 838 33 15 vice
799 838 61 15 talman

616 861 65 18 Alemyr
688 860 33 19 Stig
728 861 67 16 Roland,
803 860 26 15 24,
836 860 18 15 91
864 865 7 10 s

698 902 55 14 Andre
760 901 33 15 vice
799 902 61 14 talman

616 924 65 15 Eirefelt
687 924 28 15 Jan
723 924 78 17 Christer,
808 924 27 17 42,
842 924 20 15 88
870 924 17 19 fp

698 965 59 19 Tredje
763 965 33 15 vice
803 965 60 15 talman

616 987 71 19 Fiskesjö
694 987 48 15 Bertil
750 988 47 14 Allan
804 987 41 17 Nils,
852 987 26 17 28,
886 987 21 15 86
913 992 9 10 c

616 1031 40 25 30b

616 1081 84 14 Lindkvist
706 1080 54 16 Oskar
766 1081 71 14 William
844 1080 81 19 Org.chef,
933 1081 25 16 21,
966 1081 37 17 (AK
1010 1080 55 15 61—64
1072 1080 62 18 66-70)
1141 1080 18 15 71

639 1103 109 18 (Stockholm)
755 1103 55 15 BoU:s
817 1103 36 14 vice
859 1103 41 14 ordf.
908 1107 7 10 s

616 1125 67 15 Werner
690 1125 40 15 Lars
736 1125 52 19 Helge
794 1125 117 17 Ombudsman,
918 1125 26 17 35,
950 1125 34 17 (FK
991 1125 63 17 65-70)
1061 1125 18 14 71
1088 1125 74 18 (Tyresö)

698 1037 117 18 Stockholms
823 1039 97 16 kommuns
929 1039 76 16 valkrets

639 1152 10 9 v

616 1170 92 14 Andersson
716 1169 38 15 Sten
762 1169 44 15 Sture
814 1169 18 15 fd
840 1169 75 17 Statsråd,
923 1169 26 17 23,
957 1169 34 18 (FK
999 1169 63 18 66-70)
1070 1169 18 15 71
1099 1169 63 18 (Stock-

639 1192 52 17 holm)
698 1196 7 10 s

616 1214 98 15 Fridolfsson
722 1214 40 19 Filip
769 1214 71 14 William
848 1214 80 16 Fabrikör,
936 1214 25 17 23,
970 1214 37 17 (AK
1015 1214 56 14 65-70
1078 1214 14 14 R
1100 1213 62 18 72-79)

639 1236 21 15 82
667 1236 109 18 (Stockholm)
783 1241 16 10 m

616 1258 81 19 Lindgren
704 1258 52 19 Sylvia
763 1258 54 15 Astrid
824 1258 117 17 Ombudsman,
947 1258 27 17 45,
981 1258 21 15 92
1009 1258 109 18 (Stockholm)
1125 1263 7 10 s

616 1281 86 15 Hellström
714 1280 43 15 Mats
767 1281 50 14 Johan
828 1281 27 14 FK
866 1280 17 15 fd
895 1280 74 17 Statsråd,
980 1280 27 17 42,
1019 1281 37 17 (AK
1068 1280 62 18 69-70)
1141 1281 18 14 71

639 1303 109 18 (Stockholm)
755 1307 8 10 s

615 1325 70 15 Theorin
700 1325 48 15 Karin
764 1325 34 19 Maj
813 1325 41 15 Britt
868 1325 89 19 Margareta
972 1325 113 17 Ambassadör,
1101 1325 25 17 32,
1141 1325 18 14 71

639 1347 109 18 (Stockholm)
755 1352 8 10 s

615 1370 91 16 Johansson
714 1369 38 15 Sten
759 1369 39 15 Olof
804 1369 55 15 Håkan
867 1369 75 17 Statsråd,
950 1369 25 17 37,
983 1370 17 14 71
1011 1369 108 18 (Stockholm)
1127 1369 35 15 Par-

639 1392 53 14 tiordf.
699 1396 9 10 c

616 1414 82 15 Ersättare
700 1414 29 18 för
734 1413 86 16 statsrådet
825 1414 100 15 Johansson:
932 1414 103 14 Linderholm
1042 1413 87 18 Christina,
1135 1414 27 17 43,

639 1436 18 15 91
667 1436 109 18 (Stockholm)
783 1441 8 10 c

616 1458 41 15 Cars
664 1458 56 15 Hadar
727 1458 39 15 Otto
773 1458 71 19 Hjalmar
851 1458 61 15 Gustav
920 1458 65 15 Gunnar
992 1458 51 15 H:son
1051 1458 30 15 PM
1089 1458 17 15 fd
1113 1458 49 15 Stats-

639 1480 33 17 råd,
679 1480 26 17 33,
712 1480 26 17 85,
746 1480 108 18 (Stockholm)
861 1480 18 19 fp

616 1502 18 15 af
639 1502 58 19 Ugglas
704 1503 62 14 Märtha
773 1502 105 19 Margaretha
886 1503 74 16 Statsråd,
968 1503 26 16 39,
1001 1503 21 14 74
1029 1503 108 17 (Stockholm)
1145 1507 15 10 m

616 1525 82 15 Ersättare
701 1525 29 19 för
737 1524 86 16 statsrådet
830 1525 20 18 af
855 1525 68 18 Ugglas:
932 1525 100 15 Kristersson
1040 1524 27 16 Ulf
1073 1525 89 14 Förbunds-

639 1547 46 17 ordf.,
693 1547 26 17 63,
726 1547 18 15 91
754 1547 109 17 (Stockholm)
870 1552 16 9 m

616 1569 89 15 Fleetwood
716 1569 80 15 Elisabeth
807 1569 48 15 Alma
866 1569 74 15 Fredrika
950 1569 125 15 Swantesdotter
1086 1569 75 19 Adjunkt,

639 1591 26 17 27,
673 1591 20 15 79
701 1591 108 18 (Stockholm)
816 1596 16 10 m

616 1613 42 15 Bildt
665 1614 36 14 Nils
709 1614 57 14 Daniel
774 1613 38 15 Carl
820 1613 119 18 Statsminister,
947 1614 26 16 49,
981 1613 21 15 79
1010 1614 108 17 (Stockholm)
1126 1614 35 14 Par-

639 1636 53 14 tiordf.
700 1640 15 10 m

616 1658 82 15 Ersättare
700 1658 29 19 för
735 1659 112 14 statsminister
852 1658 50 15 Bildt:
909 1658 64 19 Luksep
979 1658 55 15 Peeter
1041 1658 120 19 Projektledare,

639 1680 26 17 55,
672 1680 18 15 91
701 1680 108 18 (Stockholm)
816 1685 16 10 m

616 1702 71 15 Ulander
696 1702 39 15 Lars
743 1702 53 15 Göran
806 1702 116 17 Ombudsman,
932 1702 26 17 34,
967 1703 21 17 (R
997 1702 62 18 79-91)
1068 1702 21 15 92
1098 1703 63 17 (Stock-

639 1725 51 17 holm)
698 1729 7 10 s
