1050 1568
450 40 116 22 Riksdagen.

843 38 129 24 [142—143]

46 165 61 24 [142]

64 203 48 35 V.
163 201 290 48 Riksdagen,
485 201 111 37 dess
628 201 328 38 Ombudsmän

379 256 89 36 och
499 255 140 37 Verk.

199 334 144 27 Riksdagen.

64 376 66 16 Lagtima
143 376 59 16 riksdag
214 376 53 15 skall,
258 365 9 33 i
280 376 40 12 kraft
333 380 19 8 av
365 375 45 13 rikets
423 375 77 16 regerings-

45 394 42 16 form,
99 394 108 13 sammanträda
219 394 41 15 varje
272 393 15 13 år
299 394 27 12 den
340 397 16 9 10
368 393 57 17 januari
431 393 38 16 eller,
476 397 24 9 om

45 412 61 16 helgdag
113 412 19 13 då
139 412 73 15 inträffar,
219 412 46 15 dagen
273 412 68 12 därefter.

63 430 50 13 Första
125 430 87 13 kammarens
223 430 72 12 ledamöter
307 430 25 12 äro
345 433 25 12 150
382 429 26 13 och
421 429 46 16 väljas
478 429 22 13 för

45 448 32 13 åtta
87 448 21 15 år,
117 448 64 13 räknade
191 447 32 13 från
233 448 27 12 och
269 447 34 13 med
312 447 58 16 januari
379 447 60 13 månads
449 447 51 16 början

45 466 31 13 året
86 467 33 12 näst
128 466 37 13 efter
174 466 29 16 det,
214 466 45 12 under
269 465 45 13 vilket
323 465 40 13 valet
372 465 44 16 skett,
423 469 19 9 av
453 465 47 13 lands-

45 484 57 15 tingens
110 483 80 14 ledamöter
199 484 26 12 och
235 483 57 13 särskilt
302 483 61 13 utsedda
373 483 70 13 elektorer
451 483 23 13 för
482 483 18 13 de

45 502 54 15 städer,
108 505 31 9 som
148 501 13 16 ej
171 501 57 16 deltaga
237 501 5 13 i
251 501 78 16 landsting.
348 501 28 13 För
385 501 24 13 val
418 501 22 13 till
449 501 51 13 Första

45 520 83 13 kammaren
137 521 16 11 är
160 519 38 13 riket
206 519 54 13 indelat
268 519 5 13 i
282 523 16 12 19
307 519 85 13 valkretsar.
409 519 91 13 Stockholms

45 538 33 12 stad
86 538 27 12 och
121 538 80 15 Göteborgs
210 537 33 13 stad
251 538 52 15 utgöra
311 541 27 9 var
346 537 22 13 för
376 537 22 16 sig
405 541 17 8 en
431 537 69 13 valkrets.

45 556 52 12 Annan
106 556 37 15 stad,
153 559 32 9 som
194 555 12 16 ej
217 555 63 15 deltager
289 555 5 13 i
303 555 76 15 landsting,
390 555 48 13 tillhör
445 559 55 9 samma

45 573 64 13 valkrets
120 577 31 9 som
163 573 25 13 det
199 573 144 16 landstingsområde,
355 572 32 14 vari
398 573 51 13 staden
460 573 40 13 förut

44 591 53 16 ingått.
119 591 41 13 Flera
173 591 148 16 landstingsområden
334 591 49 13 kunna
396 591 104 13 sammanföras

44 609 5 13 i
63 613 17 9 en
94 609 68 15 valkrets;
175 613 33 9 men
222 609 13 16 ej
249 609 24 13 må
286 609 139 15 landstingsområde
439 609 39 13 delas
492 609 8 13 å

44 627 47 13 skilda
103 627 85 13 valkretsar.
209 627 93 15 Indelningen
314 627 5 12 i
330 627 81 13 valkretsar
422 627 78 12 innehålles

45 645 4 13 i
60 645 70 16 vallagen.
152 645 27 13 För
190 645 41 16 varje
242 645 63 13 valkrets
316 644 46 17 väljes
373 645 36 12 efter
420 645 80 15 folkmäng-

45 663 27 13 den
84 663 39 13 inom
135 663 32 13 dess
178 663 59 13 område
249 667 16 9 en
277 663 100 15 riksdagsman
388 663 23 12 för
422 664 33 11 vart
467 663 33 12 fullt

45 681 25 16 tal,
77 681 103 13 motsvarande
188 682 29 13 '/:so
224 684 18 10 av
249 681 44 12 rikets
299 680 88 16 folkmängd.
398 680 102 13 Valkretsarna

44 699 55 13 indelas
106 699 5 12 i
118 699 32 12 åtta
157 702 67 12 grupper,
231 698 47 13 vilken
286 698 74 16 indelning
367 698 78 13 fastställes
458 698 5 13 i
470 698 30 13 val-

45 716 46 16 lagen.
109 717 43 16 Varje
161 716 15 13 år
185 716 45 13 under
238 716 81 16 september
328 716 53 13 månad
389 716 37 13 skall
434 716 40 13 inom
482 720 17 9 en

44 738 19 9 av
72 734 64 13 nämnda
144 738 62 12 grupper
215 734 69 13 förrättas
293 734 23 13 val
325 734 22 12 för
356 734 97 16 nästföljande
462 734 38 13 åtta-

45 752 77 16 årsperiod.
146 752 28 13 Det
188 752 40 13 antal
242 752 99 15 riksdagsmän
355 752 18 12 de
386 752 71 13 särskilda
470 752 40 18 val-
499 748 14 26 |

44 770 75 13 kretsarna
134 770 40 13 skola
189 771 32 12 utse
236 770 87 13 bestämmes
338 769 45 16 enligt
398 770 102 13 ovannämnda

45 792 41 9 norm
101 792 19 9 av
131 788 81 16 Konungen
222 789 34 11 vart
267 791 30 9 10:e
308 788 16 12 år
336 787 24 17 (K.
372 788 43 15 kung.
426 788 50 13 härom
482 787 18 16 ?/s5

46 806 46 16 1924).
115 806 70 13 Ledamot
198 809 19 9 av
230 806 51 12 Första
294 805 89 16 kammaren,
396 809 32 9 som
440 805 32 13 icke
484 807 17 11 är

45 824 49 12 bosatt
103 823 8 13 å
119 825 28 14 ort,
156 824 26 12 där
190 824 59 15 riksdag
257 823 49 16 hålles,
316 823 65 16 åtnjuter
389 827 19 9 av
416 823 84 13 statsmedel

44 841 94 13 resekostnad
150 841 22 13 till
182 842 27 12 och
220 841 32 13 från
264 841 75 16 riksdagen
351 843 38 11 samt
400 841 5 13 i
416 841 84 16 dagtrakta-

45 861 48 11 mente
106 863 17 12 32
136 859 28 16 kr.,
176 859 45 13 vilket
234 859 127 16 dagtraktamente
373 859 13 16 ej
399 859 22 13 får
428 859 73 16 överstiga

45 877 96 16 sammanlagt
152 880 42 13 4,500
205 877 22 13 kr.
248 878 51 12 Annan
311 877 64 13 ledamot
386 881 19 9 av
417 877 83 13 kammaren

45 895 53 13 undfår
104 895 5 13 i
116 895 127 16 dagtraktamente
251 899 17 12 24
276 895 27 16 kr.,
310 895 37 13 dock
354 895 97 16 sammanlagt
458 895 43 16 högst

45 917 41 12 3,400
95 913 22 13 kr.

45 931 36 13 tima
91 931 58 16 riksdag
158 931 37 13 efter
205 931 63 16 beviljad
279 931 62 15 ledighet
351 931 60 13 besöker
421 931 79 16 hemorten,

45 950 23 12 att
77 953 19 9 av
104 949 85 13 statsmedel
197 949 46 13 undfå
251 949 81 16 ersättning
341 949 22 13 för
371 949 46 13 därav
426 949 75 13 föranledd

45 967 98 14 resekostnad,
157 966 38 13 dock
208 966 22 13 för
244 967 41 14 högst
299 970 8 9 2
321 970 39 9 resor
372 966 39 13 fram
424 967 27 12 och
465 967 36 12 åter.

45 984 64 12 Valbara
120 985 25 11 äro
157 985 34 11 män
203 984 27 12 och
243 984 62 12 kvinnor
316 987 32 9 som
360 984 33 15 fyllt
406 987 16 12 35
435 984 16 12 år
463 985 38 11 samt

45 1002 27 15 äga
82 1001 27 13 och
119 1001 44 13 minst
174 1005 8 12 3
193 1001 16 13 år
218 1001 31 13 före
259 1001 38 13 valet
308 1002 25 15 ägt
340 1001 74 16 fastighet,
422 1001 79 16 taxerings-

45 1019 71 13 värderad
125 1019 22 13 till
156 1019 87 13 åtminstone
253 1022 49 13 50,000
311 1019 22 13 kr.
342 1019 34 13 eller
384 1019 27 13 ock
420 1019 22 13 till
452 1020 48 12 staten

45 1037 49 13 skatta
106 1038 38 12 samt
156 1037 46 13 under
213 1037 45 16 sagda
270 1037 21 13 tid
303 1037 57 13 skattat
371 1037 23 13 för
406 1037 63 13 inkomst
481 1041 19 9 av

46 1055 45 13 minst
101 1058 41 13 3,000
151 1055 59 13 kronor.

63 1078 50 13 Andra
121 1078 87 13 kammarens
216 1078 72 13 ledamöter
296 1079 26 12 äro
331 1082 30 12 230,
370 1078 44 13 valda
422 1078 22 13 för
452 1082 18 9 en
479 1078 21 13 tid

45 1099 19 9 av
72 1096 33 16 fyra
113 1096 16 13 år,
143 1096 64 13 räknade
215 1096 32 13 från
256 1096 27 13 och
292 1096 33 13 med
334 1096 58 16 januari
399 1096 60 13 månads
468 1096 33 13 bör-

45 1114 25 16 jan
80 1114 31 13 året
121 1115 33 12 näst
165 1114 36 13 efter
211 1114 29 15 det,
251 1114 46 13 under
307 1114 45 12 vilket
363 1114 39 12 valet
412 1114 44 13 skett.
472 1114 28 12 För

45 1131 41 13 dessa
92 1131 25 13 val
122 1132 16 12 är
143 1132 38 12 riket
187 1132 55 12 indelat
248 1132 4 12 i
259 1132 16 12 28
282 1131 86 16 valkretsar,
374 1135 31 9 som
411 1132 39 15 välja
456 1131 44 13 minst

46 1153 7 12 3
58 1149 100 16 riksdagsmän
164 1153 31 10 var.
210 1149 43 16 Varje
259 1149 63 13 valkrets
328 1149 36 13 skall
369 1149 42 13 alltså
417 1149 18 13 ha
441 1153 17 9 en
464 1149 37 13 folk-

45 1167 58 16 mängd,
113 1171 32 9 som
155 1167 5 13 i
170 1167 37 16 regel
217 1168 43 15 utgör
269 1166 30 16 2/23
309 1171 19 9 av
338 1167 45 13 rikets
393 1167 107 13 invånarantal.

46 1185 50 13 Rikets
111 1185 74 16 indelning
200 1185 5 13 i
220 1185 81 13 valkretsar
315 1185 79 13 innehålles
409 1185 5 12 i
429 1185 71 16 vallagen.

45 1202 44 16 Varje
99 1202 23 13 län
132 1204 43 14 utgör
184 1206 18 10 en
212 1203 68 15 valkrets,
290 1204 42 12 utom
343 1201 78 17 Älvsborgs
431 1203 28 15 län,
469 1206 32 10 som

45 1221 16 12 är
74 1220 39 13 delat
126 1220 5 13 i
144 1224 7 9 2
165 1220 61 16 kretsar,
239 1221 72 16 varjämte
323 1220 65 16 följande
400 1221 49 12 städer
461 1221 40 12 bilda

45 1242 26 9 var
80 1238 21 13 sin
110 1238 69 13 valkrets:
189 1239 12 15 1)
211 1238 88 16 Stockholm,
309 1239 13 15 2)
332 1238 58 16 Malmö,
400 1238 100 16 Hälsingborg,

45 1256 95 13 Landskrona
146 1256 26 13 och
179 1256 47 16 Lund,
234 1256 12 16 3)
254 1256 78 16 Göteborg.
348 1257 29 12 Det
383 1256 40 13 antal
429 1256 72 16 riksdags-

45 1275 39 15 män,
93 1274 41 16 varje
143 1274 64 13 valkrets
215 1275 34 15 äger
257 1276 36 14 utse,
303 1274 79 13 fastställes
390 1274 23 13 för
418 1274 40 17 varje
462 1274 39 17 fyra-

45 1292 74 16 årsperiod
129 1296 19 9 av
158 1292 86 16 Konungen.

63 1310 50 13 Andra
124 1310 91 13 kammarens
225 1310 79 13 ledamöter
314 1310 59 16 åtnjuta
383 1313 56 10 samma
449 1311 61 13 ersätt-
501 1306 13 26 |

45 1327 35 16 ning
93 1331 31 9 som
137 1328 52 13 Första
202 1328 96 13 kammarens.
311 1334 19 2 —
342 1327 58 13 Valrätt
414 1327 88 13 tillkommer

44 1349 45 9 envar
101 1345 53 13 svensk
162 1349 34 10 man
205 1346 27 13 och
242 1346 58 16 kvinna,
309 1349 32 9 som
349 1347 49 11 senast
406 1345 46 13 under
462 1347 40 11 näst-

45 1363 86 16 föregående
143 1363 85 14 kalenderår
240 1363 33 17 fyllt
286 1367 17 12 23
316 1363 21 16 år,
349 1363 37 13 dock
399 1363 13 16 ej
424 1364 33 15 den,
470 1367 32 9 som

44 1381 32 13 står
88 1381 46 13 under
146 1381 120 16 förmynderskap
278 1381 33 13 eller
324 1382 16 12 är
352 1381 5 13 i
366 1381 135 16 konkurstillstånd,

45 1399 13 16 ej
71 1399 44 13 heller
126 1399 33 16 den,
169 1403 32 9 som
208 1400 16 12 är
231 1403 19 9 av
257 1399 72 13 allmänna
336 1399 98 16 fattigvården
442 1399 60 13 omhän-
510 1415 1 3 |

45 1417 70 15 dertagen
122 1417 23 12 för
153 1417 67 16 varaktig
228 1417 91 16 försörjning,
327 1417 33 13 eller
368 1417 33 15 den,
410 1421 31 9 som
448 1418 16 11 är
470 1417 32 12 från

45 1434 74 14 valrätten
129 1435 72 13 utesluten
212 1435 19 16 på
241 1435 46 16 grund
298 1438 19 10 av
326 1435 54 13 honom
390 1435 54 13 ådömd
453 1435 49 13 straff-

45 1452 61 17 påföljd,
116 1452 13 17 ej
137 1453 45 13 heller
191 1453 94 16 värnpliktig,
295 1457 31 9 som
335 1453 32 13 icke
376 1453 65 16 fullgjort
449 1453 18 13 de
477 1453 25 13 ho-

70 1495 28 17 10.
123 1496 80 21 Sveriges
216 1496 129 16 Statskalender
359 1496 51 16 1931.

135 913 77 16 Därjämte
221 914 33 15 äger
263 913 104 16 riksdagsman,
377 917 31 9 som
417 913 46 13 under
471 913 29 16 lag-
509 919 1 3 |

509 333 1 8 |
520 338 34 9 nom
569 335 10 12 t.
594 338 13 9 o.
617 338 20 9 m.
651 334 75 16 utgången
736 338 19 9 av
764 334 99 14 sistförflutna
872 333 101 15 kalenderåret

509 342 1 25 |
520 352 75 16 åliggande
609 352 159 16 värnpliktsövningar.
791 352 63 13 Valbara
865 353 26 12 äro
902 353 34 12 män
946 353 27 12 och

519 370 67 15 kvinnor,
593 374 31 9 som
632 371 27 15 äga
666 370 55 13 valrätt
726 370 39 13 inom
771 370 82 13 valkretsen
858 370 38 16 eller,
901 371 27 12 där
932 370 41 16 fråga

519 389 16 11 är
543 392 25 9 om
576 388 37 16 stad,
623 392 31 9 som
664 388 49 13 består
719 392 19 9 av
745 388 36 13 flera
788 388 86 16 valkretsar,
880 388 39 13 inom
925 388 48 16 någon

519 409 19 10 av
545 406 46 13 dessa,

537 423 28 13 Till
572 424 38 13 båda
618 423 77 14 kamrarna
703 424 25 13 ske
735 424 42 13 valen
786 424 33 13 med
827 423 110 17 proportionellt
942 423 31 14 val-

519 442 35 13 sätt.

537 459 77 14 Allmänna
622 459 25 14 val
656 460 22 13 till
686 460 49 13 Andra
744 460 84 13 kammaren
837 460 53 13 skedde
899 461 49 12 senast
957 460 16 13 år

520 478 40 15 1928,
569 478 39 13 vilka
616 478 25 13 val
648 478 38 16 gälla
694 478 22 13 för
725 478 67 16 perioden
802 482 96 12 1929—1932.

509 548 1 19 I

638 537 75 17 Första
727 537 121 18 kammaren.

658 573 115 18 Stockholms
784 574 47 17 stad.

600 602 125 22 (Mandattiden
738 604 49 22 utgår
799 604 19 17 år
832 603 57 23 1937.)

519 633 84 19 Klefbeck,
619 634 51 16 Ernst
683 634 65 20 Alarik,
762 635 77 20 Kyrkoh.
853 633 52 22 [713],
919 635 10 16 f.
944 635 28 18 66;

543 658 22 15 29
578 656 42 21 (adr.
633 657 112 21 Stockholm).

518 681 82 21 Trygger,
614 682 56 19 Ernst,
683 683 121 16 Univ.kansler
817 680 52 23 [716],
883 683 11 15 f.
908 682 28 20 57;
951 683 21 16 29

542 704 42 21 (adr.
598 704 111 21 Stockholm).

518 728 83 20 Stendahl,
620 730 45 19 Sten,
686 730 112 16 Grosshandl.
814 728 53 22 [968],
883 731 11 15 f.
909 729 27 21 76;
951 731 22 15 29

509 771 1 3 |
542 752 42 21 (adr.
597 752 112 21 Stockholm).

519 777 72 20 Lindley,
609 778 71 15 Charles
694 778 64 19 Gustaf,
773 778 27 16 Sv.
814 779 159 20 transportarbetar-

543 802 99 15 förbundets
661 802 143 19 förtroendeman,
824 802 11 16 f.
853 802 27 19 65;
894 803 22 15 29
930 800 42 22 (adr.

543 822 120 24 Äppelviken).

519 848 77 19 Forssell,
609 850 40 15 Carl
662 850 93 19 Abraham,
765 850 88 16 Professor
861 848 52 22 [723],
923 851 11 15 f.
944 850 28 19 81;

544 873 21 16 29
578 871 43 21 (adr.
634 871 112 22 Stockholm).

509 909 1 5 |
519 896 80 21 Hagman,
618 897 46 16 Emil
683 897 62 19 Oskar,
764 898 105 16 Kanslichef
886 896 28 22 [96
921 896 23 22 bl,
961 899 11 15 f.

544 921 27 18 80;
585 921 22 15 29
620 919 42 21 (adr.
676 919 99 22 Ulvsunda).

519 949 31 11 von
563 944 65 20 Sydow,
647 945 55 16 Adolf
718 945 83 21 Hjalmar,
815 946 42 16 Led.
871 951 20 11 av
904 946 69 16 Arbets-

543 967 48 17 rådet
603 967 40 21 [89],
656 969 11 15 f.
682 969 27 18 62;
724 969 21 15 29
758 967 42 21 (adr.
814 968 111 20 Stockholm).

519 990 75 21 Löfgren,
610 992 53 20 Jonas
682 992 50 19 Eliel,
752 992 80 16 Advokat
851 990 52 22 [194],
919 993 12 15 f.
945 991 27 20 72;

544 1015 21 16 29
578 1013 42 22 (adr.
634 1014 111 21 Stockholm).

519 1038 59 19 Ström,
591 1039 40 16 Otto
639 1040 83 22 Fredrik,
732 1040 121 16 Skriftställare
863 1038 51 22 [501],
925 1041 10 15 f.
945 1040 28 19 80;

544 1063 21 15 29
578 1061 43 21 (adr.
634 1060 122 24 Äppelviken).

519 1085 81 20 Carlsson,
613 1087 45 19 Olof,
672 1087 43 16 Led.
729 1093 20 10 av
759 1086 164 22 Försäkringsrådet
932 1085 41 22 [91],

542 1111 12 15 f.
568 1109 27 20 72;
610 1110 22 16 30
644 1108 42 22 (adr.
701 1109 111 21 Stockholm).

520 1134 26 15 En
559 1134 68 16 vakant.

520 1190 129 24 [143—144]

566 1222 115 17 Stockholms
693 1222 33 17 län
738 1222 32 18 och
786 1223 84 21 Uppsala
883 1223 38 18 län.

599 1250 125 22 (Mandattiden
737 1252 49 22 utgår
798 1252 19 17 år
832 1252 57 22 1938.)

519 1281 62 19 Möller,
594 1282 45 16 Fritz
653 1283 69 18 Gustav,
732 1281 67 21 (förutv.
809 1282 87 21 Statsråd),
907 1284 67 16 Redak-

544 1308 30 17 tör,
587 1307 11 15 f.
613 1306 27 19 84;
655 1306 22 16 30
689 1305 43 21 (adr.
745 1305 112 21 Stockholm).

509 1327 2 16 |
520 1327 57 21 Borell,
596 1330 42 15 Karl
658 1330 62 16 Gustaf
737 1331 86 19 Theodor,
837 1331 69 16 Hhövd.
920 1329 53 23 [216],

544 1354 11 15 f.
570 1354 27 19 69;
611 1354 22 15 30
646 1352 42 21 (adr.
702 1353 176 23 Saltsjö-Storängen).

520 1377 37 18 Leo,
570 1378 84 20 Henning
667 1378 81 20 Vilhelm,
762 1379 117 19 Sekreterare,
893 1378 12 17 f.
914 1379 28 19 85;
953 1379 21 16 30

544 1400 43 20 (adr.
600 1400 87 22 Lidingö).

511 1436 1 9 |
520 1424 99 21 Wahlmark,
639 1425 39 16 Carl
692 1425 70 20 Primus,
776 1426 24 16 fd.
814 1426 92 21 Typograf,
920 1426 11 16 f.
945 1426 30 19 83;

546 1449 22 16 30
580 1447 42 22 (adr.
636 1448 87 22 Uppsala).

491 1496 34 16 145
