1058 1572
95 54 128 26 [188—192]

498 58 115 23 Riksdagen.

94 106 87 21 Västberg,
191 107 55 21 Johan
261 108 77 19 Mauritz,
352 108 91 20 Redaktör,
456 109 11 15 f.
481 108 27 19 86;
523 108 21 16 24

117 129 42 22 (adr:
172 129 102 22 Sundsvall).

93 154 98 19 Strindlund,
205 155 82 19 Gerhard,
301 156 150 20 Hemmansägare,
463 157 11 15 f.
485 156 27 19 90;
522 156 22 16 24

117 177 41 21 (adr.
172 179 79 19 Skedom,
265 177 91 22 Sollefteå).

93 201 95 20 Johansson,
208 203 39 16 Carl
260 203 58 19 Oscar,
335 204 107 19 Kamrerare,
456 204 11 15 f.
481 202 27 21 75;
522 204 22 16 24

118 225 41 21 (adr.
173 225 91 21 Sollefteå).

94 250 99 21 Bergström,
212 251 63 19 Petrus,
292 251 150 21 Hemmansägare,
456 252 11 15 f.
480 251 28 20 81;
522 252 22 15 24

116 273 43 21 (adr.
172 275 93 19 Bäckland,
279 273 108 23 Nordingrå).

94 297 110 22 Lagerkwist,
223 299 53 15 Frans
295 299 62 21 Sigurd
370 299 75 19 Helmer,
457 300 87 20 Järnvägs-

118 328 43 14 man,
175 323 11 15 f.
200 321 27 21 87;
242 323 22 15 24
276 320 42 22 (adr.
331 317 61 27 Ånge).

93 345 60 20 Rudén,
172 347 31 15 Per
222 347 88 19 Emanuel,
327 347 151 21 Hemmansägare,
491 348 11 15 f.
517 346 26 20 74;

118 371 22 15 24
152 368 42 21 (adr.
208 370 74 21 Fjällsjö,
297 369 67 21 Backe).

94 393 87 19 Molander,
200 395 75 18 Helmer,
295 395 87 19 Arbetare,
401 395 10 15 f.
426 395 27 19 92;
468 395 21 15 24
502 393 41 21 (adr.

118 417 58 20 Säbrå,
189 416 114 22 Härnösand).

93 441 54 19 Frost,
160 442 67 16 Henrik
240 442 79 19 Vilhelm,
333 442 149 21 Hemmansägare,
495 443 11 15 f.
516 443 27 19 92;

118 465 22 16 25
153 463 41 22 (adr.
208 466 72 18 Bodum,
294 464 77 21 Rossön).

94 514 60 25 [189]
234 518 112 22 Jämtlands
358 518 37 18 län.

93 553 77 20 Hedlund,
183 555 65 15 Verner
257 555 79 19 Vilhelm,
347 554 198 22 Fattigvårdskonsulent

117 576 51 23 [531],
182 579 11 15 f.
207 579 27 18 83;
249 579 21 15 24
283 577 42 21 (adr.
339 576 105 23 Östersund).

93 601 77 20 Hedlund,
182 603 62 15 Paulus
260 603 73 18 Samuel,
347 603 107 16 Sekreterare
467 601 51 22 [790],
532 604 11 15 f.

118 625 27 20 78;
159 627 22 15 24
194 624 41 22 (adr.
249 627 59 19 Häste,
322 624 105 22 Östersund).

93 649 79 19 Olofsson,
189 651 60 20 Johan,
263 651 145 20 Hemmansägare
421 649 52 22 [976],
490 651 12 16 f.
516 651 27 19 60;

117 674 22 16 24
152 672 41 21 (adr.
207 674 90 21 Digernäs,
312 673 93 21 Genvalla).

93 697 64 19 Olsson,
175 698 44 19 Nils,
237 698 150 21 Hemmansägare,
401 699 11 15 f.
426 697 27 21 73;
468 699 21 15 24
502 697 41 21 (adr.

117 722 138 21 Rödningsberg,
269 720 129 23 Trångsviken).

93 745 74 19 Persson,
186 746 36 19 Per,
238 746 150 21 Hemmansägare,
401 747 11 15 f.
426 747 27 18 69;
468 747 21 15 24
502 744 42 22 (adr.

117 768 85 22 Trången,
215 768 66 23 Aspås).

232 822 132 17 Västerbottens
376 822 37 17 län.

94 820 60 24 [190]

93 858 101 19 Bäckström,
213 859 76 19 Werner,
306 859 148 21 Fastighetsägare
467 857 51 23 [976],
532 860 11 15 f.

118 883 27 18 66;
160 883 21 15 24
194 881 42 21 (adr.
249 883 42 20 Teg,
306 881 63 22 Umeå).

93 906 110 19 Brännström,
214 907 51 20 Jonas
279 907 71 21 Ludvig,
364 907 122 19 Lantbrukare,
496 907 11 16 f.
516 906 27 20 76;

118 930 21 16 24
152 928 42 22 (adr.
208 929 102 21 Skellefteå).

93 953 93 20 Wikström,
204 955 63 19 Anton,
287 955 91 19 Redaktör,
397 955 11 15 f.
426 953 26 21 76;
467 955 21 15 24
502 953 41 21 (adr.

117 976 103 22 Skellefteå).

93 1001 85 21 Lindberg,
197 1002 41 16 Elof
255 1003 81 18 Herman,
350 1003 91 19 Redaktör,
455 1003 11 15 f.
480 1003 27 18 91;
521 1003 22 15 24

116 1024 42 21 (adr.
172 1024 63 22 Umeå).

93 1049 78 19 Wiklund,
188 1050 58 19 Adolf,
260 1050 117 16 Lantbrukare
389 1048 52 22 [976],
455 1051 11 15 f.
480 1050 27 19 59;
521 1051 22 15 24

116 1071 42 22 (adr.
172 1074 86 19 Brattfors,
272 1071 73 23 Öreälv).

92 1096 88 22 Sandberg,
193 1098 45 15 Olov
250 1098 56 19 Evert,
320 1098 122 19 Lantbrukare,
455 1098 11 16 f.
480 1098 27 19 86;
521 1098 22 16 24

116 1119 42 22 (adr.
172 1121 46 19 Böle,
234 1120 64 20 Umeå).

93 1144 91 19 Lindmark,
206 1145 59 16 Ewald
284 1146 65 20 Eugén,
368 1146 150 20 Hemmansägare,
531 1146 11 15 f.

117 1169 27 19 85;
159 1169 22 16 24
193 1167 42 22 (adr.
251 1169 122 21 Drängsmark,
392 1168 151 22 Drängsmarkby).

235 1222 122 17 Norrbottens
369 1222 38 17 län.

94 1219 60 24 [191]

93 1257 50 21 Hage,
156 1258 51 16 Ernst
222 1259 71 20 August,
307 1259 59 15 Förste
378 1257 100 17 bokhållare
491 1256 51 24 [605],

116 1282 11 15 f.
142 1280 27 21 76;
183 1282 22 15 24
218 1280 41 22 (adr.
273 1280 64 22 Luleå).

92 1304 71 20 Nilsson,
182 1306 38 15 Nils
239 1306 47 19 Erik,
306 1306 145 21 Hemmansägare
467 1304 51 22 [976],
532 1307 11 15 f.

117 1330 27 18 66;
158 1330 22 15 24
193 1328 42 21 (adr.
248 1328 77 21 Antnäs).

92 1352 66 19 Dahlén,
171 1354 51 20 Jonas
238 1354 60 19 Petter,
313 1354 128 19 Gruvarbetare,
455 1354 11 15 f.
480 1354 27 19 81;
521 1354 22 15 24

115 1374 42 22 (adr.
170 1375 77 22 Kiruna).

92 1399 97 21 Grapenson,
202 1401 49 16 Peter
261 1401 56 21 Jöran,
330 1401 124 16 Komminister
465 1399 52 23 [709],
532 1402 11 15 f.

117 1423 28 20 18;
160 1425 21 15 24
194 1422 41 22 (adr.
250 1423 97 21 Gällivare).

93 1447 79 21 Eövgren,
185 1449 54 15 Oscar
251 1449 86 19 Wilhelm,
353 1449 88 19 Arbetare,
455 1450 11 15 f.
479 1449 28 19 88;
521 1449 21 16 24

116 1470 41 21 (adr.
171 1470 83 23 Nyborg).

563 107 91 20 Hedström,
679 109 66 21 August
769 109 75 19 Helmer,
870 109 145 21 Hemmansägare

587 130 51 23 [976],
652 133 11 15 f.
677 132 27 19 73;
718 133 22 15 24
753 130 41 22 (adr.
811 131 90 21 Gäddvik).

563 155 109 20 Samuelsson,
685 157 55 20 Bengt
753 157 64 15 Robert
829 157 87 19 Wilhelm,
930 157 84 15 Lokomo-

587 180 83 19 tivförare,
686 181 11 15 f.
711 180 27 19 86;
752 181 22 15 24
787 179 41 21 (adr.
842 179 64 21 Luleå).

564 243 60 24 [192]

563 274 140 28 Avlönings=
731 275 46 21 och
802 274 213 27 pensionsbestäm-

563 304 83 22 melser
668 304 38 22 för
724 304 231 27 befattningshavare
973 304 42 22 vid

670 334 149 27 Riksdagens
834 334 66 22 verk.

581 370 164 16 Avlöningsreglemente
755 371 16 12 är
779 374 19 9 av
806 370 76 16 riksdagen
892 371 59 15 antaget
960 370 27 13 den
998 370 16 12 18

563 388 31 16 juni
602 392 33 11 1921
644 388 95 16 (Riksdagens
746 388 67 13 skrivelse
820 392 17 8 nr
845 388 36 16 384).

581 406 45 12 Detta
636 406 163 16 avlöningsreglemente,
810 410 31 9 som
850 406 5 12 i
864 407 37 12 stort
910 407 29 11 sett
948 407 66 11 överens-

563 425 69 11 stämmer
637 424 33 12 med
676 424 167 15 avlöningsreglementet
849 424 23 12 för
878 424 136 15 statsdepartement

563 445 19 9 m.
588 441 15 13 fl.
609 441 39 16 verk,
655 441 85 13 tillhörande
745 441 27 13 den
778 441 42 13 civila
825 441 148 16 statsförvaltningen,
979 441 36 13 skall

563 460 27 15 äga
598 459 91 16 tillämpning
696 459 8 13 å
713 460 87 15 tjänstemän
808 459 24 13 vid
840 459 91 16 riksbanken,
939 459 76 15 riksgälds-

563 477 71 15 kontoret,
642 477 83 16 riksdagens
733 477 31 15 hus,
772 477 150 15 riksdagsbiblioteket
929 478 38 12 samt
974 476 41 16 justi-

564 495 24 12 tie-
598 495 27 12 och
634 494 275 17 militieombudsmansexpeditionerna.

581 512 74 13 Ordinarie
669 513 87 16 tjänstemän
771 512 67 13 tillsättas
852 512 30 13 dels
896 516 51 12 genom
960 512 55 13 förord-

565 530 52 16 nande,
626 530 30 13 dels
664 534 51 12 genom
723 530 67 13 fullmakt
799 530 33 13 eller
840 530 114 13 konstitutorial.

582 548 27 13 För
617 548 62 16 följande
687 548 103 16 befattningar,
798 548 46 13 vilkas
852 548 87 13 innehavare
947 548 68 13 tillsättas

563 570 51 12 genom
621 566 96 13 förordnande
724 566 19 16 på
750 566 29 13 viss
787 566 25 16 tid,
820 566 43 16 utgår
870 566 52 16 arvode,
931 566 22 13 för
960 566 16 13 år
983 566 32 13 räk-

563 585 31 15 nat,
603 584 33 12 med
644 584 111 13 nedannämnda
764 584 57 16 belopp:

563 607 106 13 verkställande
689 607 124 16 styrelseledamot
833 607 25 13 vid
879 607 35 13 riks-

581 626 64 12 bankens
664 625 136 16 avdelningskontor
818 625 5 13 i
842 626 73 16 Göteborg

581 643 34 13 eller
624 643 53 13 Malmö

563 661 105 13 verkställande
686 661 123 16 styrelseledamot
826 661 25 13 vid
869 662 45 12 annat

581 679 93 13 riksbankens
685 679 136 16 avdelningskontor

933 646 49 13 15,000
993 643 22 13 kr.

933 683 50 12 12,000
1001 683 5 8 »

581 709 28 12 För
618 708 192 17 byråchefsbefattningarna
818 709 26 12 vid
852 708 61 17 justitie-
922 709 27 12 och
958 708 56 13 militie-

563 727 224 16 ombudsmansexpeditionerna,
796 727 46 12 vilkas
851 727 87 12 innehavare
947 726 68 13 tillsättas

564 748 50 12 genom
621 744 96 13 förordnande
725 745 28 12 tills
760 744 54 16 vidare,
822 744 42 16 utgår
870 745 53 15 arvode,
931 744 22 13 för
960 744 16 13 år
983 744 32 13 räk-

563 763 30 15 nat,
603 763 33 12 med
644 762 37 16 lägst
692 766 49 12 10,500
750 762 52 13 kronor
811 763 27 12 och
847 763 42 15 högst
899 766 49 12 11,940
957 762 58 13 kronor.

581 780 98 16 Tjänstemän,
688 784 30 9 som
728 780 67 13 tillsättas
803 784 51 12 genom
863 780 67 13 fullmakt
938 780 34 13 eller
980 780 35 13 kon-

563 798 83 16 stitutorial,
657 799 25 12 äro
692 798 72 13 fördelade
774 798 19 16 på
803 802 17 12 30
830 798 88 16 lönegrader.

582 816 6 13 I
601 816 115 13 statskalendern
729 817 24 12 äro
766 817 74 15 upptagna
853 816 117 16 tjänstemännen
982 815 32 13 från

563 834 27 13 och
599 834 33 12 med
643 834 39 13 16:de
692 834 90 15 lönegraden.

580 852 28 12 Till
615 852 18 12 de
640 852 70 13 särskilda
717 852 103 16 lönegraderna
827 852 72 12 hänföras:

581 870 28 12 Vid
618 869 87 14 riksbanken:
738 870 18 12 16:de
765 870 90 16 lönegraden:
865 870 38 12 vissa
913 869 102 13 kammarskri-

563 892 38 11 vare;
611 888 45 15 17:de:
665 888 60 12 kanslist
733 888 27 12 och
769 888 38 12 vissa
816 887 130 13 kammarskrivare
955 887 25 13 vid
989 888 26 12 hu-

563 905 97 13 vudkontoret
670 907 38 11 samt
718 905 5 13 i
733 906 73 15 Göteborg
816 906 27 12 och
854 905 57 16 Malmö;
923 905 44 13 18:de:
978 905 35 16 regi-

562 924 70 12 stratorer
652 923 25 13 vid
689 923 154 16 avdelningskontoren
856 924 41 12 utom
907 923 72 16 Göteborg
988 923 27 13 och

563 941 57 16 Malmö;
633 941 45 13 20:de:
691 941 65 13 kassörer
768 941 24 13 vid
805 945 55 9 samma
872 941 142 16 avdelningskontor;

563 959 53 13 22:dra:
627 959 69 16 aktuarie,
707 959 93 16 kontrollant,
810 959 75 16 arkivarie,
896 959 88 16 registrator,
994 962 21 10 re-

574 977 32 16 isor,
614 977 54 16 kassör,
676 977 98 13 föreståndare
782 977 22 13 för
812 977 112 16 sedelräknings-
932 977 27 13 och
966 978 49 14 mynt-

562 995 185 16 räkningsavdelningarna,
759 995 113 16 korrespondent
883 996 38 12 samt
932 994 83 14 bokhållare

562 1013 25 12 vid
595 1013 118 13 huvudkontoret
721 1014 68 12 ävensom
797 1013 58 15 revisor,
863 1013 89 15 registrator,
960 1013 55 12 korres-

563 1031 68 16 pondent,
641 1031 49 13 kassör
700 1031 26 13 och
736 1030 82 14 bokhållare
827 1031 5 12 i
842 1031 73 15 Göteborg
924 1031 26 12 och
960 1030 54 13 Malmö

562 1050 38 12 samt
617 1049 81 12 kamrerare
714 1049 25 12 vid
756 1049 37 13 vissa
810 1048 142 16 avdelningskontor;
969 1048 45 16 24:de:

562 1067 38 12 vissa
608 1067 81 12 kamrerare
696 1067 25 12 vid
729 1067 118 12 huvudkontoret
855 1068 38 11 samt
901 1066 82 13 kamrerare
990 1066 25 13 vid

563 1084 37 13 vissa
615 1084 141 16 avdelningskontor;
771 1085 42 12 26:te:
828 1085 92 15 sekreterare,
935 1084 81 13 statistiker

562 1102 26 13 och
600 1102 38 13 vissa
649 1102 81 13 kamrerare
740 1102 25 13 vid
776 1102 118 13 huvudkontoret
905 1103 39 12 samt
958 1102 55 13 kamre-

562 1124 32 9 rare
606 1120 5 13 i
624 1120 72 16 Göteborg
708 1120 27 13 och
748 1120 57 16 Malmö;
820 1120 32 16 30:de:
878 1120 136 13 bankosekreterare

562 1138 27 13 och
601 1138 95 13 ombudsman
709 1139 38 12 samt
760 1138 147 13 bankokommissarie
919 1138 25 13 vid
957 1138 56 13 huvud-

562 1156 72 13 kontoret.

580 1174 28 12 Vid
618 1173 132 16 riksgäldskontoret:
762 1173 39 13 16:de
812 1173 33 13 eller
857 1174 40 15 17:de
907 1173 107 16 lönegraderna:

563 1192 133 15 kammarskrivare;
705 1192 54 13 22:dra:
767 1191 60 16 notarie,
837 1191 54 16 kassör,
900 1191 80 13 statistiker
988 1191 26 13 och

562 1209 83 13 bokhållare
655 1211 38 11 samt
702 1209 60 16 revisor;
773 1213 7 9 26:te:
825 1209 88 13 sekreterare
922 1209 27 13 och
960 1209 55 13 kamre-

562 1231 36 12 rare;
605 1228 45 15 27:de:
656 1227 45 13 förste
707 1228 59 15 revisor;
773 1231 44 12 30:de:
824 1227 158 16 riksgäldssekreterare
988 1227 26 13 och

562 1246 95 12 ombudsman
668 1247 38 11 samt
717 1245 173 16 riksgäldskommissarie.

581 1263 27 13 Vid
619 1263 141 16 riksdagsbiblioteket:
773 1265 45 11 21:sta
829 1263 86 16 lönegraden:
923 1253 30 33 2:e
964 1263 50 13 biblio-

563 1281 45 13 tekarie;
630 1285 7 9 26:te:
681 1285 21 9 1:e
710 1281 90 13 bibliotekarie;
831 1281 36 13 30:de:
876 1281 138 13 överbibliotekarie,

581 1299 27 13 Vid
619 1299 249 16 justitieombudsmansexpeditionen:
877 1300 38 12 26:te
923 1299 90 15 lönegraden:

563 1317 92 13 sekreterare.

581 1335 27 13 Vid
618 1334 246 17 militieombudsmansexpeditionen:
875 1335 46 16 24:de:
931 1334 83 17 byråinten-

562 1353 40 12 dent.

581 1371 22 12 Av
608 1370 18 13 de
630 1370 26 13 här
661 1371 74 15 upptagna
740 1370 102 16 lönegraderna
847 1370 62 13 omfatta
914 1370 40 16 grad.
961 1370 53 16 16—19

562 1388 29 13 fem
597 1388 27 13 och
630 1388 40 16 grad.
677 1392 54 12 20—30
737 1388 32 16 fyra
776 1388 90 13 löneklasser.
883 1388 104 16 Uppflyttning
993 1388 22 13 till

562 1406 43 16 högre
615 1406 70 13 löneklass
694 1406 39 13 inom
742 1406 107 12 vederbörande
858 1406 68 16 lönegrad
935 1406 32 13 sker
976 1406 5 12 i
990 1405 25 13 all-

562 1424 59 13 mänhet
636 1424 36 12 efter
686 1424 25 12 det
725 1424 153 15 befattningshavaren
893 1423 55 13 tillhört
958 1427 56 9 samma

563 1442 69 12 löneklass
639 1445 7 12 3
654 1441 20 14 år.
690 1442 32 12 Med
728 1442 56 16 hänsyn
791 1441 22 13 till
819 1441 156 13 levnadskostnaderna
982 1441 8 13 å
997 1442 17 12 de

562 1461 43 14 orter,
614 1460 26 12 där
650 1459 116 17 tjänstemännen
775 1460 25 12 äro
809 1459 79 16 placerade,
898 1459 69 17 uppdelas
976 1459 38 13 löne-

563 1477 71 13 klasserna
645 1477 4 13 i
659 1480 8 13 7
677 1479 93 14 ortsgrupper
780 1477 60 16 (A—G).

536 1520 33 16 150
